1934 3284
321 169 352 209 nn
367 151 432 210 nmio
447 170 568 211 omunia.
799 163 845 212 iet

54 249 161 298 vinnm.»
180 249 222 300 Sed
237 249 315 297 uinum
327 249 427 312 pertinet
441 249 469 299 ad
483 250 656 302 delectationem
670 249 716 301 cibi
729 255 754 302 ct
765 251 843 316 potus,

54 321 109 384 lingo
122 320 216 370 circaea
227 319 325 370 maxime
337 321 426 372 uidetur
439 321 528 370 luxuria
542 335 603 372 esse.

85 395 105 440 3.
118 393 227 442 Preieren
234 429 242 456 ,
254 392 341 440 luxuria
353 392 435 441 dicitur
446 406 496 442 esse
510 393 634 444 libidinosae
647 393 768 458 uoluptatis
778 406 847 458 appo·

55 462 115 512 iiius.
129 462 172 512 Sed
189 461 305 512 libidinose
322 463 426 527 voluptas
440 477 486 513 nou
500 462 572 514 solium
591 469 625 514 est
643 465 666 514 in
681 465 796 526 venereis,
807 465 846 516 sed

53 535 117 585 etiam
136 533 159 584 in
177 534 254 584 inultis
268 534 326 584 aliis.
342 535 399 600 Ergo
417 536 506 585 luxuria
520 548 567 586 nou
585 541 620 586 est
634 535 707 587 solium
720 536 780 587 circa
793 549 845 587 con·

53 599 201 670 cupisceutins
215 610 237 656 et
250 607 378 669 uoluptates
393 621 511 658 venereas.

83 676 124 726 Sed
134 681 211 726 contra
222 681 265 736 est,
272 675 330 740 quiid
339 678 421 728 dicilur
428 678 450 727 in
458 677 498 728 lio.
507 687 602 729 venero
611 679 733 743 relr'pa'one
741 677 802 744 (cap.
810 678 846 743 3),

52 748 187 798 luxuriosis:
200 765 213 795 ιι
222 748 264 807 Qui
279 749 375 798 seminat
388 749 411 799 iu
426 762 508 813 carne,
520 752 548 801 de
562 764 628 801 carne
643 754 713 800 metet
723 749 848 814 corruptio·

54 832 114 868 nem.
128 834 141 865 n
153 819 196 869 Sed
206 820 327 869 seminatio
341 821 415 871 carnis
427 821 452 870 iil
465 835 506 884 per
519 822 646 885 uoluptates
658 833 777 870 venereas.
788 822 846 884 Ergo

51 893 78 941 ad
93 893 134 941 lies
147 891 244 956 pertinet
259 892 354 943 lirrrrria.

83 965 91 1026 (
99 965 240 1016 Concessio.
256 991 286 1001 -
301 963 405 1016 Luxuriae
420 963 500 1015 vitium
515 964 576 1015 circa
593 964 721 1028 uoluptates
738 977 846 1016 venereas

52 1039 75 1086 et
87 1035 144 1084 circa
159 1049 235 1086 eanum
253 1036 397 1099 cupiditatem
413 1037 557 1100 potissimum
570 1034 704 1098 uersamr.)

82 1108 214 1172 despondeo
235 1109 369 1169 dicendum,
390 1108 450 1172 qued
471 1109 530 1158 sicut
550 1109 649 1158 isidorus
671 1107 726 1157 dicit
745 1107 768 1156 iu
790 1107 847 1160 libro

49 1181 147 1240 Etym„
160 1179 309 1228 teneriores
319 1179 400 1243 aliquis
411 1179 493 1230 dicitnr
504 1180 569 1243 quasi
579 1196 593 1225 ιι
604 1180 691 1228 solutus
704 1178 728 1228 in
742 1178 847 1242 volupia-

51 1257 86 1302 tes
96 1252 138 1315 (l).
149 1267 162 1298 n
176 1251 272 1301 Maxime
289 1257 362 1302 euntem
378 1252 508 1314 uoluptates
522 1263 623 1300 uenereae
638 1249 737 1298 anianum
749 1248 848 1299 hominis

48 1322 148 1373 solvunt.
160 1323 189 1372 Et
197 1322 248 1373 ideo
259 1323 316 1372 circe
327 1324 455 1387 uoluptates
467 1334 575 1372 venereas
585 1319 687 1370 maxime
698 1321 786 1370 luxuria
795 1334 847 1371 con·

48 1393 168 1444 sideraiur.

80 1463 115 1513 ed
129 1464 226 1528 primum
241 1477 293 1528 orgo
306 1465 438 1526 dicendum,
451 1464 510 1529 qued
525 1465 584 1515 sicut
597 1463 746 1528 temperantia
762 1462 849 1528 princi-

47 1535 130 1601 paliter
143 1535 234 1597 quiden
244 1541 266 1587 el
279 1536 370 1600 proprie
380 1541 415 1586 est
428 1537 486 1586 circa
499 1536 659 1586 delectationes
669 1534 743 1584 tanctds
752 1551 758 1598 3
768 1534 848 1584 dicitur

46 1613 124 1658 aulem
143 1619 170 1656 ex
182 1609 328 1671 consequenti
339 1615 361 1658 el
374 1621 414 1672 per
428 1608 601 1658 similitudinem
615 1607 734 1670 quomdam
744 1646 750 1666 ,
760 1608 783 1656 io
794 1605 845 1670 qoi-

46 1679 142 1730 busdam
160 1677 209 1728 eliis
224 1679 334 1742 meteriis,
355 1680 386 1729 itu
403 1681 469 1730 eiiam
484 1680 572 1729 luxuria
587 1678 742 1744 principaliter
756 1680 847 1741 quidem

46 1756 83 1803 est
92 1751 116 1799 iu
127 1750 279 1813 nolrnptatitus
288 1750 406 1813 venereis,
419 1765 469 1814 que
479 1750 576 1800 menime
588 1756 611 1800 et
622 1749 736 1813 precipue
747 1750 847 1799 animum

46 1823 150 1874 hominis
165 1823 292 1888 resoluunt3
307 1822 439 1874 secundarie
453 1827 529 1872 autem
540 1823 619 1872 dicitur
633 1821 657 1869 in
667 1822 846 1884 quibuscumque

44 1895 97 1946 eliis
108 1895 136 1943 ad
145 1907 261 1945 excessum
274 1894 448 1959 pertinentibus.
460 1894 523 1942 Unde
536 1893 571 1942 nd
582 1890 652 1943 Gai„
663 1892 691 1952 ll,
703 1892 758 1941 dicit
768 1893 848 1942 dlossa

46 1967 135 2033 (nctus
155 1966 289 2016 collateralis
304 1969 327 2016 et
346 1962 495 2014 interlinealis
512 1963 587 2025 noval
602 1962 662 2028 qued
683 1979 696 2009 ιι
707 1963 795 2012 luxuria
813 1966 849 2036 est¹

43 2037 157 2101 quelibet
167 2037 320 2101 superfluitas.
331 2054 344 2084 n

80 2113 114 2160 ed
124 2113 248 2162 secuudum
261 2112 392 2173 dicendum,
402 2109 463 2176 qued
473 2111 550 2160 uinum
563 2109 645 2160 dicitur
653 2123 695 2159 res
703 2109 847 2168 luxurioso,

42 2182 84 2234 uel
99 2183 224 2233 secundino
243 2185 303 2232 lruuc
322 2183 411 2232 modum
429 2195 474 2246 quo
496 2182 521 2232 iu
536 2182 636 2244 quolibet
649 2181 756 2241 materia,
774 2181 850 2231 aliun-

44 2255 128 2305 danlia
143 2256 171 2304 ad
189 2255 298 2305 luxurium
316 2255 424 2317 reicitur,
438 2254 476 2304 vel
489 2255 512 2303 iu
527 2258 637 2317 quantum
654 2254 780 2316 superfluus
795 2267 849 2303 usus

42 2327 96 2377 viui
110 2327 252 2377 incentivum
267 2326 375 2391 uoluptati
393 2340 495 2377 uencneae
508 2326 603 2390 possiet.

78 2399 114 2449 dd
128 2398 218 2463 tertium
230 2397 369 2462 dicendine,
383 2398 443 2462 qudd
460 2397 579 2447 libilioosa
589 2398 693 2461 uolupins
707 2396 749 2446 etsi
760 2396 784 2446 iu
798 2396 850 2448 allis

43 2470 153 2522 materiis
171 2469 269 2528 dicatur,
280 2473 357 2520 emen
377 2470 504 2535 specialiter
520 2472 563 2519 hoo
579 2483 661 2519 nornen
675 2468 719 2518 cilri
736 2467 850 2518 vindicant

43 2553 158 2594 venereae
173 2540 346 2601 delectationes3
358 2541 382 2590 in
400 2542 482 2605 quibus
496 2542 566 2591 etium
588 2539 716 2604 specialiter
733 2539 802 2590 libido
815 2538 850 2590 dl-

42 2615 118 2677 oitur,
136 2617 161 2662 ut
172 2611 308 2677 Augustinus
318 2613 371 2664 dicit
388 2612 412 2663 in
427 2615 487 2666 XlV.
503 2617 539 2665 De
550 2614 627 2665 civit.
643 2614 691 2663 Dei
701 2612 769 2677 (cap.
779 2615 809 2663 15
822 2624 850 2663 ac

42 2687 161 2749 deinceps
171 2685 191 2748 ),

79 2784 116 2850 (t)
134 2787 262 2833 Alludendo
280 2787 309 2832 ad
325 2782 430 2832 membro
442 2787 494 2830 toco
511 2788 588 2836 moto,
601 2799 653 2843 que
665 2787 728 2832 laneo
741 2796 850 2830 commu·

41 2854 110 2898 niter
123 2851 240 2906 dicuntur,
254 2855 278 2893 ut
292 2851 378 2895 ibidem
390 2848 516 2906 subjungit,
526 2861 607 2907 ncmpc
620 2851 660 2895 lilr.
675 2852 703 2896 X.
716 2848 850 2906 Elymnion.

41 2915 83 2962 uel
102 2913 219 2971 orinia..
232 2911 267 2960 lit.
282 2915 298 2958 11
311 2913 444 2960 indictione
460 2912 628 2960 cononicam.
