1934 3284
117 189 164 242 'loa
237 199 344 240 arcuum
359 195 487 251 mouson,
505 193 602 244 oonsr.
620 194 684 249 enm,
702 195 798 236 annu.

118 293 163 331 non
178 279 287 329 inseratur
301 277 409 328 uiolentia
425 278 536 341 :ruptus
551 273 934 336 autem,siinleratur.1lirersi·

119 353 216 400 ficantur
235 354 309 400 autern
327 349 376 400 istae
395 349 486 413 species
509 348 582 412 magis
603 362 631 399 ex
651 349 717 411 parte
736 347 847 398 ioeruiuae
863 346 934 410 qnam

118 421 161 470 riri
177 437 183 470 ε
197 422 247 484 quia
260 423 284 472 iu
298 425 349 471 actu
364 434 460 472 venereo
479 420 572 470 lomina
585 434 610 470 se
623 420 693 468 habet
707 419 767 468 sicut
780 420 895 482 paticus,
911 424 933 467 et

118 505 159 558 per
173 493 264 542 modum
274 492 423 554 materlae3vir
436 495 512 542 autem
521 505 562 557 per
570 491 661 541 modum
673 490 772 553 agentis.
786 491 887 540 ltrctum
897 495 931 540 est

120 567 195 613 autem
210 563 269 626 quod
284 565 397 628 predictae
408 564 498 629 species
510 561 636 614 secundum
649 561 804 612 differentiam
824 562 929 612 materia

118 635 271 698 assignantur.

152 709 184 756 ad
199 709 295 770 primum
316 721 369 770 ergo
382 707 517 770 dicendum,
533 706 592 771 qurod
609 707 720 771 predicta
734 706 869 756 diuersitas
884 720 932 754 ma·

119 775 184 828 teria
194 779 262 828 habet
271 791 382 828 annexam
395 778 549 829 diversitatem
562 779 678 828 formalem
693 777 794 841 obJecti,
804 793 863 840 quae
874 779 932 827 acci·

120 849 182 913 pitur
202 849 324 900 secuuddm
353 850 454 900 diuersos
479 851 558 900 modos
579 848 734 914 repugnanti-a
761 848 791 898 ad
812 851 932 900 rationem

121 925 221 983 rectam
237 925 261 970 ut
275 921 357 970 dictum
372 925 414 971 est.

155 995 189 1044 nd
203 993 325 1044 secundum
341 992 469 1051 dicendum,
484 990 543 1056 quod
556 991 613 1042 nilril
623 991 728 1056 prohibet
745 991 768 1039 iu
781 991 869 1042 eodem
881 996 931 1042 actu

123 1066 263 1116 diversorum
276 1064 380 1114 uitiorum
395 1063 552 1114 deformitates
563 1077 710 1129 concurrere,
721 1063 826 1128 utsupra
845 1065 932 1114 dictum

123 1141 158 1187 est
176 1137 223 1198 llt3
240 1141 262 1186 et
282 1137 325 1186 hoc
338 1137 404 1186 modo
423 1137 557 1186 adulterium
574 1136 703 1185 continetur
720 1136 763 1184 suli
779 1135 894 1198 luxuria,
910 1141 931 1186 et

124 1209 166 1257 sub
179 1207 299 1271 injustitia.
319 1209 365 1258 Nec
379 1207 512 1258 deformitas
524 1207 643 1271 injustitie
660 1207 753 1257 omuino
765 1220 808 1270 per
822 1208 931 1258 accidens

124 1293 148 1330 se
162 1281 230 1330 habet
243 1280 270 1329 ad
284 1280 405 1331 luxuriam.
419 1279 548 1330 ostenditur
560 1278 716 1328 enimlnxuriu
728 1279 829 1342 gravior,
840 1293 894 1342 quae
909 1279 931 1327 in

123 1356 211 1401 tantum
228 1351 433 1416 concupiscentiam
453 1351 555 1414 sequitur
574 1349 635 1416 quod
658 1351 728 1401 etiam
745 1351 769 1400 in
787 1351 930 1415 injustitiam

125 1423 201 1473 dunat.

158 1496 191 1544 ιιι
206 1494 297 1544 tertium
316 1493 451 1557 dicendum,
466 1495 527 1558 uudd
541 1494 622 1545 muilier
639 1509 727 1546 vorens
745 1493 928 1559 continentiam,

87 1569 90 1574 '
125 1567 237 1628 quoddam
252 1567 370 1630 spirituale
388 1565 556 1616 matrimonium
571 1567 625 1616 lacit
643 1581 694 1616 cum
706 1568 771 1616 Deo.
766 1583 771 1593 ·
785 1571 808 1616 et
821 1567 878 1618 ideo
891 1582 931 1618 sa-

126 1637 242 1700 crilegium
257 1639 317 1700 quod
335 1637 507 1688 committitur
501 1652 525 1686 m
541 1636 664 1688 uiolatione
685 1638 735 1688 talis
758 1637 880 1702 mulieris,
898 1645 931 1689 est

126 1710 238 1770 quoddam
250 1709 384 1760 adulterium
394 1709 520 1784 spirituale.
534 1711 562 1760 lit
575 1710 678 1760 similiter
688 1710 727 1759 alii
741 1707 803 1759 modi
813 1712 930 1775 sacrilegii

126 1781 172 1845 (ad
191 1782 308 1832 materiam
326 1769 468 1834 libidinosam
483 1783 641 1848 pertinentes)
663 1782 803 1832 reducuntur
823 1784 854 1833 ad
875 1784 929 1834 alias

124 1852 212 1916 species
233 1853 336 1906 luxuriae

159 1927 191 1976 nd
204 1931 308 1990 quartum
323 1927 459 1982 dicendum,
474 1925 534 1989 quod
549 1930 667 1990 peccatum
687 1939 729 1977 oon
728 1925 804 1990 jugati
821 1942 876 1978 cum
890 1943 928 1980 sua

127 2011 198 2049 uxore
214 2003 305 2049 nonest
320 1998 441 2049 secundum
453 1997 578 2048 indebitam
593 1999 724 2060 materiam,
741 2000 782 2048 sed
802 2001 926 2051 secunddn

128 2070 183 2120 alius
199 2071 379 2121 circumstantias
393 2083 444 2134 quse
458 2083 505 2121 non
520 2069 662 2120 constituunt
672 2071 773 2134 speciem
785 2072 880 2123 moralis
894 2087 928 2124 ac·

128 2141 175 2206 tlis,
190 2147 216 2192 ut
228 2143 312 2193 dictum
326 2148 368 2194 est.

160 2216 192 2264 rid
214 2215 317 2278 quintum
340 2215 475 2278 dicendum,
492 2213 553 2277 quod
574 2212 631 2264 sicut
652 2214 731 2264 Glossa
749 2212 806 2262 dicit
827 2215 925 2279 ibidem,

131 2286 296 2338 uirumund'rtia
310 2287 402 2352 ponitur
415 2299 454 2351 pro
465 2287 556 2336 luxuria
567 2293 644 2337 contra
659 2292 775 2349 naturam3
786 2287 926 2351 impudicitia

128 2366 206 2410 annm
218 2365 253 2410 est
267 2375 316 2424 quae
330 2361 418 2410 iteum
432 2359 510 2408 liberis
525 2358 538 2408 a
551 2358 616 2421 riro;
628 2375 642 2406 u
659 2360 718 2408 unde
733 2357 822 2407 uidetur
835 2361 862 2410 ad
876 2366 925 2411 stu-

128 2443 196 2496 prum
209 2433 329 2496 pertinere.
343 2431 385 2482 Vel
402 2429 469 2480 etiam
489 2435 566 2494 potest
584 2429 632 2480 dici
646 2428 707 2495 quod
717 2428 861 2492 impudicitia
874 2447 925 2497 per-

129 2503 189 2554 tinet
202 2505 230 2553 ad
248 2504 354 2566 quosdam
368 2507 431 2552 actus
447 2502 620 2552 circumstantes
632 2506 705 2552 actum
717 2514 857 2568 venereum
870 2505 923 2554 sicut

34 2621 35 2638 p
133 2580 185 2624 sunt
200 2576 292 2635 oscula,
311 2579 392 2634 tactus,
406 2578 430 2624 et
447 2573 491 2622 alia
504 2573 641 2636 hujusmodi.

162 2647 196 2696 ud
217 2653 306 2696 sentum
325 2645 460 2710 dicendum,
475 2645 536 2710 quod
555 2646 646 2695 luxuria
665 2646 762 2695 sumitur
783 2645 868 2698 ibidem
886 2659 922 2712 pro

130 2727 269 2778 quacumque
283 2717 452 2781 superduitnte3
463 2721 490 2766 nt
499 2718 579 2768 Glossa
591 2717 677 2766 ibidem
691 2716 754 2766 dicit.

165 2865 198 2927 (lt
212 2867 298 2924 Nempe
311 2869 340 2927 l,
352 2869 379 2929 Ξ,
394 2883 433 2927 qu.
445 2868 483 2929 ts,
499 2877 543 2916 art.
556 2869 580 2929 ⁸1,
592 2872 632 2916 ubi
643 2871 726 2916 dicitur
737 2871 817 2919 iurans
830 2880 855 2918 ut
865 2887 914 2918 mn-

131 2927 224 2988 otetur,
238 2929 313 2974 duas'
307 2943 332 2976 ru
345 2944 392 2976 uno
403 2939 456 2978 actu
467 2934 568 2980 malitias
579 2935 738 2980 committere·
751 2948 822 2981 unam
834 2937 914 2982 rationu
