1934 3284
131 184 178 240 itu
264 197 373 238 sncnror
390 195 518 250 escoron,
531 197 625 246 onnon
643 191 671 250 e,
687 196 743 239 mr.
757 199 792 239 m.

131 277 208 342 dedit,
229 275 282 326 licit
300 274 357 326 elius
375 275 458 341 injusti
480 276 591 327 detinent.
609 275 633 326 Si
653 274 710 328 uero
729 275 934 340 stremonium,

130 348 183 414 quie
196 345 292 398 contidit
306 347 407 400 ordinem
419 348 551 410 simoniace,
562 348 599 399 rel
607 347 662 412 quie
672 347 733 398 dedit
746 346 784 397 net
795 347 883 413 recepit
891 349 937 400 be-

131 419 237 471 neficium
249 418 387 482 simoniaco,
400 421 438 470 vet
450 419 494 470 fuit
507 419 618 471 mediator
632 418 751 482 simonio,
767 419 787 470 si
800 423 836 470 est
852 420 935 484 pubii-

130 504 195 551 cum,
208 494 244 540 est
260 491 310 555 ipso
325 492 376 556 jure
390 504 517 556 suspensus
531 495 555 542 et
565 491 640 554 quoad
655 502 681 540 se
698 494 723 541 et
738 491 812 553 quoad
821 490 895 555 etios3
913 493 936 542 si

130 567 207 612 eutem
221 565 256 612 est
266 561 388 626 occuitum,
401 567 437 616 est
446 575 571 628 suspensus
583 562 636 626 ipso
645 561 698 625 juro
707 561 782 626 quood
791 575 816 612 se
828 561 936 628 mudum,

132 645 177 683 non
192 635 267 682 autem
281 633 355 696 quoad
367 633 430 686 elios.

162 703 195 754 id
209 705 333 756 seeundum
345 704 462 758 dicendum
472 743 479 766 ,
489 704 550 770 qnod
559 718 602 756 neo
615 709 706 770 propter
716 708 854 768 prmceptum
869 706 934 770 ejus,

132 789 175 826 nec
189 775 257 826 etium
270 779 362 842 propter
378 777 632 830 excommunicationem
646 777 714 831 debet
732 776 814 839 aliquis
829 776 937 841 recipere

131 845 295 897 ordinationem
309 848 337 898 ab
350 849 456 912 episcopo
474 861 542 910 quem
554 847 597 898 scit
610 845 736 898 simoniace
748 851 893 912 promotum,
909 854 937 901 et

132 917 152 966 si
159 917 283 980 ordinetur,
292 931 338 970 nou
351 918 432 984 recipit
443 918 529 970 ordinis
540 918 704 983 executionem,
712 918 801 970 etiarnsi
815 919 935 984 ignoraret

133 1001 184 1038 enm
202 1003 254 1041 esse
275 991 440 1056 simoniacum,
457 993 498 1042 sed
518 991 605 1056 indiget
620 989 798 1055 dispensatione.
820 993 935 1048 Quemvis

133 1060 224 1124 quidun
237 1063 312 1114 dicent
328 1062 387 1128 qndd
401 1062 421 1112 si
433 1077 481 1114 non
495 1066 572 1128 potest
585 1064 680 1128 protere
694 1074 746 1114 oum
759 1074 812 1112 esse
823 1060 936 1114 simonia-

133 1145 199 1195 cum,
215 1133 282 1184 debet
294 1134 385 1185 obedire
399 1134 528 1200 recipiendo
539 1135 656 1196 ordinem,
668 1135 708 1185 sed
719 1147 766 1186 non
773 1134 841 1186 debet
851 1137 938 1199 aeunni

135 1203 183 1256 sine
193 1205 368 1268 dispensatione.
377 1207 421 1257 Sed
431 1207 476 1256 hoc
486 1207 570 1272 absque
582 1207 668 1258 ratione
679 1206 760 1257 dicitm
773 1222 779 1257 :
792 1206 935 1270 quianullus

134 1275 200 1326 debet
215 1276 306 1326 obedire
321 1277 389 1328 elicui
407 1277 436 1328 ad
455 1277 667 1330 communicandum
686 1277 709 1328 ei
722 1276 746 1327 in
761 1276 821 1330 tecto
835 1277 934 1342 illicito;

133 1347 171 1396 itte
187 1351 260 1398 entem
275 1349 314 1412 qui
331 1353 366 1400 est
380 1351 431 1414 ipso
447 1350 498 1414 jure
515 1363 641 1414 suspensus
658 1354 682 1402 et
695 1350 769 1413 pnoud
782 1363 807 1401 se
820 1354 845 1400 et
857 1352 937 1414 qnoed

134 1417 205 1482 elios,
226 1417 305 1470 illicite
321 1420 408 1472 content
421 1421 536 1484 ordinem,
550 1422 610 1472 unde
625 1422 702 1472 nuilus
715 1419 782 1472 debet
796 1421 819 1471 ei
832 1434 938 1471 commu-

133 1487 221 1552 nic-ere,
236 1490 365 1556 recipiendo
376 1493 405 1544 ab
416 1506 443 1544 eo
453 1506 596 1558 quacumque
606 1505 636 1543 er
644 1505 721 1547 muse.
732 1491 757 1542 Si
765 1496 843 1545 antem
854 1491 877 1542 ei
886 1505 936 1543 non

134 1564 239 1623 constat,
254 1575 299 1613 non
314 1564 380 1615 debet
393 1565 484 1616 credere
494 1569 608 1630 peceatum
619 1565 722 1627 ulterius,
734 1563 797 1614 etita
807 1576 859 1614 cum
871 1563 938 1616 boue

134 1632 272 1683 couscientia
282 1635 349 1686 debet
366 1636 395 1686 ab
410 1649 437 1687 eo
451 1637 555 1688 ordinem
563 1635 674 1700 recipere.
688 1635 798 1686 Sinum
811 1635 937 1700 epismrpus

135 1703 165 1754 sit
177 1703 314 1756 simoniacus
326 1707 401 1770 utiquo
413 1709 458 1760 etio
476 1709 544 1759 modo
559 1707 627 1773 quim
637 1721 678 1772 per
690 1707 856 1771 promotionem
866 1721 937 1757 suem

136 1773 256 1828 etmonieo'e
270 1778 365 1844 tactum,
380 1781 456 1843 potest
469 1779 498 1830 nb
509 1792 537 1831 eo
548 1779 649 1830 ordinem
659 1777 768 1842 recipere,
780 1778 802 1828 si
814 1777 847 1828 sit
858 1779 937 1828 creut-

135 1849 201 1910 tum,
216 1848 269 1911 quia
287 1862 333 1901 non
351 1853 385 1902 est
397 1863 522 1914 suspensus
537 1852 611 1915 quoad
626 1850 697 1913 ulios,
712 1850 751 1900 sed
770 1848 843 1902 sotim
859 1849 938 1912 quoad

136 1917 249 1982 seipsum,
265 1923 290 1970 ut
303 1921 387 1972 dictum
397 1926 442 1973 est.
867 1919 872 1929 ’

167 1991 201 2040 dd
217 1990 307 2040 tertium
326 1992 460 2056 dicendum,
473 1993 535 2057 qudd
551 1994 596 2044 troc
614 1993 674 2058 qnod
693 1993 776 2057 uliquis
788 1992 891 2056 privetur
906 2005 939 2044 eo

136 2061 196 2123 quod
209 2061 310 2126 accepit,
325 2077 371 2114 non
386 2063 458 2116 solim
475 2069 512 2118 est
525 2079 593 2130 poenu
605 2063 708 2130 peceati,
721 2066 762 2116 sed
778 2063 846 2115 etium
863 2079 940 2128 quen-

137 2133 211 2196 doque
224 2137 261 2184 cst
271 2134 367 2186 etiectus
377 2137 531 2200 acquisitionis
541 2137 644 2202 injuste,
652 2136 707 2200 putd
718 2135 772 2188 cim
784 2135 868 2200 uliquis
879 2136 940 2188 emit

136 2217 185 2254 rem
197 2205 295 2269 aliquam
307 2207 335 2258 ab
350 2221 377 2259 eo
386 2209 426 2273 qui
438 2210 537 2260 rendere
548 2221 594 2260 non
603 2212 689 2272 potest.
699 2209 729 2258 tit
741 2208 807 2269 ideo,
820 2206 842 2258 si
854 2208 941 2272 aliquis

136 2275 234 2326 scienter
244 2280 266 2326 et
278 2277 368 2342 propria
377 2283 457 2343 sponte
466 2278 589 2330 simoniace
599 2279 695 2344 accipiat
704 2279 806 2330 ordinem
817 2279 855 2330 nel
863 2280 940 2332 eucle-

136 2347 251 2400 siustieum
264 2349 408 2414 beneficium,
420 2365 465 2402 non
476 2351 550 2402 sotium
567 2350 670 2416 privetur
680 2364 708 2402 eo
719 2351 779 2415 quod
789 2349 897 2414 accepit,
911 2354 941 2400 ut

137 2416 225 2468 scilicet
239 2425 313 2472 cenent
326 2422 458 2474 executione
473 2422 567 2486 ordinis,
580 2427 605 2473 et
620 2421 756 2474 beneficium
769 2421 872 2484 resignet
885 2435 939 2472 cum

137 2488 248 2540 fructibus
258 2490 311 2542 iude
323 2493 445 2557 perceptis,
464 2493 587 2545 sedetiam
602 2493 697 2545 utteriirs
706 2492 809 2556 punitur,
825 2493 883 2557 quin
895 2507 941 2544 no·

137 2562 197 2610 tetur
211 2560 318 2625 intumit,
334 2568 359 2614 nt
372 2563 455 2619 dicitur
467 2579 518 2630 cap.
532 2567 564 2616 Si
581 2568 640 2630 quis
652 2564 813 2631 prebendas,
827 2563 906 2614 camd
920 2567 939 2627 l,

137 2643 177 2694 qu.
190 2636 213 2680 3.
229 2633 257 2682 Et
267 2637 358 2684 tenetur
367 2636 395 2686 ud
404 2636 650 2688 restituendosiructus
659 2652 706 2688 nou
719 2635 792 2688 sotium
805 2642 940 2700 perceptos,

137 2703 178 2752 sed
200 2703 268 2752 etiam
286 2716 325 2754 eos
347 2707 385 2769 qui
403 2708 491 2772 percipi
513 2708 664 2772 potnerunti
683 2721 815 2774 possessore
832 2707 943 2770 ditigemi

141 2773 212 2838 (quod
225 2777 301 2824 tamen
319 2774 488 2841 intelligendum
505 2783 540 2830 est
550 2781 578 2832 de
588 2780 698 2830 tructmns
708 2779 749 2844 qui
761 2783 886 2844 supersunt
902 2781 944 2830 de·

138 2845 211 2895 ductis
221 2847 328 2910 expensis
340 2847 406 2900 iactis
420 2849 487 2902 ceusd
500 2851 614 2902 fructuum
623 2851 750 2916 ),erceptis
764 2851 875 2903 incubus
892 2853 944 2902 iilis

139 2916 177 2988 qui
190 2917 247 2970 eliis
257 2920 353 2986 expensi
367 2924 419 2972 sunt
432 2923 457 2974 in
473 2922 595 2976 utilitatem
607 2923 723 2977 Ecdesire.
743 2924 769 2976 Si
785 2923 839 2978 nord
851 2937 885 2978 eo
898 2939 945 2978 nec
