1934 3284
116 130 163 198 stt
218 135 329 178 neurus
342 134 470 186 εεεεεει,
483 133 575 182 oum.
589 132 667 184 cam,
682 132 741 176 aar.
757 135 815 176 vui.

327 279 331 286 ⁵
400 294 562 368 iuuencos
571 315 629 368 vui.

218 454 303 502 Uiritus
315 453 426 512 superbla
440 451 523 499 delleut
537 453 593 510 porri
607 452 694 498 vitium
703 455 821 511 capitote.

148 585 180 635 ld
198 586 303 634 octavum
317 583 351 633 sic
372 581 510 646 proceditur.
529 579 621 633 Videtur
638 579 700 644 pudd
713 582 826 646 superbia
843 585 923 638 dunen

116 657 172 723 poni
192 655 271 706 udum
285 650 390 720 c'apitalc.
406 653 506 713 isidorus
518 651 580 704 euim
599 655 624 704 el
642 653 768 706 Gusiauua
786 663 924 710 enumerent

117 728 245 793 superbiam
260 728 320 777 inter
338 727 395 775 uilia
408 724 522 788 capitalia.
953 735 954 800 p

148 806 173 852 a.
182 803 308 863 'preterea
323 797 428 862 superbia
439 796 529 847 videtur
539 809 592 848 esse
602 795 663 848 idem
674 796 749 848 inanis
762 797 862 861 glorlae3
874 801 923 863 quir
953 801 954 864 ᾗ

117 877 213 937 utraque
225 870 384 923 eccellentiam
398 869 488 933 querit.
503 869 545 920 Sed
557 867 631 919 inauris
641 868 713 932 gloria
727 871 827 932 ponitur
840 871 922 924 vilium

118 946 221 1010 capitale.
238 945 296 1008 Ergo
310 941 414 1006 superbia
426 941 494 992 debet
506 940 650 1004 penicillum
665 941 774 1005 capitale..

150 1019 274 1076 praterea,
289 1018 426 1078 Augustinus
435 1013 492 1064 dicit
501 1013 524 1064 iu
535 1011 574 1064 lib.
586 1013 622 1062 De
630 1015 784 1078 otrpiottore
796 1015 865 1080 (cap.
878 1016 923 1078 all,
953 999 954 1072 l

119 1087 180 1153 quod
194 1105 207 1136 u
220 1086 324 1151 surperbia
340 1084 448 1134 inuidiam
461 1085 534 1148 partt,
545 1097 587 1134 nec
600 1098 698 1147 uuquam
712 1088 748 1136 est
762 1085 815 1136 siue
834 1089 878 1138 tali
890 1101 925 1138 co

120 1159 183 1210 mite.
198 1159 268 1210 »Sed
282 1157 369 1208 inuidia
379 1155 470 1220 ponitur
484 1155 564 1206 vidum
576 1156 685 1220 capitale,
696 1160 724 1206 ut
736 1171 808 1222 supro
823 1159 924 1210 habiturn
953 1181 954 1238 l

953 1239 954 1264 r

120 1235 157 1283 est
166 1231 222 1295 (qu.
238 1235 275 1280 ³6.
291 1225 336 1279 nrt.
349 1227 389 1292 t).
404 1229 463 1289 lirpo
474 1226 546 1281 multd
560 1227 632 1290 nugis
646 1229 761 1292 superbie.
953 1267 954 1292 p

151 1302 197 1354 Sed
214 1306 293 1353 contra
305 1304 354 1362 est,
369 1301 429 1362 quod
444 1299 568 1362 Gregorius
589 1299 667 1350 XXXI.
686 1301 777 1352 Merui.
795 1302 869 1368 (cap.
888 1309 923 1366 ιι,
953 1299 954 1324 ³

121 1373 159 1424 rel
182 1375 209 1421 tlt
219 1373 237 1437 l,
251 1386 297 1424 uon
313 1374 431 1425 enumerat
444 1369 573 1434 superbiam
587 1369 649 1420 inter
660 1371 715 1422 vilia
725 1373 845 1436 capitalia.

155 1446 317 1508 (Conclusio.
325 1470 356 1481 -
364 1442 474 1506 Superbia
483 1455 529 1492 uuo
538 1443 604 1492 urodo
612 1441 768 1505 considerata,
779 1448 817 1496 est
827 1447 927 1512 capitale

122 1516 214 1579 uitium3
225 1516 270 1565 atio
280 1519 354 1565 uuum
366 1512 595 1576 modoconsiderala,
605 1514 682 1578 potilrs
695 1517 801 1566 omnium
814 1517 923 1571 viliorun

121 1588 199 1651 ragina
216 1591 240 1636 et
253 1590 405 1648 materonum
418 1585 516 1649 capitale
530 1585 610 1636 vitium
623 1591 657 1638 est
671 1587 795 1645 dicenda.)

154 1659 288 1722 despondeo
305 1659 445 1720 dicendum,
467 1657 529 1721 quod
552 1658 611 1708 sicul
631 1671 661 1709 ex
680 1673 748 1724 supra
767 1661 840 1712 dictis
865 1668 926 1728 patet

125 1730 183 1796 (art.
198 1734 214 1780 2
227 1735 250 1782 et
260 1734 303 1780 art.
319 1731 362 1792 tl,
373 1729 478 1793 superbia
486 1729 608 1793 dupliciter
619 1731 757 1782 considerari
769 1737 869 1796 potest:
883 1748 924 1786 uuo

15 1786 22 1868 l
124 1803 190 1856 modo
204 1800 327 1853 secuudum
344 1815 382 1861 se,
397 1805 464 1866 proin
478 1801 566 1852 scilieet
582 1807 617 1855 cst
630 1803 740 1867 quoddam
755 1797 860 1868 speeiute
876 1819 925 1870 pec-

125 1879 212 1938 catum3
223 1875 268 1925 alio
276 1875 354 1935 modo,
363 1872 552 1936 secundumqudd
562 1875 629 1924 habel
639 1876 758 1938 quamdam
769 1877 923 1930 universatem

19 1946 20 1961 ¹
125 1946 265 1998 iutlneuliaur
277 1947 302 1996 iu
318 1946 394 1996 omnia
405 1949 506 2009 peccata.
521 1945 630 2010 Capitalia
646 1951 721 1998 autem
738 1945 794 1998 vilia
809 1956 926 2014 pouunln

80 2019 112 2077 J
126 2031 176 2070 esse
190 2020 291 2083 qondam
305 2016 410 2082 specialia
420 2021 513 2081 peccata
527 2030 554 2067 er
566 2017 647 2081 quibus
661 2017 731 2068 multa
745 2033 831 2082 genera
847 2036 924 2086 pecea-

127 2093 200 2144 lorum
215 2091 318 2141 oriuntur
335 2095 376 2140 :el
385 2089 437 2140 iden
449 2090 540 2151 quidam
559 2090 728 2141 considerantes
742 2093 875 2160 merulam
890 2108 926 2146 se-

126 2161 224 2212 cundior
238 2161 298 2224 qudd
307 2165 343 2212 est
356 2162 470 2224 quoddam
486 2161 584 2225 speciale
596 2167 728 2226 mucetum
742 2177 926 2216 conuunerare-

126 2239 180 2284 runt
189 2247 239 2285 eam
251 2232 459 2304 aliishpapilalilrns.
473 2232 593 2296 Gregorius
604 2233 658 2284 verd
674 2233 827 2288 considerans
836 2237 926 2288 εειεεε-

126 2307 195 2359 salem
209 2303 349 2355 induentium
363 2316 431 2368 quam
449 2305 518 2354 habet
536 2305 558 2354 iu
573 2305 649 2356 omnia
665 2304 733 2367 vitia,
750 2311 778 2357 ul
790 2307 881 2358 dictum
895 2311 926 2359 est

126 2379 184 2442 (art.
201 2381 260 2440 net
272 2391 311 2440 qu.
327 2381 382 2440 tta,
397 2379 437 2426 art.
455 2378 497 2437 5),
512 2391 557 2428 uon
571 2378 742 2428 connumeravit
754 2391 806 2430 earu
823 2381 877 2434 aliis
889 2395 924 2431 cu-

125 2448 230 2514 pitalibus
242 2447 317 2511 vitiis3
326 2449 366 2498 sed
381 2448 455 2512 posuit
468 2461 519 2498 earu
532 2465 546 2496 u
556 2449 657 2511 reginero
668 2451 770 2500 omnium
781 2450 892 2504 vitiorum
903 2456 923 2502 el

125 2527 235 2584 matrem;
249 2537 264 2568 o
284 2521 344 2570 unde
360 2520 414 2570 dicit
430 2520 454 2570 iu
474 2521 555 2572 Xlllll.
575 2521 677 2577 Morol..
697 2525 722 2572 ut
738 2536 826 2587 sopra:
844 2541 858 2574 cr
874 2526 922 2590 lpsa

125 2591 231 2641 vitiorum
241 2591 317 2655 regina
330 2593 435 2656 superbia
445 2591 496 2642 cim
508 2592 621 2643 devictum
634 2594 699 2656 plene
708 2607 748 2644 ror
756 2595 860 2660 ceperit,
874 2609 922 2646 ruox

126 2662 183 2714 illud
195 2666 283 2726 septem
295 2662 456 2726 principalibus
468 2663 528 2712 ciliis
540 2664 750 2727 quasiquibusdam
764 2665 813 2716 suis
827 2668 921 2718 llueitlns

128 2731 288 2781 devastandum
308 2734 392 2794 trent,
406 2733 528 2797 exquibus
542 2734 647 2786 viliorum
668 2735 830 2790 multitudines
850 2740 922 2791 oriun-

125 2803 172 2850 tur.
189 2815 203 2844 r>

157 2868 186 2916 Ει
201 2881 240 2931 per
253 2871 297 2933 hoe
305 2876 370 2934 petel
379 2876 497 2939 responsio
510 2877 539 2928 ad
549 2875 659 2942 primum.
696 2929 699 2932 .
