1934 3284
174 218 178 226 .
228 190 261 230 us
276 188 462 233 surrssrrnrous
473 190 626 235 sumturus.
783 186 830 235 tta

55 272 77 318 a.
99 268 231 332 Platonica,
253 268 394 335 Augustinus
414 269 484 332 dicit,
504 269 544 321 lib.
567 272 630 321 ive
650 270 730 321 litero
750 272 829 323 artic.

29 340 93 403 [rap.
111 340 145 405 1)
162 356 168 391 :
192 358 207 392 u
220 340 277 399 ouis
290 341 372 393 audeat
387 340 461 391 dicere
480 341 623 405 disciplinam
640 356 692 393 asse
702 344 803 393 maluml
814 359 830 391 rr

27 414 159 463 etiterum:
177 413 271 463 «Nullo
284 414 353 465 modo
375 412 469 465 dixerim
484 414 583 477 adquam
594 414 767 479 intelligentiam
783 428 833 467 ma-

26 485 66 533 lam
80 498 133 535 esse
147 497 227 549 posse.
238 502 252 533 rr
267 484 405 548 sodalique
427 488 488 535 artes
500 488 555 534 aurit
566 485 711 550 divinatise,
725 490 751 536 ut
768 490 833 552 patet

26 571 63 618 per
75 557 243 621 Philosophum
254 556 280 606 in
291 556 333 609 lib.
344 557 381 605 De
392 557 516 607 memorio
526 556 593 620 (cap.
605 561 618 606 l
630 557 649 621 );
664 558 832 610 rideturetiam

26 630 72 691 ipsa
82 628 195 679 ffimnado
204 629 232 679 ad
243 628 344 693 aliquam
353 627 527 693 intelligentiam
537 626 660 692 pertinere.
671 630 730 694 Ergo
740 629 831 682 uidetur

27 699 83 762 quid
97 699 211 751 ducato
224 700 313 751 nonsit
323 704 451 764 peccatum.

56 775 78 821 3.
91 772 223 835 Praeterea,
237 772 349 823 naturalis
358 771 473 823 inclinatio
487 786 535 824 nou
544 777 580 824 est
592 775 621 825 ad
630 774 723 838 aliquod
734 774 828 838 malunu

27 844 77 904 cuia
88 848 172 895 natura
188 856 236 894 uon
254 843 351 905 inclinat
364 843 408 893 nisi
422 844 449 895 ad
469 844 543 895 simile
561 845 613 895 silri.
629 846 674 896 Sed
687 859 716 896 ex
730 847 830 897 naturali

27 916 170 967 inclinatione
185 915 293 967 homiues
307 914 458 970 sollicitantur
468 930 610 980 prenoscere
622 917 712 969 laturos
723 922 829 983 erastus,

28 989 85 1050 qrrod
97 988 200 1053 pertinet
222 988 253 1039 ad
272 984 520 1052 diuinationem.[lirgo
537 988 649 1039 divinatio
666 1004 712 1042 uon
731 994 767 1041 est
777 1006 833 1054 pec-

27 1064 108 1109 catum.

56 1132 98 1181 Sed
110 1135 192 1183 contra
204 1134 250 1195 est,
262 1130 322 1196 quod
335 1130 415 1181 dicitur
428 1130 542 1188 Deuter..
555 1130 625 1181 xvlu
638 1146 644 1181 :
659 1148 673 1178 u
685 1132 737 1182 Nou
752 1132 781 1182 sit
793 1133 834 1199 qui

27 1204 137 1264 pptlrones
156 1202 276 1267 consulat,
295 1215 371 1265 neque
386 1202 491 1266 divinos3
502 1219 517 1250 u
532 1207 555 1253 et
573 1202 598 1252 iu
613 1204 744 1265 Decretis,
757 1203 831 1256 Causl

29 1276 102 1336 litt,
109 1278 215 1339 queste
225 1276 287 1338 (cap.
297 1274 348 1335 Qui
358 1272 537 1329 divinationes,
548 1287 575 1325 su
585 1273 686 1325 Concilio
695 1276 827 1341 ancyrano)

29 1346 120 1395 dicitur:
139 1364 153 1394 u
164 1346 209 1406 Qui
222 1344 376 1397 divinationes
388 1348 513 1409 expetunt,
528 1346 570 1396 snb
583 1348 661 1410 regula
674 1347 827 1411 quinquennii

27 1418 127 1480 jaceant,
143 1416 271 1468 secundum
291 1417 374 1481 gradus
387 1416 531 1481 poenitentiae
546 1417 690 1469 diffinitos.»

61 1488 506 1552 rummesie-oiriratiupeccatum
515 1492 560 1551 est,
570 1489 673 1553 quoquis
683 1489 727 1541 sibi
736 1496 832 1556 usurpat

33 1561 150 1612 futurorum
156 1599 166 1625 ‚
178 1566 205 1611 ut
224 1561 300 1611 lutura
309 1562 376 1622 sunt,
389 1560 492 1609 notitiam
499 1563 523 1611 et
532 1561 704 1624 praedictionem
713 1564 742 1613 ad
753 1564 825 1615 Deum

30 1632 115 1697 proprii
124 1632 306 1700 pertinentem.)

56 1707 193 1771 Respondeo
204 1704 341 1765 dicendum,
357 1702 417 1769 qudd
431 1703 523 1757 nomine
537 1704 684 1757 divinationis
695 1707 828 1769 intelligitur

30 1780 128 1841 quadam
138 1777 302 1843 prenuntiatiu
316 1776 452 1827 futurorum.
462 1776 630 1828 Futuraautem
639 1778 759 1842 dupliciter
768 1793 828 1842 prc-

30 1850 88 1900 nosci
105 1852 225 1915 possunt:
241 1862 287 1899 uuo
306 1846 399 1911 quidem
416 1848 483 1899 modo
497 1847 521 1897 iu
535 1848 583 1897 suis
604 1849 693 1912 causis,
704 1850 750 1900 alio
763 1850 831 1899 modo

29 1921 47 1969 ir
61 1922 154 1987 seipsis.
172 1921 253 1971 Causa
261 1923 340 1971 autem
352 1920 479 1969 futurorum
491 1918 609 1983 tripliciter
622 1933 647 1971 sc
660 1920 754 1971 habeut.
764 1922 831 1979 Quac-

29 1993 150 2044 tamenim
166 1993 295 2057 producunt
305 2004 335 2041 er
344 1990 477 2042 necessitate
492 1994 517 2041 et
530 2004 621 2055 semper
629 2004 683 2042 suus
693 1991 796 2054 elicctus3
807 1995 831 2041 et

29 2064 160 2127 hujusmodi
173 2064 269 2125 eductus
281 2062 355 2112 futuri
370 2074 411 2125 per
429 2061 586 2114 certitudinem
602 2062 713 2125 praenosci
726 2065 750 2112 et
767 2077 829 2126 prcc-

29 2136 125 2186 uuntiari
145 2138 258 2200 possunt,
273 2148 302 2184 er
316 2133 497 2185 consideratione
518 2146 610 2183 suarum
627 2146 758 2196 causarum,
773 2132 832 2183 sicut

30 2208 134 2271 astrologi
154 2206 311 2272 pronuntiant
330 2204 427 2268 eclipses
444 2204 541 2255 iuturus.
561 2204 667 2263 Quadam
683 2204 738 2255 reri
758 2217 833 2255 cause

30 2283 156 2340 ptrcuucunt
170 2290 225 2329 suos
242 2278 350 2339 effectus,
366 2289 412 2327 uon
426 2289 454 2327 er
468 2276 603 2327 necessitate
612 2278 637 2325 ct
645 2288 744 2339 semper,
753 2277 794 2326 sed
808 2278 834 2325 ut

30 2353 48 2399 iu
62 2350 170 2415 pluribus
177 2387 186 2413 ,
200 2349 251 2401 rard
265 2354 343 2399 tamen
365 2347 472 2399 deliciunt
484 2364 491 2398 r
502 2350 530 2397 'et
544 2361 585 2412 per
601 2345 733 2410 hujusmodi
753 2361 833 2399 caums

30 2427 120 2484 promunt
137 2420 254 2487 praeuosci
276 2422 371 2471 allectus
386 2418 471 2483 lutari,
489 2432 536 2471 non
551 2418 643 2482 pridem
663 2432 705 2483 per
717 2419 832 2471 certitudi-

30 2510 85 2559 nem,
96 2496 140 2545 scd
158 2506 201 2557 par
214 2494 338 2557 quamdam
351 2492 518 2555 conjecturam
532 2490 589 2540 scut
604 2490 711 2553 astrologi
723 2504 764 2554 per
776 2505 831 2542 cun-

30 2568 190 2624 siderationem
209 2565 326 2615 stellarum
343 2563 462 2626 quamdam
480 2574 622 2625 prenoscere
641 2564 664 2612 et
679 2562 844 2625 prenuntiare'

31 2643 123 2699 possunt
137 2639 169 2687 de
187 2637 272 2702 pluviis
290 2639 314 2689 ct
334 2634 475 2685 siccitatibus
480 2670 494 2697 ,,
502 2638 526 2683 et
542 2632 624 2682 medici
639 2632 667 2683 dc
685 2633 784 2683 sanitate
797 2634 835 2683 rel

32 2718 106 2761 irruite.
123 2709 236 2769 Quanam
251 2706 393 2759 verteme
408 2714 474 2765 suut,
487 2718 538 2769 que
553 2704 573 2755 si
587 2704 712 2755 secundum
721 2716 747 2753 se
757 2704 834 2755 consi-

31 2782 140 2845 derautur,
158 2794 185 2832 se
201 2780 290 2831 habeut
302 2778 332 2829 ad
347 2776 488 2838 utrumlibet,
503 2776 565 2840 quod
581 2774 692 2840 praecipue
705 2774 795 2824 ridetur
806 2775 834 2823 de

32 2853 135 2913 potentiis
152 2850 303 2903 rationalibus
318 2864 371 2913 qua
389 2862 415 2899 sc
430 2847 516 2899 habeut
529 2846 559 2896 ad
577 2846 695 2909 opposita,
709 2843 834 2894 sccundim

33 2922 268 2993 Philosophumtlilr.
294 2922 325 2973 lll
347 2918 507 2987 nesapium.)
526 2933 532 2968 ε
551 2922 576 2968 et
597 2916 656 2968 tales
675 2914 783 2978 allectus,
798 2911 837 2961 rel
