1934 3284
381 138 412 176 nu
427 136 514 177 narra.
720 165 722 168 -
798 130 845 179 tte

76 214 213 279 Respondet
231 215 367 277 dicendum,
386 214 446 279 qutd
469 215 561 279 quidam
583 216 690 269 dixerunt
707 216 802 269 Paulum
820 218 846 268 in

27 289 114 350 raptu
127 298 174 336 non
186 286 270 338 uidisse
283 286 357 351 ipsam
371 288 413 337 liei
425 286 564 351 essentiam,
580 290 621 339 sed
639 290 759 353 quamdam
774 289 845 340 retul-

28 358 148 423 gentiam
170 359 277 409 claritatis
296 359 376 423 ipsius.
398 359 443 410 Sed
459 360 596 410 contrarium
614 358 735 412 manifesti
756 367 846 425 augus-

30 431 110 482 tinus
132 430 268 481 determinat
283 444 330 483 nun
345 430 418 483 sulum
431 431 457 481 in
471 431 511 481 lit.
528 433 566 481 De
583 433 691 483 ridendo
710 436 792 485 Deum
805 437 847 496 (ut

29 500 114 567 supri
123 500 140 565 l,
154 504 194 553 sed
212 503 281 553 etiam
296 504 346 553 llll.
361 505 443 567 Super
457 504 544 555 Gener.
558 503 594 554 cd
607 504 661 564 lit,
674 508 699 555 et
709 506 807 557 habetur
819 506 845 557 in

27 577 135 636 Glossa,
148 575 176 624 ll.
191 575 226 624 ud
237 576 307 631 Cor„
317 576 368 626 llll.
383 576 411 625 Et
421 576 466 625 hec
478 574 546 625 etiam
556 576 605 640 ipra
616 578 685 627 verba
696 578 797 641 Apostoli
805 578 846 627 de·

30 650 154 713 signant3
169 646 224 697 dicit
239 648 299 698 enim
313 660 338 698 se
350 664 364 695 u
376 647 491 699 audivisse
503 648 627 700 ineffabilia
637 649 717 711 rerba,
732 663 783 713 quae
799 664 845 704 nun

28 721 99 771 licet
112 718 201 769 homiui
212 720 282 783 tuqui.
296 735 310 767 r
329 720 462 783 liujusmedi
477 724 553 770 autem
566 720 672 770 videntur
684 734 711 770 ea
728 734 779 785 qus
794 736 846 786 per-

33 793 121 842 tinent
132 791 160 841 ad
171 790 282 841 visionem
292 791 423 853 beatorum,
437 804 489 855 quc
502 791 593 842 excedit
602 792 752 855 statamus,
761 806 844 843 secun·

31 865 101 916 dium
113 862 168 913 illud
185 864 256 919 lsai„
267 862 336 913 Llllll
354 862 478 913 :udeulus
489 876 536 914 neu
545 863 611 924 vidit,
626 865 700 925 licus,
715 865 803 928 alisque
812 870 844 929 tr,

31 950 97 1003 qnae
105 935 238 1001 preparasti
249 934 394 997 diligentibus
402 938 434 985 te.
445 950 458 981 u
471 934 500 984 Et
511 935 563 986 ideu
577 935 751 987 convenientius
762 936 846 987 dieitur

33 1007 107 1073 qudd
121 1008 190 1057 ileum
205 1018 245 1071 per
256 1006 380 1057 essentiam
389 1005 455 1055 vidit.

77 1078 112 1129 ld
130 1077 229 1141 primum
243 1088 296 1139 erga
310 1076 428 1127 dicendum
436 1113 445 1140 ,
462 1076 523 1140 quid
541 1090 607 1128 mens
623 1079 722 1127 humana
735 1077 846 1130 divinitus

34 1151 136 1215 rapitur
149 1150 176 1198 ad
190 1147 385 1211 contemplandam
398 1147 517 1198 veritatem
528 1149 643 1212 divinam,
654 1148 784 1213 tripliciter,
797 1152 847 1201 Une

35 1222 132 1284 modu,
149 1223 175 1269 ut
188 1220 352 1283 contempletur
366 1232 416 1269 eam
430 1232 470 1282 per
487 1219 647 1271 similitudines
666 1221 775 1284 quasdam
788 1222 847 1271 ima·

36 1292 161 1360 ginarias3
179 1295 202 1343 et
215 1291 267 1341 talis
282 1290 326 1340 luit
343 1303 452 1341 excessus
466 1291 549 1343 mentis
569 1292 609 1355 qui
624 1292 708 1343 cecidit
721 1306 789 1356 snpra
803 1293 848 1345 Pc-

35 1374 117 1419 trum.
137 1362 187 1413 llio
202 1363 281 1423 mede,
296 1364 320 1411 ut
334 1362 498 1427 contempletur
509 1362 629 1414 ueritatem
642 1364 743 1413 divinam
757 1377 798 1428 per
812 1365 849 1415 in·

36 1434 179 1499 telligibiles
193 1435 287 1485 ellectus
293 1471 301 1497 ‚
314 1433 372 1484 sicut
387 1434 430 1483 luit
443 1448 550 1487 excessus
561 1435 633 1485 llarid
643 1436 755 1486 dicentis:
772 1452 787 1484 u
798 1437 848 1501 Ege

38 1508 97 1560 dixi
110 1508 136 1557 iu
149 1519 243 1557 excessu
256 1518 307 1557 meu
322 1522 328 1555 :
345 1505 422 1556 cuuis
440 1506 510 1557 hume
522 1507 628 1557 mendax.
644 1505 747 1557 r'lertiu
761 1508 845 1570 mutu,

37 1586 70 1633 ut
85 1578 251 1642 contempletur
261 1590 312 1628 eam
325 1578 349 1627 in
359 1590 399 1628 sua
409 1578 524 1643 essentia;
536 1583 559 1631 et
567 1580 619 1631 talis
630 1580 675 1629 luit
693 1583 773 1644 raptus
786 1580 851 1629 Pauli

37 1658 68 1706 et
88 1650 159 1702 etium
172 1649 254 1714 Mopsi.
267 1650 296 1699 Et
308 1648 363 1699 satis
380 1654 543 1714 congruentem
558 1664 612 1700 uam
626 1652 685 1701 sicut
697 1652 787 1716 lloyses
805 1651 849 1701 luit

38 1725 138 1790 primus
150 1723 227 1773 docter
241 1721 385 1783 iudeorum,
398 1720 429 1771 ita
443 1722 528 1771 Paulus
540 1721 583 1772 luit
597 1723 685 1786 primus
693 1723 771 1774 docter
783 1724 849 1773 Gen-

40 1798 117 1848 tium.

79 1867 114 1917 ad
124 1865 247 1917 secundum
256 1864 391 1927 dicendum,
401 1862 462 1927 quid
474 1862 553 1913 diuina
571 1863 669 1914 essentia
680 1864 754 1916 rideri
767 1865 795 1914 ab
807 1864 849 1914 in·
953 1841 954 1902 ἶ

39 1941 141 1993 tellecta
153 1941 229 1987 creatu
242 1950 288 1987 neu
301 1939 390 2000 potest,
406 1934 450 1985 uisi
464 1948 504 1998 per
519 1936 597 1986 lumen
609 1936 701 2000 gluriae3
716 1937 744 1987 de
755 1949 800 1999 quo
812 1936 849 1986 di·

41 2014 109 2063 citur
126 2010 151 2059 ln
172 2011 213 2059 Pr.
229 2008 310 2059 XXXV
327 2024 333 2057 :
351 2024 365 2054 u
378 2008 405 2057 lu
421 2006 508 2057 lumine
528 2010 567 2057 tuo
581 2006 708 2057 ridebimus
724 2007 810 2057 lumen.
832 2023 847 2054 r

41 2082 115 2145 Quod
129 2083 205 2131 nmen
217 2079 339 2143 dupliciter
350 2078 481 2142 participari
494 2081 590 2141 potest:
606 2090 653 2128 nne
668 2080 734 2129 medo
748 2090 790 2141 per
799 2090 849 2127 mu·

42 2157 103 2205 dum
117 2152 196 2202 termae
209 2150 368 2210 immanentis,
379 2152 402 2201 et
413 2150 446 2200 sic
462 2149 546 2199 beutm
557 2148 612 2199 facit
625 2153 715 2201 sanctes
728 2150 753 2198 in
765 2149 848 2212 patria;
887 2168 911 2193 w

42 2224 179 2276 aliu-modu
192 2234 233 2285 per
244 2221 337 2271 modum
350 2220 468 2284 cujusdam
490 2221 604 2284 passienis
618 2220 769 2280 transeuntis,
791 2219 851 2269 sicut
952 2205 955 2230 ¹

43 2297 136 2347 dictum
151 2296 186 2343 est
200 2291 320 2343 delumine
336 2292 474 2357 prophetiae3
485 2295 509 2342 el
519 2294 564 2343 lrec
574 2294 642 2343 mede
654 2290 797 2341 lumenillnd
806 2290 851 2339 tuit

44 2370 73 2419 in
88 2366 162 2417 Paulo
169 2400 178 2427 ,
192 2364 282 2428 quando
295 2368 373 2427 raptus
388 2363 438 2415 luit.
456 2365 486 2414 Et
494 2364 545 2414 ideo
558 2377 587 2414 ex
600 2363 641 2414 tall
651 2363 739 2415 risione
751 2374 796 2412 nun
805 2361 850 2411 tuit

44 2435 185 2501 simpliciter
202 2436 292 2496 beatus,
303 2434 402 2485 atteret
415 2434 566 2485 redundantia
577 2435 714 2497 adsumus,
726 2434 766 2483 sed
776 2431 851 2483 solum

43 2505 176 2563 secundirm
189 2508 251 2571 quid.
266 2507 294 2557 lli
312 2506 363 2558 ideo
380 2506 432 2557 talis
450 2511 527 2571 raptus
540 2508 617 2571 aliquo
631 2507 699 2557 modo
712 2506 740 2555 ad
750 2505 850 2569 proptre-
953 2559 954 2580 3

45 2583 105 2632 tiam
117 2580 227 2645 pertinet.

80 2653 116 2703 ad
133 2652 224 2701 tertium
237 2649 357 2701 dicendum
364 2686 374 2713 ‚
386 2649 445 2713 qudd
459 2649 513 2713 quia
530 2649 614 2699 Paulus
626 2648 650 2699 in
665 2650 732 2711 raptu
746 2659 793 2698 uun
808 2645 853 2695 luit

46 2726 131 2775 beatus
144 2720 301 2785 halritnaliter5
322 2722 361 2771 sed
378 2721 451 2772 sulum
465 2720 630 2770 lrabuitactum
646 2720 778 2782 beatorum,
793 2730 854 2767 cun·

48 2808 150 2857 sequeus
168 2797 242 2845 estut
256 2792 323 2843 simul
339 2797 393 2841 tuuc
406 2790 431 2841 in
444 2804 472 2843 ec
494 2804 541 2842 non
554 2791 624 2844 luerit
638 2796 702 2841 actus
724 2791 793 2853 fidei3
808 2788 852 2837 init

48 2872 129 2919 tamen
140 2865 207 2917 simul
218 2865 242 2915 iu
261 2876 289 2916 eo
303 2862 358 2915 tidei
369 2863 470 2915 habitus.
