1934 3284
357 187 388 227 ῠΙ
403 186 538 227 tutamu-
800 180 847 229 5⁴9

39 264 192 317 ammam
214 262 335 328 Promoti,
350 263 411 327 guod
433 281 448 313 a
466 263 577 329 pauentia
598 264 704 318 manant
720 267 746 318 in
764 266 848 321 alienis

38 337 112 389 ruralia
122 335 282 387 omnen.»
296 337 355 399 llrgo
367 335 477 400 patientia
489 349 536 387 non
551 339 586 389 eet
598 351 650 403 pars
665 338 812 392 lortitudiaia.

70 414 100 461 2.
117 410 251 469 Prolem,
268 407 377 459 tenura
394 410 430 459 eat
449 408 510 459 eirea
527 407 622 460 timores
641 414 666 461 ot
678 411 800 475 ardanna,
820 415 846 464 ut

36 479 112 545 anprt
127 480 234 531 notitam
242 484 280 531 eet
288 479 337 544 (ou.
348 482 403 541 itt,
411 484 456 531 art.
468 483 502 541 t),
516 484 540 531 ot
548 480 580 531 ila
592 489 628 531 eet
637 480 661 531 in
670 482 785 535 irascibili.
795 484 844 535 Sed

36 552 158 618 patientia
173 551 262 605 videtu
283 564 335 606 enee
350 551 409 603 eirea
424 551 542 615 tmtitiaa,
554 555 579 603 et
599 552 631 603 ita
649 553 737 605 videtu
756 568 805 608 eaeo
822 556 850 613 in.

36 622 227 689 eononpian‘lrili.
246 624 307 688 Ergo
322 623 431 689 patientia
450 636 498 675 nou
514 627 550 675 eat
569 636 623 689 pare
640 624 789 692 fortitudinia,
805 628 846 681 aed

36 694 119 760 magia
131 695 301 759 temperantiae.

70 773 97 817 a.
114 763 245 828 Prema,
257 771 333 819 toturn
347 780 396 819 non
408 771 483 833 potent
495 780 545 819 eaeo
559 767 608 819 eine
620 771 692 833 parte.
704 768 730 819 Si
741 782 794 835 argo
805 784 845 836 pa-

35 837 124 893 tientia
143 838 176 889 ait
191 842 245 902 para
260 839 413 904 lortimdinie,
432 839 541 891 lotiwdo
563 852 678 905 uunquam
698 846 775 905 postet
794 856 846 895 erae

36 914 92 965 aina
107 909 238 975 potientia3
253 909 305 961 eim
317 915 395 962 omen
412 910 478 962 lortia
492 912 626 976 ponimur
643 925 689 963 non
708 912 789 965 tolero
805 928 846 979 pa-

34 985 127 1036 tienter
140 982 217 1043 mala,
230 982 271 1033 nell
281 983 351 1033 eliam
363 982 505 1046 aggrediatur
518 994 569 1034 eum
583 983 623 1048 qui
637 984 696 1035 mala
706 984 769 1036 laelt.
786 986 846 1050 lirgo

34 1053 159 1121 patientia
171 1065 219 1104 non
231 1056 269 1105 eat
280 1062 334 1118 para
347 1052 496 1105 tortitudinis.

67 1126 121 1179 Sed
131 1128 213 1177 nonna
222 1128 267 1189 eet,
280 1125 342 1190 guod
349 1124 436 1177 lutino
446 1126 471 1176 in
480 1139 523 1177 sua
534 1128 602 1177 ΒΜ.
614 1126 650 1192 (l)
660 1127 726 1193 ponit
739 1138 789 1178 earn
800 1128 847 1181 lor-

35 1196 152 1251 titnalinia
163 1199 263 1261 paron.

69 1271 238 1332 (cerauno.
245 1294 277 1307 -
286 1267 398 1321 Patientia
407 1267 534 1320 fortitudini
545 1267 676 1338 adJ‘ungitnr
687 1271 794 1333 tanquam
808 1284 845 1322 ae-

36 1341 156 1394 eundaria
171 1339 245 1390 uulua
258 1338 389 1405 principali3
399 1343 424 1391 et
436 1340 531 1405 proinde
545 1339 676 1405 potentialia
690 1353 743 1405 para
755 1342 847 1394 lortitn-

36 1414 104 1466 dinis
117 1411 184 1464 renti
202 1410 351 1476 appellatur)
632 1434 635 1443 ν

66 1484 215 1549 Reaponw
231 1482 366 1545 dioendnm
378 1482 439 1546 quod
452 1482 562 1548 patientia
578 1487 613 1535 oet
630 1498 683 1549 para
696 1484 846 1552 fortitudinis,

36 1556 108 1623 quasi
121 1554 270 1619 potentialia,
284 1554 340 1617 quia
357 1554 488 1619 adjungitur
499 1554 628 1607 fortitudini
646 1556 704 1607 aiunt
720 1557 792 1608 urtna
808 1572 846 1613 te-

37 1627 156 1682 nundaria
168 1624 300 1691 principali.
315 1627 494 1691 rapientium
508 1627 569 1679 enim
585 1627 684 1692 pertinet
699 1627 772 1679 aliena
788 1622 848 1682 runa

36 1699 209 1765 equanimiter
225 1697 329 1763 perpeti,
347 1702 374 1747 nt
387 1698 509 1761 Gregorius
523 1698 577 1749 dicit
589 1700 613 1749 in
629 1700 726 1762 quadam
744 1700 846 1752 homilia.

38 1773 64 1823 ln
76 1770 150 1823 malis
159 1772 238 1821 autem
246 1782 299 1833 gna
310 1769 339 1819 alt
348 1768 400 1819 aliis
408 1768 550 1830 inferuntur,
559 1770 675 1834 praeeipno
689 1772 743 1821 aunt
755 1775 778 1822 el
788 1772 848 1823 dilli-

37 1843 129 1895 oilliana
147 1842 178 1893 ad
191 1838 400 1897 amtinendnmilla
414 1852 466 1901 qne
479 1840 596 1903 pertinent
606 1841 634 1890 ad
643 1841 744 1905 pericula
759 1844 847 1908 mortis,

38 1915 104 1966 eirea
118 1927 173 1979 qnae
186 1916 223 1964 eat
238 1911 348 1963 lentitudo
358 1924 365 1959 r
377 1910 438 1961 unde
445 1913 508 1973 patet
519 1910 579 1973 quod
592 1910 616 1961 ia
629 1912 673 1962 ieta
683 1912 778 1964 matoria
786 1914 848 1979 prin·

38 1985 187 2051 ripalitatenr
200 1987 267 2035 tenet
279 1980 475 2044 fortitudoque
484 1981 609 2033 nendicans
621 1982 664 2033 sili
675 1982 699 2033 ld
711 1986 771 2047 qnod
784 1985 848 2049 pain·

17 2074 22 2084 ·
39 2057 144 2121 oipalius
157 2061 196 2107 eat
211 2055 237 2105 in
255 2056 301 2105 lure
316 2051 419 2103 moena.
435 2052 465 2101 Et
482 2051 535 2103 ideo
547 2052 658 2117 patientia
679 2055 808 2118 adjungitur
825 2056 849 2107 ei

39 2129 104 2181 aient
118 2126 257 2179 marana
268 2125 341 2176 ruma
350 2123 486 2189 principali:
498 2125 558 2175 unde
569 2122 592 2174 in
600 2126 669 2175 Seat.
681 2129 739 2188 181,
753 2128 848 2190 sortem

39 2201 204 2265 potientium
219 2200 287 2250 voert
297 2199 403 2260 Prosper.

73 2273 109 2323 Ao
122 2270 232 2337 ¹primurn
247 2281 301 2333 ergo
318 2268 453 2331 lieentum,
464 2266 524 2333 pull
538 2269 566 2321 ad
580 2268 733 2320 fortitudinem
752 2268 851 2333 pertinet

42 2357 91 2397 non
98 2342 279 2409 meumque
292 2340 416 2402 metuere,
425 2340 466 2393 tei
474 2340 531 2392 illul
544 2341 603 2406 quod
617 2343 652 2392 est
661 2338 750 2392 nune
758 2339 850 2393 dllolo

41 2416 68 2467 in
81 2414 237 2477 maurienna,
246 2411 457 2463 aeiliaetanatlnere
465 2411 661 2477 perienlmortla.
673 2411 848 2476 inpatientiam

41 2491 122 2539 antenr
136 2487 219 2553 pateat
233 2484 348 2549 protimm
366 2483 503 2536 sustinentia
520 2496 711 2557 quorumeunque
725 2483 847 2537 malorum.

76 2559 114 2609 Ad
127 2556 259 2610 seeundum
272 2554 408 2618 lieentum,
418 2555 480 2619 quon
493 2558 558 2607 aetus
569 2554 707 2607 lutituffinis
719 2566 765 2605 non
777 2554 850 2607 soliar

44 2629 155 2682 teneant
171 2628 199 2679 in
210 2628 258 2677 hoe
269 2625 330 2691 quill
346 2626 429 2691 aliquia
441 2626 466 2677 in
478 2628 539 2679 bono
551 2627 658 2693 persistat
668 2630 745 2679 eontra
757 2626 850 2680 umorue

79 2783 113 2848 (l)
129 2786 186 2833 stra
201 2783 236 2829 llo
247 2780 339 2829 etiem.
354 2783 459 2840 tuom,
471 2783 515 2829 lil).
525 2781 561 2842 n,
571 2796 634 2829 uum.
646 2781 675 2840 l,
687 2786 712 2829 ut
722 2784 772 2841 lam
783 2796 851 2831 oeen-

45 2849 115 2895 eiouo
128 2837 325 2906 magnificentiae,
342 2858 382 2903 qn.
395 2844 456 2906 rat,
472 2851 517 2893 art.
535 2845 560 2907 t,
573 2847 601 2893 an
620 2846 746 2905 marginem
758 2859 787 2894 ex
799 2848 851 2905 elna

45 2913 129 2959 uerbis
142 2912 246 2958 relatam
254 2912 298 2955 ort.
337 2916 340 2923 ·
