1934 3284
352 158 522 200 sewensis.
786 144 832 200 tib

39 242 111 299 nant,
125 237 164 288 sesi
176 235 260 300 qubus
271 235 424 300 superbieris
437 249 464 288 se
477 236 612 300 preleraut3
627 251 641 284 n
657 242 681 288 ei
696 237 730 288 sic
742 237 833 290 npetu

35 310 98 374 quil
110 308 213 373 superbia
228 321 256 358 ex
270 307 369 358 indebita
384 308 566 359 consideratione
578 309 694 372 procedat.
710 311 754 360 Sed
773 323 830 361 con-

34 382 143 432 sideratio
154 394 200 431 nou
216 379 315 444 pertinet
330 381 358 430 ad
369 379 521 438 irascibilem,
532 380 572 430 sed
587 378 663 443 potibs
677 384 712 431 est
723 382 747 430 iu
762 381 829 432 ratio

34 452 92 502 nali.
106 453 161 516 Ergo
172 449 277 516 superbia
291 463 337 501 nou
347 455 382 501 est
395 452 420 501 in
432 450 551 512 irascibili,
564 453 603 502 sed
618 452 641 500 in
654 451 765 502 rationali.

70 529 92 574 ³.
110 525 237 586 Preterea,
251 522 357 588 superbia
376 536 422 574 uon
442 522 515 573 solium
535 522 617 586 quasit
636 523 793 576 excellentiam
806 525 832 576 iu

34 597 104 648 rebus
119 595 275 662 sensibilibus,
288 594 406 645 sedetiam
419 595 445 644 in
459 596 526 646 rebus
540 594 693 658 spiritualibus
709 599 733 646 et
747 597 830 647 intelli-

33 668 152 731 gibilibus.
161 668 212 731 lpsa
225 671 302 718 autam
314 666 468 730 principaliter
480 665 586 716 consistit
599 665 624 717 iu
639 670 771 734 cmtemptu
781 668 832 732 liei,

32 738 160 791 secuudum
174 740 229 790 illud
242 739 345 794 becles,
355 741 393 790 ll:
407 740 522 790 «initium
539 739 650 803 superbie
663 740 761 791 bominis
775 753 830 806 apo-

32 816 121 864 statare
131 812 145 861 l
156 812 210 862 lieo.
229 828 243 858 ι
257 811 302 861 Seri
316 810 436 862 irascibilis
448 810 500 862 cbm
516 810 547 862 sit
560 825 613 875 pars
625 811 740 876 appellius
758 813 832 864 sensi·

32 884 96 942 tivi,
114 896 159 934 non
170 887 247 948 potest
256 896 281 933 se
293 885 414 934 esuriere
430 883 454 933 in
470 884 542 934 ileum
555 888 578 934 et
593 881 752 946 intelligibilia.
772 884 832 948 lingo

31 955 144 1019 superbia
156 955 285 1005 nonestis
297 954 412 1004 irascibili.

68 1030 93 1078 l.
110 1029 234 1087 preterea,
246 1028 273 1075 ut
287 1025 371 1076 (licitur
384 1025 407 1074 iu
415 1025 474 1076 libro
483 1027 593 1076 Seniani.
603 1025 716 1090 Prosperi,
726 1041 739 1074 a
750 1039 831 1090 supere

30 1101 75 1151 bia
89 1102 125 1149 est
134 1111 196 1148 amos
205 1095 301 1162 poprie
311 1097 482 1147 emelianus.»
493 1097 535 1147 Sed
547 1110 609 1148 amor
619 1110 664 1148 uon
674 1101 710 1148 esi
718 1097 742 1146 in
750 1097 829 1148 irasci-

31 1171 89 1231 bili,
105 1171 143 1220 serl
159 1170 183 1218 in
194 1168 373 1231 concupiscibili.
386 1168 444 1231 Ergo
454 1169 559 1232 superbia
571 1181 617 1219 non
627 1172 664 1218 est
677 1169 700 1218 in
711 1167 826 1220 irascibili.

66 1242 112 1292 Sed
128 1243 203 1291 costra
219 1243 268 1302 est,
279 1238 339 1303 qino
349 1240 472 1302 Gregorius
488 1239 513 1287 iu
524 1240 554 1290 ll.
574 1239 667 1290 itcrat.
681 1240 746 1303 pouit
756 1243 834 1290 contra

30 1312 164 1379 superbiam
179 1328 194 1358 o
203 1313 286 1362 donum
300 1310 396 1361 timoris.
409 1327 423 1358 ι
438 1311 516 1362 Timor
529 1315 605 1362 autem
618 1313 719 1376 pertinet
731 1314 759 1362 ad
774 1313 835 1362 iras·

30 1386 135 1440 cibileru.
156 1384 215 1447 llrpo
226 1383 331 1447 superbia
345 1387 381 1433 est
393 1382 419 1432 in
429 1383 546 1433 nascibili.

66 1459 268 1520 (cerauno-
277 1454 395 1519 Proprium
404 1455 516 1520 superbie
525 1455 649 1519 subjectum
659 1459 695 1506 esi
703 1455 740 1506 uis
750 1455 833 1506 animae

29 1527 156 1584 irascibilis
168 1541 195 1576 ac
203 1527 316 1577 voluntas.
327 1525 336 1590 )

62 1597 203 1664 Responieo
218 1598 346 1661 dicendum,
357 1594 418 1661 quos
427 1597 555 1663 subjectum
565 1598 688 1664 cujuslibet
696 1598 786 1650 uirtutis
798 1599 834 1650 sel

29 1676 85 1726 vitii
106 1674 201 1735 oportet.
216 1670 328 1735 inquirere
345 1683 376 1720 cx
393 1670 482 1734 proprio
496 1671 594 1735 objecto.
617 1672 668 1722 Nou
685 1669 745 1722 eninr
760 1674 835 1734 potest

29 1760 84 1800 esse
99 1742 163 1793 aliui
173 1742 287 1806 objectum
300 1740 391 1790 babitus
404 1741 442 1790 sel
458 1743 532 1804 actus,
542 1742 587 1792 nisi
596 1744 656 1805 quod
669 1747 705 1793 esi
720 1743 834 1805 objectum

29 1816 203 1877 scientiaeque
215 1814 305 1876 uirique
316 1811 444 1876 subjicitur.
451 1813 575 1876 Proprium
587 1817 662 1864 autern
671 1815 784 1878 objectum
796 1827 835 1864 su-

29 1883 120 1950 ¹sarbiae
134 1891 169 1937 est
182 1885 295 1935 arduum
303 1902 312 1940 ,·
326 1888 362 1934 εει
372 1885 433 1932 enim
443 1884 557 1947 appetitus
572 1884 668 1948 proprisi
684 1883 831 1947 excelentia,

29 1958 50 2021 rt
62 1965 156 2017 dicium
166 1961 202 2009 esi
211 1958 263 2021 (art.
275 1960 289 2005 l
305 1959 328 2006 et
340 1954 374 2020 Ξ).
390 1955 454 2005 Unde
467 1959 556 2019 oportet
568 1956 627 2018 quod
639 1955 744 2018 superbia
758 1955 833 2018 aliquo

30 2038 102 2091 nodo
116 2032 147 2084 ai
164 2030 211 2080 sim
224 2027 359 2080 irascibilem
379 2027 501 2090 pertineat.
516 2027 560 2078 Sed
581 2026 700 2077 irascibilis
715 2025 836 2090 dupliciter

29 2110 110 2174 rccipi
127 2108 218 2171 potest:
229 2116 275 2153 uno
284 2103 351 2153 modo
363 2099 496 2165 proprie,et
505 2101 537 2151 sic
550 2105 647 2164 estpars
657 2099 773 2165 appetitis
782 2111 834 2150 sau-

29 2180 107 2242 ritisi‚
119 2178 180 2228 sicui
193 2175 260 2226 stira
272 2173 362 2238 proprie
374 2178 465 2237 sumpta
477 2177 513 2224 cst
525 2173 626 2236 quedam
637 2173 710 2236 passio
720 2169 833 2234 appetitus

29 2249 157 2315 sensitivi3
171 2248 215 2298 atio
232 2248 299 2296 modo
319 2249 396 2309 potest
409 2244 482 2308 accipi
498 2243 616 2294 irascibilis
637 2241 734 2306 largitis,
749 2241 836 2292 scilicet

28 2334 50 2378 ιε
67 2322 190 2390 pertineat
202 2318 308 2370 etiamad
318 2314 676 2382 appetitumiutsllectivum3cui
686 2313 753 2364 etiam
763 2325 834 2376 quau-

29 2404 109 2462 loquc
126 2391 257 2443 attribuitur
273 2391 322 2450 ira,
334 2393 401 2453 prout
419 2389 509 2438 scilicet
522 2387 665 2438 attribuimus
681 2386 736 2434 iram
751 2385 797 2434 lieo
811 2389 836 2436 et

29 2467 121 2534 <agetis
128 2501 138 2528 ‚
152 2477 198 2513 non
208 2463 300 2526 quidem
310 2459 433 2512 semodios
444 2460 590 2524 passionem,
605 2459 645 2510 sesi
656 2455 780 2508 secundism
794 2454 832 2519 ju·

29 2543 119 2593 licium
138 2533 271 2599 judicantis.
286 2535 315 2582 Et
327 2539 403 2584 tameu
419 2531 540 2582 irascibilis
561 2530 594 2580 sic
607 2527 756 2580 communiter
773 2527 835 2580 sicta

29 2627 72 2665 ron
85 2614 126 2660 est
140 2605 242 2670 potentia
255 2604 360 2655 iisbucta
372 2603 385 2654 l
396 2601 576 2666 concupiscibili,
587 2605 612 2650 ut
622 2605 684 2664 patet
696 2612 725 2650 es
735 2598 775 2648 liis
783 2611 834 2661 qua

29 2701 46 2735 n
64 2686 86 2734 l.
109 2677 360 2741 decacuminare,
374 2679 418 2725 art.
436 2678 459 2737 t,
473 2679 497 2725 et
510 2689 551 2737 qu.
568 2678 607 2734 si,
623 2678 666 2724 ast.
682 2673 723 2736 t).
739 2671 764 2720 Si
782 2683 836 2735 erpo

29 2756 154 2807 ordeum
169 2751 280 2812 quoiast
298 2749 411 2813 objectum
432 2745 562 2810 superbia,
578 2750 639 2796 esset
657 2744 729 2795 solim
749 2743 834 2808 aliquid

30 2823 144 2880 ensibile
151 2858 161 2884 ,
173 2821 198 2868 iu
209 2821 268 2884 quoi
281 2824 358 2884 posset
369 2818 463 2870 ιειιιιειε
474 2819 590 2882 appetitus
612 2816 737 2869 musitisus
744 2851 754 2880 ,
769 2827 836 2881 opor·

29 2901 92 2956 eret
107 2893 175 2962 qubi
187 2891 296 2956 superbis
305 2889 592 2957 accusatorumque
605 2893 705 2955 estpars
716 2885 836 2955 appetitis
