1934 3284
180 207 215 246 un
226 205 454 258 mememmomnuc
469 208 694 252 cantamina.
796 201 841 250 toi

34 297 61 333 er
76 281 220 334 necessitate
235 289 259 337 et
274 297 441 350 componere
458 287 577 352 conjacent
590 289 694 339 humane
709 287 840 351 cognitioni

31 360 53 404 ct
69 353 144 406 multd
160 354 235 418 magis
248 356 389 418 demonum,
399 358 438 422 qui
448 363 501 410 suut
511 357 699 424 perspicaciores,
709 362 837 424 utlugus·

33 429 94 492 tinus
104 425 164 476 dicit
176 425 233 486 (lib.
246 427 283 479 De
291 427 403 478 diuinet.
422 429 578 487 demonum,
593 443 644 495 cop.
656 434 670 480 3
683 433 707 482 ei
723 431 766 494 l),
777 436 802 481 ut
812 434 837 480 et

31 500 69 548 li.
84 500 204 562 llSupcr
215 500 274 548 Gerr.
289 497 325 548 ud
338 499 380 550 iit.
397 501 465 565 (cap.
482 505 511 552 17
521 504 539 561 l.
550 502 610 566 lquo
620 514 666 552 uon
679 502 768 552 ridetur
781 505 833 553 esse

31 575 152 634 peccatum
177 569 212 618 uti
236 573 283 620 arte
302 571 410 636 notoria,
431 572 519 624 etiamsi
538 586 580 637 per
599 573 716 626 canones
736 574 844 628 sortiatur

32 642 153 692 ellectum.

61 714 111 764 Sed
123 717 208 763 contra
222 716 272 773 est,
281 716 339 777 qnod
351 715 433 766 dicitur
444 717 559 774 Denter„
568 716 659 767 lllllll:
680 735 694 765 u
705 717 756 768 Nou
774 717 839 768 iure-

32 786 106 834 niatur
124 784 152 834 in
165 789 188 834 te
203 783 244 847 qui
261 790 348 848 querat
363 785 376 836 l
391 786 484 838 mortuis
498 788 634 846 ueritatem,
650 803 664 834 n
679 801 730 850 qnae
747 787 840 851 quidem

31 855 150 918 inquisitio
171 854 281 906 innititur
302 855 385 906 auxilio
404 857 541 908 demonum.
560 857 609 907 scd
625 870 666 921 per
682 858 839 909 observantiae

32 928 86 976 antis
100 926 202 978 notoriae
225 925 348 990 inquiritur
366 929 463 992 cognicio
477 929 581 978 veritatis
597 942 639 992 per
656 930 759 992 quaedam
773 933 839 993 pacta

33 997 230 1061 significationum
249 1011 303 1052 cum
321 998 460 1050 demonibus
477 1000 544 1049 inita.
559 1000 619 1062 lingo
643 999 678 1050 uti
689 1005 737 1050 arte
752 1000 842 1050 uomria

32 1083 76 1120 non
91 1074 129 1121 ost
143 1069 247 1119 licitum.

62 1143 234 1204 (emcnnno.
244 1141 335 1191 -drte
349 1142 435 1194 notoria
445 1142 479 1193 uli
493 1142 555 1193 nullo
571 1143 637 1195 modo
647 1143 710 1206 licet,
724 1142 776 1194 cdnr
785 1142 842 1194 falsa

32 1220 53 1262 et
62 1211 231 1278 superstitiosa
244 1211 283 1261 sit.
297 1213 305 1274 l
321 1265 324 1271 ,

60 1283 203 1348 despondeo
222 1282 344 1334 dicendum
352 1319 362 1346 ,
377 1284 434 1346 quon
449 1297 486 1334 ars
502 1285 591 1335 notoria
604 1290 640 1336 cst
653 1284 734 1336 illicita
746 1289 770 1336 et
779 1286 840 1337 inei-

32 1355 95 1406 licax.
111 1353 201 1405 illicita
211 1352 305 1416 quidem
316 1357 367 1416 est,
380 1354 431 1418 quia
445 1354 515 1404 utitur
528 1357 663 1419 quibusdam
674 1357 702 1404 ad
722 1357 840 1408 scientiam

32 1427 202 1489 acquirendam,
219 1437 271 1487 quae
283 1436 330 1474 nou
339 1425 422 1475 halicnt
433 1425 558 1478 secundum
568 1439 594 1477 se
604 1427 711 1477 virtutem
727 1429 836 1478 causandi

35 1497 167 1559 scientiam,
186 1495 249 1546 sicut
260 1495 403 1559 inspectione
415 1499 564 1560 quarumdam
580 1498 716 1560 figurarum,
729 1502 756 1548 et
765 1499 841 1563 prola·

41 1567 101 1618 tione
117 1568 272 1632 quorumdam
286 1566 416 1630 ignotorum
429 1569 548 1620 verborum
559 1573 583 1618 et
598 1569 650 1618 aliis
663 1569 802 1632 hujusmodi.
814 1571 841 1619 ut

37 1640 89 1691 ideo
98 1638 236 1708 hujusmodi
251 1651 289 1688 ars
306 1651 355 1688 nun
371 1639 442 1690 utitur
454 1639 491 1690 his
505 1642 530 1689 ut
544 1639 634 1699 causis,
649 1643 689 1691 sed
704 1645 729 1690 ut
744 1641 839 1704 signin

33 1725 75 1762 non
96 1717 180 1762 autern
194 1711 220 1758 nt
235 1709 307 1772 signis
316 1708 427 1760 diuinitus
440 1709 568 1772 institutis,
578 1709 700 1760 muntenni
713 1723 841 1760 sacramen-

33 1783 80 1831 talia
101 1782 172 1846 signa
189 1795 196 1828 :
212 1780 274 1830 unde
287 1779 424 1844 relinquitur
437 1779 497 1844 qudd
508 1780 555 1831 siut
568 1795 708 1846 supervacua
721 1782 800 1844 sigua,
816 1784 841 1831 et

33 1867 69 1914 per
78 1865 232 1916 consequens
241 1850 380 1914 pertinentia
394 1868 407 1898 n
418 1852 446 1902 ad
456 1856 523 1916 pacta
534 1853 635 1915 quadam
645 1852 839 1917 significationum

30 1938 75 1973 cum
93 1923 245 1976 daemonibus
257 1923 341 1987 piacita
355 1927 423 1986 atque
438 1923 561 1983 foederata,
573 1941 587 1970 n
604 1928 629 1975 et
639 1923 692 1976 idco
703 1937 740 1974 ars
751 1923 839 1975 rotoma

31 2013 42 2041 r
54 1996 152 2061 penitus
164 1999 203 2045 est
217 1993 357 2058 repudianda
370 1999 393 2044 et
404 1994 509 2058 fugienda
519 1995 651 2057 christiano,
660 2013 674 2043 n
685 1996 744 2046 sicut
752 2001 776 2046 ct
788 1996 838 2048 aliar

30 2074 111 2118 cartes
132 2065 265 2130 nugatoria
284 2065 321 2114 uel
337 2063 414 2118 morie
427 2066 606 2130 superstitionis,
627 2084 642 2114 n
658 2073 683 2117 ut
699 2068 839 2130 mqustinus

29 2139 88 2200 dicit,
103 2139 125 2188 ll
142 2139 184 2188 De
194 2136 314 2186 doctrino
323 2136 413 2186 odrici.
429 2139 493 2202 (cap.
504 2139 559 2201 xl).
569 2139 611 2187 list
623 2139 692 2190 etiarn
705 2137 839 2201 hujusmodi

28 2222 59 2258 ars
78 2205 193 2258 inefficax
207 2207 236 2256 ad
247 2205 364 2259 scientiam
380 2206 547 2270 acquirendam.
559 2207 618 2258 cun
632 2208 694 2258 euim
708 2221 748 2272 per
760 2207 839 2271 lujano-

28 2281 87 2329 nodi
104 2285 182 2330 artem
206 2289 252 2327 non
274 2277 405 2328 intendatur
421 2278 541 2341 acquisitio
565 2278 666 2330 scientiae
689 2291 730 2342 per
747 2282 838 2328 modum

29 2351 116 2401 homini
132 2349 308 2401 connaturalem
323 2348 429 2413 (scilicet
442 2351 609 2401 adinveniendo
627 2352 662 2401 rel
690 2349 836 2414 ddisceudo),

28 2435 173 2486 consequens
188 2427 225 2472 est
243 2419 303 2485 qudd
317 2421 360 2472 iste
375 2421 469 2472 ellectua
484 2423 521 2474 nel
541 2426 662 2486 expectelu
691 2421 764 2474 auec
774 2423 838 2474 nell

31 2494 183 2545 damonibus.
203 2493 297 2544 Certum
317 2497 354 2543 est
371 2495 445 2542 autem
469 2493 584 2555 aliquoslr
601 2493 647 2542 ileo
667 2493 839 2558 sapientiarum

30 2565 150 2616 scientiam
169 2577 211 2628 per
227 2563 368 2614 infusionem
388 2563 510 2624 habuisse,
524 2564 584 2614 sicut
603 2563 631 2615 de
648 2564 767 2616 Salomone
781 2564 839 2626 legi·

31 2640 72 2696 tur,
87 2638 119 2686 lll
132 2639 204 2700 lleq„
213 2636 259 2698 lll,
274 2639 299 2686 et
310 2636 329 2685 ll
343 2633 469 2698 roratio,
481 2637 500 2686 l.
514 2636 624 2686 Dominus
636 2636 704 2686 etiam
718 2637 836 2700 discipulis

31 2708 76 2756 suis
92 2707 172 2769 dixit,
194 2708 268 2767 Luc,
282 2707 333 2756 lllll
350 2721 356 2756 :
375 2721 388 2753 n
403 2706 450 2770 Ego
464 2707 521 2758 dato
536 2707 635 2758 robisos
648 2712 671 2757 et
687 2708 833 2772 sapientiam,

32 2780 64 2827 cui
84 2791 134 2830 nco
151 2783 260 2844 poterunt
272 2779 380 2828 resistere
394 2782 417 2828 et
437 2779 593 2829 contradicere
615 2791 696 2828 omues
715 2777 839 2829 aduersarii

30 2851 114 2914 oestri3
132 2867 147 2897 n
167 2850 209 2900 sed
222 2851 267 2900 looc
279 2851 365 2900 donum
383 2862 429 2900 non
442 2851 508 2900 datur
525 2851 704 2912 quibuscumque
727 2855 766 2899 aut
786 2859 840 2898 conr

30 2925 89 2970 cona
103 2921 265 2973 coenatore
273 2958 283 2988 ‚
299 2921 339 2974 scd
354 2919 480 2974 smuuuun
503 2921 623 2972 arbitrium
636 2920 736 2985 Spiritus
750 2916 839 2979 sancti,
