1934 3284
400 175 433 212 nr
446 175 519 214 snut.
814 171 860 217 soe

54 251 207 302 inordinatum
221 254 296 302 actum
315 267 321 299 z
335 254 358 301 ot
369 251 402 302 sic
414 251 508 316 ponitur
517 254 713 318 scurrilitatem
727 260 780 318 est,
787 256 860 320 jocu-

55 325 133 374 laritas
145 322 249 386 quadam
263 323 401 385 proveniens
412 337 441 374 er
454 324 544 375 delectu
559 325 661 387 utonis,
674 340 726 390 une
741 327 799 378 sicut
812 341 860 379 non

54 393 242 459 potestcolribere
255 394 332 454 uerba,
342 393 373 444 lta
381 407 427 444 non
435 398 512 458 potest
518 395 626 446 cohibere
634 398 757 448 exteriores
766 403 860 461 gestus.

54 467 121 517 Unde
132 465 168 515 od
179 465 280 526 notes,
291 466 319 525 V,
330 479 399 528 super
407 466 472 529 illud,
484 484 499 514 u
508 471 548 518 aut
557 468 730 532 stultiloquium,
743 474 783 520 aut
796 484 860 521 scur-

53 537 144 600 rilitaS,
159 553 173 584 n
191 536 247 586 (licit
265 536 344 588 (llcssa
360 535 477 601 (interlin.
494 536 504 602 )
519 537 608 601 quiin
625 538 728 590 astuitia
741 542 859 594 curialitas

54 609 146 669 dicitnr,
157 608 180 659 irl
192 607 385 670 estjocnlaritas,
401 621 452 671 qun
463 609 533 659 risum
546 623 638 661 morere
652 611 718 662 solet.
728 613 859 672 »Quamvis

53 683 133 746 puseo
145 683 264 742 utumque
284 680 366 730 horum
381 679 461 730 reterri
478 681 508 731 erl
527 682 596 732 reus
613 682 638 731 in
650 680 733 744 quitus
746 684 859 748 contingit

53 763 164 816 peccam
181 750 218 802 uel
237 751 325 801 ratione
341 751 517 814 superfluitatis,
532 752 593 816 quud
605 753 707 817 pertinet
721 755 751 805 arl
765 755 857 806 motti·

53 824 188 888 loquium
207 823 243 874 rel
257 822 344 874 uticus
356 821 520 886 inhonestatis,
530 825 591 888 quod
607 824 707 888 nertinet
719 824 748 874 ad
761 828 859 876 acum'·
898 853 901 858 ·

52 895 166 946 litatem.
181 894 377 958 Exnartoeutom
385 893 487 958 cornuis
496 893 590 958 ponitur
601 895 768 946 immunditia
785 911 858 961 :qna

52 970 132 1032 potest
149 965 237 1017 attendi
255 964 303 1017 sire
325 964 451 1016 secundnm
469 965 621 1018 inordinatam
640 966 786 1019 emissionem
801 983 858 1033 qur·

53 1049 202 1101 rumcumquo
215 1037 407 1100 superfluitatum,
422 1036 459 1086 rel
476 1036 608 1100 specialiter
619 1042 729 1102 quantum
744 1040 772 1089 ad
790 1040 858 1092 omu-

52 1109 142 1161 siouem
157 1107 259 1159 seminis.
270 1107 334 1158 Unde
344 1121 412 1172 snper
422 1107 477 1158 illud
488 1108 524 1158 ud
541 1110 672 1173 notum
685 1124 692 1160 r
706 1111 857 1164 «Fornicatio

52 1185 131 1230 autem
142 1183 166 1230 et
177 1179 252 1230 omnis
263 1177 417 1239 immunditie,
429 1181 484 1240 etc,
495 1194 509 1225 n
523 1179 578 1229 dicit
591 1181 671 1232 Glossa
687 1180 824 1246 (intenuit),
834 1182 858 1234 icl

53 1256 97 1315 est,
108 1269 124 1300 o
135 1249 297 1301 incontinentia
309 1248 428 1314 pertinens
440 1250 469 1300 ad
477 1249 596 1303 libidinem
606 1264 749 1316 quocumque
758 1253 855 1303 noto.»
955 1298 962 1311 ,

82 1324 119 1375 tn
131 1322 231 1386 primum
239 1334 292 1385 ergo
302 1320 431 1384 dicendum,
441 1320 503 1384 qued
513 1317 592 1372 letitia
603 1335 654 1386 qua
663 1327 699 1373 est
706 1323 734 1374 de
743 1327 795 1374 actu
803 1336 858 1388 pec-

52 1397 112 1458 cati,
123 1395 162 1446 rel
177 1393 222 1444 tine
229 1429 238 1456 ‚
248 1393 392 1457 consequitur
404 1405 473 1444 omne
479 1396 615 1457 nemetum,
624 1393 722 1446 maxime
731 1394 794 1458 onoc
805 1408 857 1459 uro

52 1467 112 1520 cedit
127 1480 157 1518 er
166 1464 254 1516 habitu.
266 1464 311 1515 Sed
322 1464 403 1516 letitia
412 1477 478 1530 rega,
488 1466 651 1530 incomposita,
663 1465 762 1530 quanto
776 1466 857 1518 dicitur

50 1539 157 1604 inepta,·
171 1535 284 1603 prsciput
301 1536 372 1587 oritur
390 1550 420 1588 cx
437 1536 584 1588 immoderati
605 1538 736 1602 sumptione
755 1536 801 1588 cibi
818 1537 857 1589 rel

51 1611 120 1676 notris
132 1625 139 1660 :
149 1608 253 1660 similiter
270 1606 339 1660 ctiam
350 1608 471 1661 dicendum
483 1607 544 1671 quot
557 1609 672 1660 hebetudo
689 1609 772 1661 sensus
783 1623 856 1674 quare

52 1689 100 1734 tum
115 1682 146 1732 ad
159 1679 280 1743 elsubilia,
294 1679 443 1730 mnnnniosr
455 1681 572 1730 inuenitur
584 1680 609 1730 in
623 1681 685 1731 omni
696 1685 800 1746 peccato.
810 1681 856 1734 Setl

51 1755 169 1806 hebetudo
182 1751 263 1806 sensus
277 1751 337 1802 circs
350 1751 512 1815 succumbitis,
525 1751 625 1804 maxime
636 1754 739 1817 nmcsdtt
750 1766 781 1804 ex
791 1753 854 1817 gula,

51 1827 142 1878 ratione
154 1824 201 1888 jnm
216 1821 284 1874 dicti.
877 1844 883 1854 =

83 1899 120 1950 ld
139 1896 264 1948 secuntum
276 1894 413 1956 dicendum,
426 1893 489 1958 qutd
502 1893 556 1946 licto
571 1893 635 1944 utilis
648 1893 680 1945 sit
691 1895 791 1946 uomitus
803 1900 858 1960 nost

52 1969 192 2034 superfluam
214 1965 391 2027 comestionem,
416 1968 494 2016 tamen
513 1963 622 2016 uitiosum
640 1971 676 2018 ost
694 1965 754 2030 meod
772 1966 856 2030 alionis

51 2042 106 2092 huic
126 2037 258 2091 necessitati
269 2051 294 2088 sc
309 2037 390 2088 subdat
400 2049 441 2101 ner
451 2036 660 2088 immoderationem
672 2036 717 2088 citi
727 2038 766 2088 rel
777 2038 854 2102 noum.

51 2114 134 2164 Potest
145 2109 321 2174 tannenabsquo
335 2109 401 2174 uulua
414 2108 514 2161 uomitus
526 2106 642 2172 procurari
656 2122 686 2160 ex
699 2108 795 2160 comitio
808 2122 857 2162 me·

52 2183 152 2245 dicium,
162 2180 187 2232 in
202 2180 327 2232 remedium
339 2179 435 2244 alicujus
448 2179 573 2243 languoris.

84 2257 119 2308 tu
135 2253 226 2304 tertium
240 2251 376 2315 moenitum,
390 2249 451 2316 quot
466 2250 591 2302 scurrilitas
602 2250 706 2315 nrmlit
720 2250 812 2315 quidem
824 2264 856 2304 cx

53 2331 107 2378 actu
126 2327 202 2390 gulo3
218 2337 265 2376 nun
279 2329 356 2376 annm
371 2337 400 2376 ex
415 2329 468 2374 actu
481 2322 593 2386 tunna,
606 2322 646 2374 sed
660 2335 689 2373 ex
705 2323 759 2387 ejus
774 2322 856 2374 rotun-

52 2403 109 2466 tate.
131 2399 161 2450 nt
176 2396 230 2448 ideo
243 2396 273 2448 erl
285 2399 404 2461 utrumque
417 2394 501 2446 vitium
514 2398 592 2460 potest
603 2393 728 2459 peninero.
