1934 3284
102 165 147 213 atti
231 175 337 213 sircurana
353 148 479 226 stennon,
496 175 589 220 onnsr.
609 175 651 223 cx,
669 170 724 212 ιιι.
741 175 759 212 ι.

101 255 137 302 eat
149 251 240 315 quidem
257 252 348 302 laisum·
358 249 513 313 materialiter,
526 252 564 302 sed
580 263 625 301 non
642 250 776 312 formaliter,
790 249 844 312 quia
856 247 897 300 ial-

101 324 157 373 citas
176 328 212 374 est
225 328 307 388 preter
323 323 474 374 intentionem
492 321 588 372 dicentis
604 337 609 364 τ
625 322 685 371 unde
704 333 751 372 non
765 322 834 371 habet
846 335 901 386 per·

101 395 183 445 lectam
198 395 307 446 rationem
322 395 448 457 mendacii3
461 395 484 445 id
502 393 562 444 enim
578 393 638 457 qnod
654 397 736 458 praeter
749 393 903 446 intentionem

101 467 195 518 dicentis
206 471 254 529 est,
270 481 310 531 per
324 467 430 520 accidens
441 471 493 528 est,
508 466 568 516 unde
579 477 623 516 non
635 468 710 528 potest
728 478 778 515 esse
795 463 904 530 specifica

101 537 236 589 differentia.
252 539 276 590 Si
292 538 347 589 verd
365 539 448 602 aliquis
468 535 594 588 formaliter
614 537 697 586 ialsum
719 536 792 594 dicat.
812 536 903 586 liabens

101 610 238 661 volunlatem
251 612 333 660 falsum
347 610 445 671 dicendi,
460 608 515 659 licet
525 607 556 658 sit
566 621 644 658 verum
660 609 682 657 id
692 609 752 670 quod
772 606 863 670 dicitur,
879 606 906 656 in

101 685 210 743 quantum
230 685 307 733 tamen
319 682 452 746 hujusmodi
469 684 534 730 notus
549 683 585 730 est
597 679 738 729 voluntarius
759 681 781 728 et
796 675 904 740 moralis,

102 753 170 801 nabet
185 766 226 816 per
244 753 409 808 seialsitatem
425 757 449 803 et
469 765 510 815 per
527 751 630 800 accidens
648 750 782 813 veritatem3
799 749 858 798 unde
873 751 903 799 ad

101 823 199 887 ιριιίιιιι
216 823 326 874 mendacii
340 824 455 889 pertingit
471 822 535 883 Quod
551 826 589 870 aut
590 835 625 872 em
641 821 723 884 aliquis
744 817 847 870 intendat
858 819 903 869 i·al

102 894 217 946 citatem
210 911 235 945 m
249 896 355 979 opinione
373 895 466 945 alterins
482 894 620 944 constituere
636 891 761 942 sallendo
754 903 903 955 insomnem

102 966 200 1048 pertinet
218 969 245 1017 ad
258 968 357 1032 speciem
377 965 503 1029 mendacii,
517 966 554 1016 sed
567 965 595 1014 ad
607 952 734 1028 qnamdam'
740 961 833 1043 perieci'
827 974 905 1012 ionem

103 1037 188 1102 ipsius:
204 1039 263 1089 sicut
277 1039 322 1089 et
316 1053 339 1088 m
351 1039 418 1088 rebus
432 1037 573 1087 naturalibus
587 1035 670 1097 aliquid
686 1033 787 1098 speciem
798 1033 901 1096 sortitor,

103 1109 123 1157 si
133 1109 228 1158 turmam
240 1111 330 1172 lrabeat,
342 1109 431 1159 etiamsi
446 1109 506 1158 decit
519 1107 596 1157 iormae
611 1105 705 1155 effectus
711 1141 719 1167 ‚
732 1104 791 1154 sicut
802 1104 882 1167 putei
876 1119 902 1154 ιιι

102 1179 165 1242 gravi
179 1181 238 1244 qnod
251 1181 363 1230 uiolenter
373 1193 464 1229 sursum
473 1177 593 1235 detinetur,
605 1189 633 1225 ne
643 1176 765 1226 descendat
775 1173 902 1225 secundnm

102 1249 239 1310 exigentiam
255 1265 302 1301 snae
313 1253 399 1301 lormae.
411 1250 509 1311 sicergo
521 1245 653 1312 patetqudd
663 1245 806 1297 mendacium
816 1245 902 1298 directd

103 1323 126 1370 et
140 1321 264 1372 formaliter
277 1321 399 1387 opponitur
410 1320 490 1371 nirtmi
501 1319 612 1370 veritatis.

134 1394 167 1443 Ad
180 1393 278 1456 primum
294 1406 347 1455 ergo
356 1393 488 1474 dicendum
496 1391 556 1455 qudd
566 1390 742 1454 unumquodque
755 1389 830 1451 magis
842 1386 904 1453 judi

103 1465 167 1512 catur
180 1465 305 1514 secundnm
317 1463 342 1512 id
358 1465 419 1544 qnod
434 1463 506 1513 estin
519 1475 547 1513 eo
560 1461 683 1512 iormaliter
703 1460 901 1524 cupersanum

101 1533 226 1587 secundini
242 1535 264 1584 id
277 1537 339 1598 qnod
355 1539 391 1584 est
410 1533 434 1583 in
448 1546 476 1584 eo
491 1532 637 1583 materialiter
650 1537 674 1582 et
688 1545 728 1596 per
746 1530 861 1581 accidens.
876 1533 908 1582 nt

101 1605 153 1656 iden
170 1606 242 1669 magis
251 1607 373 1671 opponitur
386 1606 486 1673 veritati¹
493 1606 519 1654 in
533 1608 641 1668 quantum
657 1608 693 1654 est
704 1603 781 1652 uirtus
798 1603 904 1666 moralis,

103 1677 163 1741 qndd
176 1677 258 1741 aliquis
271 1677 427 1741 dicaturum,
438 1679 558 1729 intendens
574 1677 646 1726 dicore
659 1674 752 1738 lalsnm,
764 1673 832 1738 quim
840 1673 902 1739 qndd

103 1751 161 1801 dicat
170 1751 262 1811 laisum,
275 1749 397 1801 intendens
407 1750 483 1801 dicere
500 1763 588 1800 rerum.

134 1823 168 1872 lid
182 1822 307 1871 secundum
318 1822 454 1883 dicendum,
472 1821 533 1886 qudd
547 1821 606 1870 sicut
620 1821 760 1882 Augustinus
773 1819 829 1869 dicii
842 1819 867 1869 in
881 1821 901 1870 ll

105 1894 139 1942 De
151 1893 269 1942 doctrino
280 1893 368 1942 cleriei.
380 1895 446 1958 (cap.
459 1899 472 1942 3
484 1894 503 1956 )‚
524 1909 537 1939 ιι
546 1905 612 1943 voces
625 1891 766 1956 praecipuum
776 1891 852 1940 locum
866 1894 903 1942 te·

103 1969 158 2014 nent
168 1965 227 2014 inter
239 1963 282 2013 alia
291 1963 366 2027 signa.
378 1981 392 2011 ιι
402 1967 430 2015 nt
439 1964 499 2028 ideo,
512 1964 564 2014 cirm
576 1963 656 2014 dicitur
667 1962 726 2026 qudd
738 1979 751 2009 ι
761 1963 904 2012 mendacium

104 2039 138 2086 est
157 2036 214 2085 laisa
228 2035 290 2085 vocis
305 2035 454 2099 significatio,
473 2053 487 2082 o
502 2036 593 2086 nomino
607 2035 668 2085 vocis
686 2033 819 2094 intelligitur
833 2047 902 2084 omne

103 2108 202 2172 signum.
221 2107 284 2156 Unde
299 2107 337 2158 ille
351 2107 390 2171 qui
404 2107 494 2172 aliquod
511 2107 592 2156 falsum
610 2106 704 2157 nutibus
718 2105 848 2170 significare
864 2106 903 2154 in-

103 2181 214 2242 tenderet,
231 2191 277 2228 non
296 2183 357 2230 esset
370 2179 383 2229 a
398 2177 514 2229 mendacio
528 2178 642 2228 immunis.

136 2252 168 2301 nd
187 2250 280 2300 tertium
299 2250 430 2314 dicendum,
449 2249 509 2313 qndd
523 2249 635 2313 cupiditas
655 2247 746 2297 iallendi
761 2247 861 2311 pertinet
874 2249 902 2298 ad

103 2321 265 2385 perlectionem
283 2321 409 2381 mendacii,
425 2335 470 2372 nnn
484 2324 560 2370 antem
575 2323 601 2371 ad
619 2321 718 2384 speciem
736 2319 823 2383 ipsius,
844 2319 904 2372 sicut

104 2404 148 2441 nec
164 2392 245 2456 aliquis
262 2393 357 2442 eileclus
372 2392 468 2455 nominet
481 2393 508 2441 ad
518 2392 615 2460 speciem
632 2405 678 2442 snae
691 2403 771 2440 canisae.
