1934 3284
336 150 368 201 nt
383 159 509 201 eomm-

247 350 250 355 ’
317 342 477 394 tantulus
493 343 521 394 V.

168 467 254 514 lltriem
262 467 374 524 sumna
381 469 414 514 ait
422 471 544 525 uocatum
553 471 663 516 mortale.

48 597 85 647 Ad
102 594 206 659 quintum
219 595 254 646 sic
265 593 393 659 proceditur
407 594 452 658 (1).
466 595 560 646 Videtur
577 595 637 660 quod
651 596 756 660 superbia
769 609 817 648 non

24 667 47 717 it
60 672 178 732 peccatum
188 667 290 718 mortale.
304 665 362 728 Quia
372 681 440 731 super
450 668 505 718 illud
517 667 613 718 Psutm.
625 669 664 718 Vll
677 683 682 718 ι
700 668 817 721 «Domine

24 743 80 792 teus
97 753 161 790 rneus
174 740 193 790 si
208 739 253 791 ieci
269 740 340 799 istud,
356 757 370 786 1
379 739 433 790 dicit
444 741 524 791 Glossa
538 755 544 790 :
557 757 571 788 1
584 740 677 792 Scilicet
688 740 817 792 universale

24 817 148 871 cereatum,
156 812 218 876 quod
230 815 266 861 cst
277 811 392 876 snperbia.
402 828 416 858 1
428 811 454 861 Si
466 811 536 875 igitur
544 812 648 875 superbia
662 815 722 864 esset
734 824 817 876 pecca·

24 899 67 935 um
84 884 192 946 mortale,
202 897 269 935 omne
287 887 404 948 peccatum
420 887 482 934 esset
497 883 600 936 mortale.

48 961 74 1006 2.
91 956 200 1008 Praeterea
209 993 216 1016 ‚
225 969 294 1006 omne
307 959 424 1019 peccatum
435 954 582 1006 contrariatur
595 953 708 1005 unanimi.
724 954 769 1005 Seri
781 968 820 1008 tu·

24 1027 96 1078 rerbia
113 1040 159 1077 non
176 1027 267 1077 ridetur
284 1026 417 1076 contrariari
437 1027 557 1090 charitati3
574 1039 647 1089 neque
667 1030 774 1089 quantum
791 1027 820 1078 ad

25 1097 163 1158 ilectinnern
174 1099 226 1161 liei,
239 1111 312 1162 neque
321 1103 431 1161 quantuni
445 1099 472 1148 at
483 1097 629 1148 dilectionem
644 1097 754 1161 proximu
766 1097 819 1162 nuta

25 1169 154 1220 xcellentie
166 1183 234 1234 quarn
247 1170 298 1233 orris
316 1168 442 1220 inordinate
456 1183 499 1233 per
516 1168 643 1233 supertiam
658 1169 756 1232 appetit,
773 1181 820 1220 non

26 1253 112 1304 emper
123 1241 270 1293 contrariatur
282 1240 362 1292 honori
373 1240 428 1302 liei,
444 1245 484 1291 aut
493 1241 584 1292 utilitati
594 1239 700 1306 prcuimi.
712 1239 771 1306 Ergo
780 1255 821 1292 su·

24 1313 100 1366 rerbia
114 1326 159 1363 nnn
176 1319 212 1365 est
227 1319 344 1379 peccatum
358 1313 462 1364 mortale.

50 1391 75 1434 3.
93 1385 219 1445 Praeterea,
236 1399 303 1437 omne
321 1389 440 1450 peccatum
456 1385 550 1436 mortale
566 1383 715 1436 contrariatur
731 1379 818 1434 uirtuti.

24 1458 66 1510 ted
82 1457 184 1520 superbia
194 1471 240 1508 nou
251 1457 400 1509 contrariatur
413 1456 505 1518 rimati,
517 1457 555 1507 sed
567 1455 644 1520 potitis
654 1467 682 1505 ex
694 1465 720 1502 ea
735 1453 815 1517 oritnr;

24 1530 75 1596 puia
89 1532 113 1578 ut
125 1529 244 1593 Gregorius
257 1529 314 1580 dicit
326 1529 427 1592 xxxiv.
442 1528 532 1580 Merui.
549 1530 619 1593 (cap.
634 1531 683 1587 18,
696 1525 744 1576 sive
760 1523 820 1588 19),

24 1600 170 1663 rationando
188 1603 256 1652 homo
269 1615 298 1652 ex
318 1601 413 1652 summis
430 1600 604 1664 coelestibusque
621 1597 741 1650 virtutibus
754 1597 821 1648 iutu-

24 1672 111 1726 nescit.
125 1674 208 1736 »Ergo
222 1673 327 1738 superbia
339 1686 383 1723 non
397 1678 433 1724 est
447 1678 564 1738 peccatum
580 1671 681 1722 mortale.

51 1744 99 1795 Sed
119 1749 196 1794 eontra
215 1749 265 1802 est,
282 1744 342 1807 qnod
356 1744 477 1807 Gregorius
494 1743 520 1793 in
538 1744 616 1794 eodem
632 1741 672 1794 lib.
692 1741 763 1805 (cap.
781 1742 820 1804 18,

24 1819 70 1868 ive
81 1819 111 1864 23
119 1814 139 1873 t,
148 1814 202 1864 dicit
215 1813 276 1879 quid
290 1814 514 1866 «euidentissimum
526 1813 671 1876 reproborum
682 1812 772 1876 signum
786 1814 822 1863 est

24 1885 143 1952 inpertia3
158 1891 181 1936 at
195 1892 275 1938 contra
285 1886 413 1947 humilitas,
424 1887 557 1937 electorum.
570 1901 584 1932 u
596 1885 642 1935 Sed
658 1884 762 1934 homines
776 1895 823 1935 non

23 1961 83 2012 iunt
95 1958 184 2022 reprobi
202 1972 242 2022 pro
259 1958 360 2022 peccatis
376 1957 511 2008 venialibus.
529 1954 588 2020 Ergo
601 1954 708 2020 superbia
727 1968 773 2007 uon
787 1956 823 2005 est

24 2033 140 2085 ›eccatnm
154 2031 261 2090 reniale,
276 2031 315 2080 scd
332 2031 435 2081 mortale.

54 2105 215 2170 (Conmusro.
227 2130 259 2142 -
269 2103 379 2168 Superbia
394 2106 471 2154 estex
485 2114 526 2152 auo
540 2111 622 2162 genere
636 2101 752 2162 peccatum
763 2111 824 2149 mor·

24 2179 68 2228 ale
78 2214 85 2237 ,
95 2189 141 2238 quo
150 2176 265 2240 quisteo
281 2175 372 2226 rebeliis
386 2176 427 2238 tit,
445 2173 490 2224 nisi
504 2171 563 2226 adsit
574 2169 715 2236 imperiectio
728 2169 821 2235 acinis.)

54 2249 191 2312 Respondeo
203 2247 342 2306 dicentium,
357 2245 537 2312 quiasuperius
551 2242 674 2294 humilitati
692 2240 823 2306 opponitur.

24 2319 145 2374 lumiiitae
168 2324 244 2373 autem
267 2318 356 2384 proprii
377 2319 472 2384 respicit
492 2315 655 2382 subjectionem
677 2311 776 2362 hernicis
795 2313 824 2362 acl

24 2395 111 2454 lcum,
127 2394 152 2440 ut
166 2389 233 2456 snpra
247 2390 330 2442 dictum
348 2394 384 2440 est
395 2393 449 2454 (qu.
464 2393 526 2450 161,
538 2391 580 2437 art.
596 2389 622 2449 1,
636 2385 664 2434 11
675 2389 688 2433 a
699 2383 718 2447 ).
739 2382 824 2434 liniet

24 2462 138 2516 mnirario
155 2462 259 2526 superbia
274 2461 362 2526 proprie
381 2461 475 2525 respicit
489 2457 601 2510 deiectum
617 2457 688 2522 liujus
702 2453 824 2518 subjectio·

24 2535 76 2596 ais3
92 2532 217 2583 secuntum
234 2533 321 2585 scilicet
335 2533 395 2598 quid
406 2533 488 2596 aliquis
504 2544 529 2582 se
542 2527 632 2580 extollit
642 2539 710 2591 supra
726 2525 749 2574 id
763 2525 824 2590 quod

24 2610 60 2656 est
76 2604 119 2654 sibi
133 2605 251 2668 praelixam
267 2604 390 2655 secundum
404 2604 504 2654 uicinam
520 2602 619 2664 regulam
635 2599 670 2652 vel
685 2610 822 2660 mensuram

24 2681 103 2728 mntra
120 2676 144 2726 id
157 2678 216 2740 quod
233 2676 354 2742 Apostolus
371 2675 425 2728 dicit
436 2676 465 2726 ll.
477 2673 513 2724 od
525 2675 594 2730 Cor„
609 2671 630 2722 x
643 2686 650 2722 ε
663 2688 676 2718 u
687 2671 735 2721 Noe
748 2673 824 2721 autem

59 2829 93 2893 (ii
108 2833 142 2877 Dc
151 2831 266 2879 bisetium
278 2834 321 2893 Ν,
334 2831 411 2882 sint..
425 2830 479 2876 dist.
498 2828 539 2888 ³3,
554 2841 595 2887 qu.
606 2827 635 2888 1,
650 2825 826 2886 11111111-

24 2896 103 2941 tiunc.
119 2894 144 2955 S,
156 2895 186 2940 ad
197 2893 222 2941 8.
