1934 3284
280 134 282 140 ’
356 121 395 198 ιιιι
411 155 517 198 memte.
652 131 658 141 ’
789 153 838 201 m

35 240 117 290 autom
135 233 252 288 molestius
269 246 325 299 qum
337 236 391 286 sunt
406 247 436 286 cx
452 234 545 287 delectu
561 235 730 289 delectabilia
745 239 836 302 mitte,
860 303 863 308 ι

35 309 142 374 pertinet
150 309 178 360 ad
186 307 358 372 tempemntiam
372 310 396 358 et
409 308 435 358 ud
450 309 527 371 partes
539 308 639 373 ejdem
648 309 709 362 tales
721 314 777 362 sunt
787 325 839 364 mo·

35 381 112 451 lestis
127 379 221 445 ieiunii.

332 484 492 541 tumemus
507 487 547 539 ΙΙΙ.

226 611 309 659 virium
316 641 319 645 ι
323 613 445 671 jejunium
457 614 490 658 rit
498 613 526 658 in
535 617 657 671 praeopto.

69 743 106 795 ld
119 741 213 794 tertium
227 740 260 792 sic
272 741 409 806 proceditur.
427 739 521 792 Videtur
538 740 598 804 qudd
611 741 724 806 jejunium
743 755 790 793 non
807 743 840 793 sit

36 816 62 867 in
83 816 208 880 precepto.
226 813 342 876 Praecpta
356 811 418 862 enim
432 820 477 862 nou
491 813 571 862 dantur
582 811 610 862 de
624 813 839 878 operitossupere-

36 885 254 951 rogationemque
267 883 404 933 raduntsulr
419 882 523 934 consilio.
542 882 588 934 Sed
595 883 709 948 jejunium
727 888 763 934 est
780 897 839 948 opus

36 954 263 1022 supererogationis,
276 953 376 1018 alioquin
393 953 476 1017 ubique
494 958 518 1004 et
536 967 624 1018 semper
642 955 759 1018 mundior
779 960 841 1007 emet

37 1027 216 1082 amovendum.
230 1027 290 1090 Ergo
304 1025 417 1091 jejunium
429 1039 477 1076 non
493 1025 553 1076 eadit
566 1027 610 1095 sup
621 1029 744 1090 pmcopto,

69 1106 95 1152 i.
117 1101 246 1161 Prmterca,
259 1097 396 1160 quicumque
414 1094 577 1160 transgreditur
594 1101 744 1162 praereptum,
759 1099 839 1162 peceat

39 1171 179 1223 mortaliter.
195 1168 218 1219 si
234 1181 287 1232 ergo
305 1168 418 1233 ieiunium
433 1172 495 1218 esset
511 1167 537 1218 in
554 1171 684 1232 prerepto,
699 1182 780 1220 omnes
792 1181 839 1220 nou

37 1245 173 1309 ieiunantes
185 1239 309 1292 mortaliter
325 1243 445 1304 pererrent
459 1252 519 1304 uper
536 1241 599 1303 quod
614 1239 729 1291 uideretur
741 1253 839 1304 mugnus

38 1318 137 1382 laqueus
149 1311 278 1364 hominibus
291 1324 342 1363 esse
355 1311 463 1376 injectus.
603 1338 608 1347 ι

72 1391 97 1438 e.
116 1386 243 1444 Postume,
260 1382 398 1448 Augustinus
415 1382 469 1434 dicit
486 1384 513 1434 in
529 1383 570 1434 lit.
585 1383 624 1432 Dc
642 1398 702 1434 vera
720 1385 840 1449 euttpim

41 1461 110 1525 (cap.
125 1456 181 1520 lt),
194 1454 253 1519 quod
265 1472 279 1504 u
293 1455 321 1506 alr
331 1455 381 1520 ipsu
394 1455 435 1506 liei
448 1455 563 1521 sapientia
576 1456 669 1506 ironice
678 1460 796 1522 assumpto
802 1491 811 1520 ,
826 1457 839 1508 t

39 1543 87 1597 quo
100 1529 126 1580 in
134 1528 261 1578 liherutam
269 1527 344 1578 uocati
357 1541 446 1592 sumus,
458 1541 530 1592 pauca
540 1530 681 1578 mmameuta
691 1527 838 1579 saluberrimi

40 1601 299 1662 consuluissentque
311 1599 441 1650 societatem
451 1598 574 1650 Christiani
582 1598 676 1662 populi,
689 1600 733 1649 hoc
744 1603 781 1650 est
795 1600 838 1651 sul)

39 1687 88 1726 uno
105 1671 153 1722 lieo
173 1670 249 1722 liberm
266 1669 434 1732 multitudiuis,
451 1672 602 1722 metiremnt.
616 1687 630 1719 u
646 1671 690 1722 Sed
706 1670 841 1722 non-mindo

41 1747 135 1798 uidetur
149 1742 241 1794 libertas
259 1739 338 1806 populi
349 1741 480 1792 chistiani
490 1741 599 1805 impediri
617 1756 659 1806 per
674 1741 840 1793 multitudinem

41 1813 249 1876 ohsemantiamm
259 1812 327 1877 quim
338 1825 380 1876 per
391 1813 557 1863 multitudinem
570 1817 769 1865 strumentorum.
780 1813 840 1864 llicit

41 1890 104 1941 enim
118 1885 257 1950 Augustinus
270 1885 295 1935 in
308 1885 350 1935 lit.
365 1885 398 1934 ad
415 1885 592 1948 inquisitiones
608 1885 729 1938 renuerit
744 1886 839 1949 (Epist.

41 1962 132 2022 cxlx,
147 1956 344 2022 cap..19)‚qudd
357 1973 370 2005 u
384 1956 475 2020 quidam
491 1956 565 2020 ipsam
581 1956 711 2019 migrarem
729 1961 837 2019 nostram,

41 2047 112 2099 quam
121 2029 313 2090 maniiestissimis
322 2033 345 2080 et
351 2027 683 2092 paucissimis'eeleomtionnm
693 2028 840 2079 sacramentis

42 2105 86 2156 liei
96 2101 252 2155 misericordia
266 2100 340 2156 uoluit
352 2113 403 2151 esse
416 2099 524 2163 liberam,
537 2098 773 2161 sutiliuspremunt
785 2111 841 2149 one-

42 2177 117 2228 ribus.
128 2191 142 2223 u
152 2173 211 2238 llrgo
220 2173 313 2224 uidetur·
320 2171 381 2236 quod
390 2185 436 2223 nou
449 2171 528 2223 debuit
537 2183 579 2234 per
590 2169 715 2220 moesiam
726 2169 840 2234 jejunium

43 2249 87 2300 snb
98 2249 212 2311 precepto
224 2243 321 2295 institui.

74 2321 121 2371 Sed
134 2320 268 2380 commeent,
279 2317 341 2380 quod·
351 2316 503 2380 Hieronymus
516 2314 543 2364 ad
555 2311 675 2364 Lacinium
684 2313 739 2364 dicit
748 2311 839 2378 (Epist

42 2391 144 2446 xxviii.
154 2390 162 2452 l
174 2427 181 2451 ,
193 2390 223 2440 de
234 2387 333 2454 jejuniis·
341 2389 435 2452 loquens
446 2402 452 2437 :
464 2403 478 2434 u
490 2386 633 2450 Unaqumque
644 2383 762 2448 pmrineia
770 2385 841 2436 aiun-

43 2467 82 2516 det
96 2463 122 2514 in
133 2473 175 2513 suo
188 2473 271 2523 sensu,
282 2463 304 2510 et
312 2462 426 2524 prompta
439 2459 550 2523 majomm
562 2457 625 2520 leger
637 2456 774 2520 apostolicas
783 2456 841 2507 ariri·

42 2538 123 2586 tratur.
135 2533 194 2596 Ergo
207 2531 320 2596 jejunium
333 2535 368 2582 est
381 2531 406 2581 iu
418 2534 542 2594 precepto.

77 2602 344 2671 (mumus10.-.-udm
361 2602 476 2668 jejunium
491 2601 520 2651 ud
539 2600 653 2664 culparum
667 2599 802 2650 deletionem
816 2604 841 2651 ct

44 2675 205 2729 cohibitionem
225 2679 249 2726 ot
266 2676 293 2725 ad
307 2673 390 2725 mentis
404 2673 428 2722 in
446 2671 570 2737 spiritualia
587 2669 736 2722 elevationem
748 2673 840 2735 salem,

44 2747 185 2802 conueniens
196 2746 240 2798 luit
248 2749 273 2797 ut
282 2746 414 2810 quibusdem
424 2745 531 2796 humanis
543 2742 631 2806 legibus
639 2754 667 2791 ac
682 2741 765 2795 diuinis
782 2757 841 2808 prte-

45 2824 112 2886 ceptu
124 2821 153 2870 de
164 2817 253 2884 jejunio
265 2822 289 2870 et
301 2818 362 2870 illius
378 2817 535 2870 obseruatione
543 2814 673 2878 darentur.)

76 2891 211 2957 Respondeo
221 2889 421 2955 dicendumque
430 2889 526 2942 sicutad
536 2885 779 2954 mculmeuprinalpeu
788 2900 840 2954 per
