1934 3284
114 159 128 178 ¹
139 162 170 214 tt
257 171 367 214 eccum
382 170 509 222 morou,
520 169 617 217 ocur,
631 171 727 223 cxmr,
741 170 796 211 nr.
810 173 829 210 ι.

443 367 604 420 acalauius
617 365 636 420 Ι.

319 495 404 540 otram
414 493 507 540 devotio
520 493 553 539 ιιι
567 491 676 550 operiatis
684 495 775 542 actae..
861 507 865 514 ·

173 621 206 672 ,td
219 620 315 686 primum
330 621 363 672 sic
372 619 501 686 proceditur
510 619 556 684 tt).
569 619 664 669 Videtur
677 617 739 682 quoa
752 618 844 670 dovotio
852 633 915 674 non
931 624 955 678 si

141 692 245 758 spectatio
261 696 332 744 actos.
347 693 404 743 lttod
418 694 481 743 oraim
500 691 560 756 qaod
580 689 677 755 pertinet
690 691 719 741 aa
737 691 829 741 modom
845 691 955 749 atior-m]

142 768 250 827 actuum,
264 777 311 816 roo
319 764 408 816 ridear
419 777 470 815 cose
482 763 589 827 opecialic
604 764 677 812 ιιιιιι.
691 763 736 812 Sed
750 763 840 813 devotio
849 763 955 820 videtu

141 838 255 901 pertinere
268 838 296 888 ad
306 839 397 888 modam
406 837 502 888 aliorum
517 838 622 897 aarum
633 834 784 885 diciturenim
795 835 825 887 11.
841 837 952 892 Paral,

142 909 214 960 XXIX
227 925 232 958 :
246 925 260 958 a
272 908 358 960 Obtulit
367 908 473 958 universa
482 907 602 958 multitado
611 905 697 956 hoctar
710 909 734 956 et
745 905 832 968 audes,
839 910 864 957 et
879 911 955 965 hoto·

142 983 233 1043 ιιιιιι,
247 984 324 1031 mente
340 977 429 1029 devota
444 993 458 1024 o
471 977 531 1040 crgo
541 977 632 1028 dovotio
644 989 691 1028 coc
701 980 737 1027 cot
750 974 852 1039 pericia
867 988 955 1036 actus

174 1055 198 1102 t.
212 1052 338 1112 Proteroa‚
350 1049 426 1099 nullus
434 1048 540 1112 specialis
551 1051 614 1098 actas
625 1047 742 1098 invenitor
754 1047 778 1098 ir
795 1048 901 1104 dirersis
917 1071 955 1119 ge

143 1123 236 1173 neritus
252 1125 350 1172 acuum.
367 1119 411 1170 Sed
427 1118 518 1170 dovotio
533 1116 649 1170 irreaitor
661 1117 686 1166 io
705 1116 803 1169 aircroio
819 1125 955 1183 gener-ihm

143 1197 246 1254 actuum,
257 1193 344 1242 scilicet
353 1191 377 1240 ir
388 1190 475 1241 actibus
484 1189 651 1252 corporalibus,
662 1192 687 1239 et
694 1189 763 1239 ctiam
776 1190 955 1254 spiritualibus

142 1263 296 1314 diciturenim
310 1261 392 1325 aliquia
404 1265 427 1312 et
441 1261 524 1312 devote
539 1260 658 1325 metiari,
674 1262 698 1310 et
711 1260 793 1312 devote
810 1275 873 1324 gorra
892 1269 955 1320 {lec⁴

142 1337 199 1385 tere.
214 1336 272 1397 Ergo
283 1333 372 1385 devotio
385 1336 475 1384 nonest
489 1331 594 1397 spectatis
605 1336 679 1383 aare.

176 1410 198 1455 t.
214 1407 327 1456 proterea
338 1443 344 1466 ,
357 1404 430 1456 omnir
445 1407 509 1454 actos
523 1403 627 1468 specialis
640 1406 680 1453 aot
693 1406 730 1453 cot
742 1403 897 1472 appetitiva,
916 1427 955 1462 au·

144 1475 302 1540 cognoscitiae
311 1475 402 1527 virtutis
415 1475 468 1541 (rel
481 1475 609 1539 potentia).
623 1474 668 1525 Sed
680 1473 771 1526 devotio
781 1476 855 1526 recta
863 1492 955 1534 earurr

144 1547 308 1612 appropriatur,
322 1550 349 1596 ut
362 1547 424 1610 patet
433 1545 567 1597 diocamoti
577 1559 618 1610 per
633 1545 734 1608 ringulae
748 1545 837 1610 specior
851 1555 955 1606 actuun

144 1619 261 1682 utriusque
278 1617 362 1684 partic,
380 1631 430 1682 qua
446 1617 514 1681 supra
530 1619 667 1667 enumerata
688 1619 750 1666 sort.
773 1616 833 1682 Ergo
852 1621 955 1676 devoti<

144 1701 191 1738 non
208 1691 243 1739 est
257 1687 361 1752 specialis
376 1691 447 1739 actus.

176 1760 220 1811 Sod
239 1763 316 1810 contra
330 1762 380 1822 est,
396 1759 458 1824 quod
471 1761 557 1811 actibus
573 1771 698 1822 meremor,
714 1763 741 1810 ιιι
758 1759 826 1824 capra
839 1762 955 1817 habitura

144 1837 180 1881 est
196 1832 237 1896 (t,
254 1835 278 1895 2,
292 1845 331 1894 qu.
350 1833 394 1892 71,
406 1835 449 1882 art.
466 1830 506 1895 5).
519 1829 564 1880 Sed
579 1829 669 1880 devotio
682 1829 751 1880 hahet
768 1831 899 1894 specialem
922 1852 955 1887 ra-

145 1902 231 1953 tionem
245 1902 354 1953 memnii.
373 1903 431 1965 Ergo
444 1901 536 1952 devotio
546 1904 582 1951 est
595 1899 699 1964 specialia
709 1904 781 1950 actor.

178 1973 343 2039 (Coaccoaro.
357 1999 389 2012 -
402 1973 497 2024 Devotio
510 1969 615 2035 specialia
628 1971 720 2035 quidam
735 1974 799 2022 actuo
813 1976 850 2024 est
863 1978 955 2030 volan·

145 2045 198 2094 tatis
212 2048 321 2110 prompte
334 2049 358 2096 et
372 2048 455 2110 parata
471 2044 499 2094 ad
512 2042 614 2095 iacienda
626 2055 773 2106 quacumque
783 2043 811 2092 ad
822 2044 864 2095 Dei
877 2052 955 2100 servia

145 2114 202 2164 tium
215 2119 238 2166 et
256 2117 388 2168 famulatum
400 2113 530 2179 spectant.)

177 2187 312 2252 Respondeo
326 2187 463 2246 dicendam,
483 2183 543 2248 qaod
564 2184 656 2236 aerotio
672 2183 777 2235 dicitart
792 2185 938 2240 devovendo
950 2204 955 2254 ς

146 2257 206 2309 unde
222 2258 308 2308 devoti
320 2257 426 2309 dicuntur
436 2257 476 2320 qui
488 2255 575 2319 seipsos
586 2257 749 2319 quodammodo
762 2256 809 2307 Deo
821 2258 955 2324 <tererent¹

146 2333 173 2379 at
181 2330 204 2380 ei
215 2343 240 2380 oe
250 2331 349 2381 totaliter
362 2329 473 2379 comant:
484 2330 578 2392 propter
590 2327 651 2390 qaod
660 2331 683 2378 et
698 2327 753 2378 olim
767 2327 827 2392 apud
842 2329 955 2382 Gentiles

147 2400 234 2450 devoti
247 2401 391 2461 dicebantur,
409 2399 449 2462 poi
464 2399 553 2463 seipsos
564 2398 630 2449 idolis
646 2398 788 2449 devovebant
800 2399 825 2447 in
838 2405 955 2466 mortem,

145 2486 186 2536 pro
203 2474 239 2524 sai
258 2473 330 2523 salute
348 2471 475 2533 exercitis,
491 2471 549 2521 siout
562 2472 591 2522 da
603 2470 689 2522 tuoto
701 2469 774 2520 Deciis
791 2469 857 2521 titas
873 2473 955 2524 Liviae

147 2547 231 2594 rarat.
247 2545 310 2597 Unde
321 2543 412 2593 devotio
424 2541 483 2592 nihil
497 2542 558 2593 aliud
567 2556 618 2593 em
634 2541 724 2591 ridetar
734 2540 803 2605 quim
817 2542 955 2592 «volontas

147 2616 249 2678 quadam
262 2613 364 2678 prompte
377 2614 481 2666 tradendi
496 2627 521 2665 so
534 2615 563 2664 ad
576 2625 604 2664 ea
616 2626 666 2677 qua
678 2612 794 2676 pertinent
806 2611 835 2662 ad
855 2613 902 2663 Dei
917 2613 952 2661 fa-

148 2685 265 2735 mulatum.
283 2685 374 2735 »Unde
393 2685 489 2743 Ecod„
510 2685 605 2747 XXXV,
621 2683 702 2734 dicitur
719 2682 808 2746 qood«
826 2683 955 2734 multitudo

148 2755 243 2806 filiorum
258 2755 326 2808 lsrael
343 2756 423 2808 obtulit
436 2759 513 2808 monte
533 2753 701 2820 promptissima
717 2758 785 2819 atque
803 2753 889 2808 derat
903 2754 954 2818 pri-

152 2908 156 2912 ·
183 2889 213 2954 (1)
232 2893 264 2938 Do
276 2893 390 2944 hicetiam
402 2892 474 2953 iatri,
490 2889 581 2951 qu.8³‚
593 2896 637 2938 art.
647 2889 673 2950 a,
687 2890 717 2937 cd
731 2890 754 2936 ί.
