1934 3284
359 193 391 230 nn
406 189 553 233 erumnose.
808 187 855 235 229

48 272 130 325 stlte.
147 271 216 335 (esp,
228 271 272 334 5),
287 269 320 320 ita
335 269 403 320 etiem
416 267 564 323 irreverentia
576 272 611 321 eet
626 270 652 322 in
663 283 692 322 en
707 270 747 336 qui
765 271 855 324 irreve-

48 348 127 394 renter
139 355 165 393 se
176 342 259 404 lethei,
272 341 377 406 quamvis
387 341 457 392 etiam
471 339 529 391 nihil
542 346 623 393 nocent
639 343 663 394 ei
676 343 713 392 eui
726 343 854 396 irreveren-

48 417 104 465 tium
123 413 229 465 exhibet.
244 413 359 472 Quantum
370 425 423 476 ergo
437 415 472 464 est
485 411 585 476 inipso,
599 427 648 465 rem
663 427 748 467 uuum
767 415 854 480 uiolet,

48 485 103 538 lic'et
115 485 157 538 ille
169 484 196 536 in
209 495 235 538 se
249 497 297 534 non
312 483 422 538 violetur..

351 663 508 715 AR'HCULUS
523 663 551 714 ll.

183 791 272 836 Utrum
280 789 434 846 saerilepium
447 790 479 834 nit
487 793 610 846 peceatum
617 791 727 847 ommia.

79 921 113 971 ld
131 917 258 969 seeundum
273 917 306 967 sie
322 917 460 981 proceditur.
470 917 566 968 Videtur
581 916 642 982 quod
655 917 795 982 antilogium
806 933 854 973 non

49 991 77 1041 sil
91 993 216 1055 peecatum
233 988 339 1053 speciale.
355 988 439 1038 Dicitur
455 989 516 1040 eninr
525 989 600 1050 llVll,
616 1004 656 1053 pn.
672 993 706 1037 l:
722 989 854 1049 «Commii-

50 1067 100 1114 tnnt
112 1061 260 1128 sacrilegium
268 1060 309 1126 qni
321 1060 346 1112 in
355 1061 437 1112 divine
453 1062 510 1124 legis
520 1062 664 1112 sanctitatem
678 1063 718 1110 aut
730 1060 853 1112 nesciendo

50 1133 211 1194 committunt,
226 1137 267 1182 eut
285 1132 421 1196 negligendo
438 1127 526 1184 violant
543 1137 567 1183 et
579 1132 705 1184 oflendunt.
722 1147 737 1179 u
754 1132 798 1182 Sed
809 1133 855 1182 hoe

50 1207 73 1256 lit
83 1219 126 1272 per
136 1217 208 1256 omne
221 1207 355 1268 peoeelum3
368 1217 422 1254 nanu
435 1207 553 1267 peecatum
563 1208 600 1254 est
613 1220 627 1251 u
642 1203 741 1265 dietum,
755 1203 792 1254 vel
805 1203 852 1254 lae·

49 1283 96 1328 tum
103 1315 112 1342 ,
124 1276 164 1327 vel
174 1275 321 1339 concupitum
331 1279 409 1328 eontra
420 1276 495 1339 legem
504 1274 546 1326 liei
549 1292 582 1339 ,u
597 1279 623 1326 nt
633 1275 774 1340 Augustinus
787 1274 852 1338 dieii,

49 1350 107 1400 llllll
123 1350 224 1400 Contra
237 1349 362 1398 Faustum
377 1346 437 1412 (esp.
449 1346 501 1411 27).
511 1347 570 1410 lirge
580 1348 725 1412 saerilegium
735 1351 770 1398 est
780 1361 852 1412 gene·

48 1421 234 1486 ntepeceetnm.

78 1497 101 1542 2.
117 1494 250 1550 Praeieree,
265 1489 352 1541 nullum
369 1490 467 1554 speciale
484 1494 604 1554 peceatum
622 1489 750 1542 continetur
763 1493 805 1544 sul)
819 1493 856 1546 di-

50 1564 120 1614 vereis
131 1560 261 1626 generibus
273 1564 425 1625 peecatorum.
437 1561 482 1614 Sei
497 1561 639 1625 sacrilegium
653 1562 697 1612 suh
710 1562 807 1614 diversis
817 1577 856 1626 ge

50 1637 141 1688 neribus
156 1636 303 1704 peoeuiornrn
318 1633 459 1697 continetur,
467 1633 523 1698 pntl
532 1633 574 1684 suh
582 1632 711 1696 homicidio,
725 1634 806 1698 siquis
817 1649 855 1686 se-

49 1708 165 1760 cerlolem
176 1704 279 1768 oecidet3
288 1705 330 1754 sub
341 1703 438 1766 luituris,
447 1703 529 1770 siquis
539 1704 650 1768 uirginem
658 1706 853 1772 ueraomviolet,

49 1779 82 1828 vel
92 1788 264 1843 quemeumque
283 1774 402 1826 mulierem
420 1775 444 1825 in
457 1777 507 1830 lore
524 1788 600 1838 secro3
615 1775 657 1826 sub
675 1776 752 1838 turio,
768 1775 855 1839 siquis

49 1863 92 1900 rem
104 1861 198 1902 sacram
214 1846 302 1898 iuratus
317 1845 394 1898 inerit.
407 1845 466 1911 Ergo
484 1846 627 1910 saerilegium
641 1859 687 1897 non
704 1850 740 1898 est
753 1847 853 1911 speeiele

49 1925 178 1984 pennatum.

76 1997 98 2043 3.
113 1993 246 2050 Praeterea,
263 1999 331 2041 omne
345 1987 442 2052 speciale
458 1993 576 2053 peecatum
591 1988 706 2042 invonitur
719 1989 851 2042 distinctum

47 2063 73 2112 etv
86 2063 139 2114 eliis
161 2060 281 2126 peccetis,
297 2061 323 2110 ut
339 2060 367 2110 de
382 2059 493 2124 injustitia
513 2060 606 2124 speciali
627 2060 682 2110 dicit
699 2061 853 2125 Philosophus

7 2153 8 2164 r
49 2134 70 2185 in
81 2137 100 2185 V
111 2134 204 2187 utute.
222 2134 290 2196 (cap.
309 2130 350 2196 i).
365 2131 408 2182 Sed
426 2131 569 2197 sacrilegium
584 2145 630 2183 non
646 2132 736 2183 uidetur
754 2133 853 2184 inveniri

49 2205 128 2270 etune
143 2205 198 2256 aliis
207 2203 320 2268 pereatis,
336 2203 376 2252 sed
385 2203 520 2267 quaudoque
533 2202 678 2268 conjungitur
689 2203 757 2264 tntu,
774 2217 850 2266 qnan-

49 2278 117 2342 doque
134 2274 278 2336 homicidio,
293 2277 318 2324 ui
332 2273 416 2324 dietum
433 2276 475 2324 est.
488 2275 539 2325 Non
559 2286 613 2338 ergo
627 2276 662 2324 est
679 2273 777 2337 speciale
797 2287 853 2338 pec-

7 2355 8 2402 }
49 2353 129 2400 cetum.
665 2362 673 2376 ⁸

75 2421 119 2472 Sed
133 2420 216 2470 eontra
225 2419 261 2467 est
273 2431 278 2465 :
294 2416 353 2479 quod
365 2413 488 2480 opponitur
500 2413 593 2479 speciali
604 2414 691 2476 nunti,
703 2418 739 2467 est
751 2416 850 2481 speciale

48 2494 176 2553 uocatum.
192 2488 237 2540 Sed
257 2485 399 2550 saerilegium
414 2485 536 2552 opponitur
549 2485 641 2550 speciali
655 2485 748 2551 virtuti,
762 2486 851 2539 scilieet

7 2571 8 2604 l
49 2561 170 2626 religioni,
187 2559 217 2611 ari
235 2572 303 2623 quiem
323 2557 422 2622 pertinet
435 2558 534 2610 revereri
553 2559 625 2609 Deum
644 2560 667 2608 et
683 2558 770 2610 (livine.
792 2560 851 2624 Ergo

49 2633 193 2697 uorileginvn
205 2635 242 2682 est
253 2628 354 2694 speeiele
371 2633 501 2695 peceatum.

7 2723 8 2736 ¹
78 2705 245 2770 (Concnusro.
257 2727 288 2738 —
299 2699 357 2750 cum
376 2698 534 2766 insaunlegiu
550 2715 587 2752 res
603 2703 651 2753 lieo
664 2701 738 2752 dieeta
754 2701 852 2755 violetur

50 2789 86 2838 per
102 2777 207 2841 aliquam
222 2771 408 2838 irreverentiam,
426 2776 516 2838 oportet
527 2773 639 2838 sacrilegii
652 2773 734 2824 uitium
751 2773 849 2838 speciale

50 2851 167 2910 nennium
179 2846 265 2911 osse.)

7 2957 8 2960 η
78 2920 216 2986 Respondeo
233 2917 369 2982 dioendum,
387 2917 447 2984 quoi
465 2914 602 2982 ubicumque
614 2916 731 2969 invenitur
745 2913 850 2978 spetialis
