1934 3284
134 204 180 252 ado
277 209 385 252 aroma
401 210 526 264 cucuma,
538 211 629 258 onum.
647 210 672 261 c,
685 210 740 250 aar.
754 211 790 250 vr.

427 395 586 448 nummatis
598 394 637 446 Vl.

138 525 222 570 Utrvlm
236 524 268 569 sit
281 521 420 574 conveniens
435 521 563 568 &moniaci
570 534 651 579 poeno,
666 525 695 567 ast
706 521 814 580 minatus
831 535 860 568 eo
874 527 945 581 quod

370 599 415 644 per
424 586 551 632 simeonium
560 584 695 643 acquisivit.

167 714 200 764 dd
217 717 304 764 sertum
319 713 353 765 sic
364 707 502 778 proceditur.
517 711 611 763 Videtur
620 711 682 778 qudd
693 724 741 762 non
757 711 787 762 sit
796 713 945 766 conveniens

136 784 254 838 simoniaci
263 797 345 850 poena,
361 788 387 835 nt
400 785 501 849 privetur
510 796 538 834 eo
547 785 606 848 quod
620 797 661 848 per
673 783 793 834 simoniam
803 783 955 848 aquistris

136 857 236 908 Simonis
251 857 312 908 eninr
328 856 476 908 committitur
488 870 517 906 ex
529 869 556 907 eo
570 854 630 922 quod
644 855 741 920 alicujus
752 856 855 908 muneris
865 856 946 908 inter-

137 933 206 980 ventu
216 928 342 994 spiritualia
354 928 510 992 acquiruntur.
520 927 564 978 Sed
572 928 675 992 quaedm
686 931 739 977 sunt
750 927 944 992 spiritualiaque

81 1031 83 1038 =
137 1001 210 1052 semel
223 1001 305 1066 adepta
318 1013 364 1052 non
378 1002 473 1064 possunt
491 998 572 1063 amitti,
583 997 641 1050 sicut
654 1011 735 1048 omnes
745 999 888 1050 characteres
899 1003 946 1063 qni

137 1086 178 1138 per
192 1073 290 1136 aliquam
308 1071 501 1122 consecrationem
517 1070 686 1135 imprimuntur.
699 1071 759 1134 Ergo
772 1083 819 1121 non
834 1073 870 1122 est
884 1084 946 1122 con-

138 1145 234 1197 veniens
247 1157 325 1208 paena,
340 1146 365 1193 ut
379 1141 430 1206 quis
444 1143 546 1206 privetur
558 1156 586 1194 eo
595 1143 655 1206 quod
669 1140 791 1192 simoniace
803 1142 942 1206 acquisivit.

169 1221 193 1266 ἢ.
208 1215 333 1276 Praeterea,
346 1213 458 1276 continqit
467 1215 604 1280 quandoque
617 1212 677 1278 qndd
689 1212 728 1263 ille
743 1213 783 1277 qni
800 1217 836 1264 est
849 1213 945 1277 episco-

137 1291 215 1352 patum
228 1300 269 1350 per
282 1285 401 1336 simoniam
419 1287 531 1351 adeptus,
548 1285 664 1350 precipiat
678 1285 768 1336 subdito
783 1287 808 1336 ut
819 1285 849 1335 alr
864 1299 893 1337 co
906 1299 944 1337 re·

138 1358 207 1422 cipiat
218 1356 322 1416 ordines,
338 1361 362 1407 et
373 1356 462 1408 videtur
475 1357 534 1420 quod
549 1359 571 1408 ei
585 1358 666 1408 deleat
683 1357 776 1408 obedire
788 1357 897 1422 quamdiu
910 1359 944 1410 ab

138 1427 238 1479 Ecclesia
247 1429 362 1479 toleratur.
378 1428 424 1479 Sed
436 1429 512 1480 nullus
523 1430 591 1480 debet
600 1428 687 1493 aliquid
698 1427 801 1493 recipere
816 1429 845 1480 alr
857 1442 886 1480 co
900 1424 946 1494 qni

138 1499 265 1550 nonhabet
281 1502 417 1564 potestatem
431 1500 573 1553 conserendi.
588 1502 646 1565 Ergo
658 1501 780 1565 episcopus
792 1514 839 1552 non
854 1501 946 1555 amittit

138 1571 289 1635 episcopalem
304 1574 451 1636 potestatem,
465 1572 484 1623 si
496 1585 547 1622 eam
560 1571 683 1624 simoniace
697 1572 827 1639 acquisivit.

171 1647 193 1691 a.
208 1644 328 1705 Preterea,
341 1644 416 1696 nulus
427 1645 495 1696 debet
503 1644 579 1709 puniri
590 1657 630 1709 pro
641 1657 668 1695 eo
677 1644 738 1708 quod
751 1657 797 1695 non
808 1647 943 1697 estfactum

138 1726 166 1764 eo
178 1713 262 1765 sciente
272 1717 295 1765 et
308 1715 408 1780 volente,
418 1716 470 1779 quia
480 1729 547 1779 poena
557 1716 651 1767 debetur
666 1719 760 1780 peccato
773 1717 834 1779 qnod
846 1719 883 1768 est
898 1728 946 1769 vo·

138 1784 275 1849 luntarium,
289 1790 315 1836 nl
327 1800 356 1837 ex
369 1787 436 1851 sopri
453 1786 520 1838 dictis
536 1790 598 1850 patet
612 1788 656 1852 (l,
671 1791 701 1851 2,
716 1802 757 1852 qn.
777 1791 817 1850 st,
831 1792 877 1838 art.
898 1789 944 1850 a).

142 1857 257 1920 Contingit
268 1861 343 1909 autern
354 1859 489 1922 quandoque
498 1857 558 1920 qudd
567 1859 651 1922 aliquis
661 1856 785 1910 simoniace
794 1859 946 1923 consequitur

141 1929 226 1992 aliquid
241 1930 355 1994 spirituale
372 1930 543 1995 procurantibus
557 1930 619 1994 aliis,
632 1943 660 1991 eo
671 1931 788 1982 nesciente
805 1935 829 1981 et
838 1932 942 1984 nolente.

140 2001 200 2065 Ergo
213 2015 259 2053 non
274 2003 342 2054 debet
352 2002 428 2068 puniri
442 2015 483 2067 per
495 2001 646 2066 privationem
661 2003 712 2067 ejus
725 2002 820 2067 quodsi
833 2003 944 2056 nodatum

141 2076 188 2125 est.

173 2149 195 2197 l.
211 2145 333 2207 Praeterea,
347 2145 422 2196 nullus
433 2146 500 2197 debet
514 2147 628 2209 reportare
638 2146 780 2196 commodum
790 2147 819 2196 de
829 2161 872 2199 suo
887 2162 945 2212 pec-

141 2221 199 2268 cato.
214 2219 257 2269 Sed
270 2218 290 2268 si
303 2217 341 2268 ille
356 2217 396 2284 qui
410 2220 546 2269 consecutus
559 2221 596 2267 est
608 2216 743 2268 leucidum
760 2216 944 2270 ecclesiasticum

140 2302 181 2354 per
199 2288 317 2340 simoniam
337 2288 467 2339 restitueret
481 2289 542 2352 qnod
558 2288 676 2353 percepit,
692 2287 828 2357 quandoque
842 2290 888 2340 lnoc
906 2305 943 2341 re-

140 2361 251 2414 dundaret
262 2360 286 2410 in
301 2359 420 2411 utilitatem
433 2373 511 2410 eorum
523 2359 561 2425 qni
574 2360 665 2411 luerunt
683 2359 786 2410 smoniae
800 2360 941 2426 participes,

141 2432 196 2496 put-d
213 2433 302 2495 quando
319 2430 427 2496 praelatus
443 2433 552 2482 ettotam
570 2431 690 2496 colomam
703 2431 728 2482 in
743 2431 865 2482 simoniam
886 2447 943 2485 oon-

142 2503 223 2552 sensit.
236 2503 295 2566 Ergo
309 2516 354 2553 non
366 2516 454 2568 semper
465 2508 502 2554 est
514 2503 680 2555 restituendum
693 2503 754 2567 quod
766 2502 941 2568 parsimoniam

142 2573 274 2636 acquiritur.
726 2615 730 2621 .
822 2633 825 2639 ¹

174 2650 197 2696 5.
212 2648 334 2708 Praeterea,
348 2649 482 2712 quandoque
491 2646 572 2712 aliquis
581 2662 622 2712 per
636 2647 755 2699 simoniam
768 2647 793 2697 in
802 2647 878 2712 aliquo
891 2661 941 2698 mo-

142 2717 240 2767 nasterio
256 2716 362 2781 recipitur
377 2723 400 2770 et
416 2723 494 2770 votum
509 2721 610 2771 solemne
622 2719 654 2770 ibi
674 2719 730 2770 iacit
743 2720 878 2784 profitendo.
893 2720 939 2771 Sed

143 2787 220 2840 nullus
232 2788 298 2838 debet
314 2789 400 2840 absolvi
416 2791 444 2841 ab
460 2790 597 2854 obligatione
607 2791 656 2841 voti
670 2794 761 2854 propter
771 2793 861 2858 culpam
875 2804 942 2842 cnm·

143 2859 246 2986 misam.
259 2859 317 2923 Ergo
329 2872 375 2912 non
390 2862 457 2915 dehet
470 2863 595 2914 monachus
609 2862 670 2931 qnod
683 2861 807 2916 monaci
820 2862 943 2929 acquisivit

144 2941 189 2980 amr
222 2941 257 2988 re.
