1934 3284
108 156 155 204 ets
218 167 326 206 amorne
343 168 472 218 sacurem,
492 170 586 215 orm.
604 171 686 221 creir,
709 169 766 208 aar.
783 175 803 210 ι.

328 383 496 453 QUAESTIO
513 383 645 448 titii.

209 530 243 576 m
256 528 397 580 emnem.
411 530 442 576 m
459 530 569 588 amem
580 503 702 579 mismo
715 533 811 581 mm

138 683 223 740 botrie
243 683 431 735 considerantiam
449 686 487 733 est
499 683 528 733 do
543 683 664 734 sobrietate
681 688 707 734 et
723 685 783 736 vitio
796 688 915 752 opposito,

108 755 196 808 scilieet
208 755 327 807 emittite.

139 829 168 879 m
180 828 240 879 eirea
257 826 400 879 sobrietatem
417 829 552 890 quamnim
566 830 683 891 minor:
698 831 726 878 tt
739 831 798 890 one
816 832 852 882 sit
863 845 917 882 ma·

107 900 165 954 teria
177 899 315 951 sobrietatis.
330 903 357 948 i·
370 897 450 949 Utrbm
464 897 496 950 sit
508 898 617 962 speeiatis
627 899 710 950 virtus.
721 905 749 950 ετ
762 899 848 953 tt'trnm
861 915 917 953 nens

109 971 156 1022 vini
170 971 201 1023 sit
213 971 298 1023 licitus
314 975 340 1022 i⁰
349 969 699 1035 Qubuspreeipnbeompetat.

406 1146 564 1226 ARTICULUS
587 1149 607 1202 1.

273 1273 360 1320 vistim
369 1273 472 1320 materia
481 1271 616 1318 mmietatir
624 1273 657 1318 ait
665 1277 741 1331 potor.

142 1403 175 1454 td
185 1400 284 1466 Ῑττίωτττιτ
296 1401 330 1451 sio
339 1400 479 1466 proceditur.
490 1400 585 1451 Vitetnr
591 1399 652 1466 nabi
665 1398 760 1450 materia
771 1402 870 1466 propris
882 1417 918 1455 so

110 1473 213 1527 trientis
228 1473 320 1524 nonsit
337 1475 413 1538 potus
431 1473 519 1524 broitor
537 1471 599 1523 eninr
619 1472 655 1522 nai
669 1473 751 1528 bom..
762 1473 823 1523 Xtir
838 1492 853 1522 n
867 1477 919 1527 tion

110 1545 164 1610 plns
175 1557 262 1608 sapere,
273 1543 342 1608 quim
352 1547 440 1608 oportet
447 1556 541 1610 sapere,
551 1545 591 1594 sed
601 1553 681 1608 sapere
691 1543 720 1592 ab
732 1543 893 1597 sobrietatem.
904 1565 917 1596 s

111 1617 172 1680 Erpo
186 1615 297 1666 sobrietas
308 1619 345 1668 est
361 1615 428 1666 etiam
440 1616 501 1666 nima
511 1615 662 1679 sapientiam,
675 1618 699 1666 et
708 1627 755 1666 noo
767 1612 845 1666 sotirm
858 1619 918 1669 eirea

111 1690 200 1754 potum.

142 1763 167 1809 ¹.
184 1760 306 1821 Praeterea,
316 1759 441 1824 Scipioni..
457 1759 516 1822 viil,
525 1756 609 1809 dieitur
618 1758 647 1808 de
660 1757 701 1808 bei
711 1758 826 1822 sapientia
836 1795 844 1819 ,
856 1761 916 1824 pubi
945 1817 951 1828 ,

114 1830 282 1882 «sobrietatem
295 1834 318 1881 et
332 1830 476 1894 prudentiam
487 1831 563 1891 docet,
575 1832 599 1880 et
608 1829 730 1894 justitiam,
738 1833 764 1878 et
773 1831 917 1896 virtutem»

112 1902 153 1952 ubi
166 1901 311 1953 sobrietatem
330 1902 395 1966 ponit
411 1915 454 1968 pro
465 1901 625 1964 temperantia.
639 1901 684 1952 Sei
704 1903 857 1964 temperantia
871 1918 917 1955 non

113 1973 185 2025 notiam
195 1974 301 2024 esteirea
312 1977 404 2038 potum,
420 1974 459 2024 sei
474 1973 543 2023 marn
558 1972 617 2022 siren
627 1972 691 2022 eibos
703 1976 727 2023 et
737 1985 845 2025 renem.
859 1977 918 2039 Ergo

114 2045 225 2098 sobrietas
235 2059 281 2097 noa
298 2049 335 2096 est
345 2045 418 2096 sotim
430 2045 491 2096 eirea
502 2049 593 2108 potum.

113 2141 116 2146 ·
147 2124 168 2169 t.
182 2120 307 2179 merea,
322 2130 405 2169 nomen
423 2117 569 2167 sobrietatis
582 2115 596 2168 i
610 2127 715 2167 mensore
729 2122 850 2180 sumptum
866 2133 917 2171 esse

114 2190 215 2241 videtur.
228 2189 271 2239 Sed
281 2188 306 2238 in
315 2189 420 2240 omnibus
432 2201 483 2252 que
492 2189 520 2237 ad
534 2200 577 2238 nos
588 2188 844 2252 pestanensem
854 2205 917 2241 men-

953 200 955 297 i

114 2271 190 2314 ennam
204 2260 519 2313 morisennensium
531 2261 626 2320 Titum,
636 2259 673 2309 n:
687 2259 800 2319 «sobrii,
810 2265 836 2311 et
842 2263 916 2327 insti,
957 2300 960 2313 .

114 2333 188 2398 etpib
199 2334 302 2384 vivamus
311 2333 335 2382 in
347 2335 391 2384 hos
407 2333 499 2392 saeeeio,
513 2332 579 2382 nobi
590 2332 733 2383 iintetosea
747 2347 752 2380 :
770 2349 787 2378 n
797 2333 880 2385 seint
892 2335 917 2384 in

114 2405 194 2468 nobis,
208 2422 222 2452 o
241 2407 265 2455 et
282 2406 299 2456 Ι.
315 2405 350 2454 nd
366 2405 441 2457 iim..
458 2405 496 2463 ii,
510 2403 616 2454 bieitmt
636 2421 651 2451 n
665 2403 773 2454 iteriieres
790 2405 816 2454 in
836 2407 917 2462 habitu

114 2482 209 2534 omato,
224 2491 274 2526 oum
289 2477 425 2528 verecundia
445 2480 467 2527 et
486 2475 608 2526 sobrietate
630 2479 738 2525 omanus
756 2489 791 2524 se.
805 2493 820 2522 o
837 2479 867 2528 Et
884 2478 917 2528 sic

114 2546 204 2596 videtur
215 2549 325 2598 sobrietas
335 2561 385 2598 esse
399 2562 444 2598 non
461 2548 536 2597 solim
549 2548 572 2596 in
587 2546 739 2608 interioribus,
755 2549 795 2597 sed
808 2549 879 2600 etiam
892 2550 915 2598 in

114 2617 151 2666 his
171 2633 221 2678 num
237 2619 352 2680 portinent
365 2620 392 2668 nd
407 2619 543 2668 exteriorem
563 2621 673 2667 habitum.
692 2620 744 2668 Non
757 2632 812 2682 ergo
825 2623 916 2685 propria

116 2690 208 2734 matrim
226 2691 353 2738 subnotatis
367 2695 401 2738 est
415 2697 491 2751 potus.

148 2759 190 2804 Smi
211 2766 288 2808 cortine
310 2767 358 2818 esi,
374 2761 434 2823 quini
454 2761 536 2809 dicitur
550 2761 627 2816 tert,
641 2763 730 2812 xxxi:
752 2779 766 2808 n
779 2764 852 2826 AEqun
871 2763 915 2812 viia

116 2827 246 2944 inoffensius
262 2829 340 2879 ninum
356 2832 379 2880 io
394 2832 524 2883 sobrietate.
539 2833 566 2882 Si
579 2832 644 2882 bibas
658 2833 714 2883 iiiut
729 2833 860 2899 moderati,
872 2835 915 2886 eris

118 2908 144 2946 so
159 2911 214 2946 rius.
229 2913 243 2944 τ)
314 2935 316 2940 ,
