1934 3284
137 181 184 232 iti
252 185 360 228 annuunt
376 187 504 239 summu,
518 188 611 234 suasu⁴
626 186 697 240 xcix,
713 187 769 228 aar.
785 189 821 226 nr.

137 281 187 332 qum
201 265 260 317 circu
272 265 328 323 alias
341 278 378 315 rea
391 277 466 316 sacras
484 264 646 329 committitur,
659 265 761 316 divorsos
770 265 839 318 habet
850 265 929 330 mains

137 336 261 390 wanliam
277 336 427 388 differentiam
441 347 519 388 rerum
533 350 655 388 sacrarum.
670 337 733 388 luter
746 351 803 402 quas
819 351 930 391 summum

136 412 211 462 locum
231 409 333 461 obtinent
352 409 402 473 ipsa
416 413 570 473 sacramenta,
589 408 673 474 quitos
685 412 753 462 homo
770 409 932 476 sanctificatur,

135 495 230 547 quorum
245 482 381 546 precipuum
396 485 432 534 est
447 482 596 534 lioclraristim
612 483 864 547 sacramentum,qnool
876 497 932 536 mn-

135 553 193 604 tinet
210 554 285 618 ipsum
299 553 423 604 Christum.
438 555 468 604 Et
483 553 536 604 idco
554 553 698 617 sacrilegium
712 553 774 616 quod
790 558 866 605 contra
886 557 932 607 hoc

136 630 300 676 sacramentum
318 625 474 690 committitur,
487 624 644 690 grauissimum
657 630 694 678 est
705 626 766 676 iuter
778 626 861 677 omnia.
874 629 929 680 Post

135 700 276 750 sacramenta
286 700 362 748 autern
376 697 500 748 secuudum
514 698 589 748 locum
601 701 682 749 tenent
692 710 748 748 rasa
759 702 889 750 consecrata
900 702 931 752 ad

134 771 322 820 sacramentorum
333 769 516 833 susceptionem
526 772 549 820 et
562 769 618 834 ipsa
629 767 741 832 imagines
749 782 832 832 sacru,
842 773 866 820 et
873 771 927 822 reli·

134 840 194 904 quiae
208 843 350 902 sauctorum,
362 839 388 890 iu
402 839 487 903 quibus
496 840 661 904 mroiammodo
669 839 725 904 ipso
741 853 845 904 persone
857 854 927 892 sano-

133 914 208 962 tornm
223 915 361 962 uenerantur
379 911 594 974 etdahouorantnr3
607 911 689 962 deinde
704 924 733 962 ca
752 925 803 976 qun
817 912 935 976 pertinent

134 983 163 1032 ad
174 986 278 1034 ornatum
293 981 393 1033 ecclesia
407 983 431 1032 ct
445 981 614 1046 ministrorum
630 982 711 1033 deinde
723 994 751 1033 ca
766 995 818 1047 quo
831 985 885 1033 sunt
894 985 934 1036 de·

134 1055 250 1118 potatuan
263 1053 451 1106 sustentationem
464 1053 634 1116 ministerum,
648 1054 697 1105 sire
708 1053 754 1104 sint
767 1053 858 1105 mobilia
866 1093 873 1117 ,
881 1055 933 1108 siuc

133 1124 266 1176 immobilia.
279 1125 419 1189 Quicumque
430 1127 504 1176 autem
517 1128 595 1177 contra
601 1125 759 1189 quodcumque
768 1125 930 1189 predictorum

133 1199 223 1260 peccat,
244 1195 330 1247 crimen
344 1196 455 1261 sacrilegii
469 1197 574 1248 incurrit.

164 1269 197 1318 lu
211 1266 309 1331 primum
322 1281 376 1332 argo
389 1268 527 1330 dicendum,
541 1267 602 1332 quod
613 1270 707 1318 nonest
718 1268 743 1318 in
755 1269 934 1333 omnibosmae-

132 1338 199 1390 dictis
219 1341 297 1390 eadem
321 1339 378 1390 ratio
396 1340 531 1391 sanctitatis.
550 1341 579 1390 lit
597 1340 649 1390 ideo
671 1339 798 1390 differentia
818 1353 933 1392 sacrarum

132 1421 208 1461 rarum
219 1423 265 1461 nou
274 1409 347 1461 sollrur
357 1415 392 1462 ost
404 1410 531 1462 differentia
543 1410 677 1472 materialis,
686 1410 728 1462 sed
740 1409 808 1462 etiarn
822 1411 933 1465 turmalis.

164 1483 198 1532 iol
209 1483 333 1532 secuudum
343 1482 473 1544 dicendum,
483 1482 545 1547 quaid
554 1481 611 1532 nilril
623 1481 729 1547 prohibet
740 1482 868 1546 aliquanao
881 1497 933 1538 estc

133 1552 255 1604 secundiani
267 1553 350 1617 aliquid
362 1553 530 1618 uniusspcciei
541 1557 565 1604 ct
579 1552 702 1604 secunaum
710 1553 771 1604 alind
781 1553 933 1618 diversarum,

132 1623 193 1674 sicut
208 1623 313 1674 Socrates
328 1627 350 1674 et
363 1625 429 1675 Plato
447 1625 588 1676 conveniunt
599 1623 626 1674 iu
641 1624 717 1689 specie
730 1624 849 1689 animalis,
864 1627 934 1680 mue*

132 1700 185 1746 runt
200 1698 276 1746 autem
290 1696 315 1744 iu
331 1695 406 1760 specie
420 1695 522 1758 colorati,
533 1697 553 1746 si
567 1696 666 1747 unussit
678 1697 774 1747 alhuset
784 1695 843 1748 alins
857 1699 931 1762 niger.

132 1767 161 1816 lit
169 1765 271 1816 similiter
280 1767 349 1816 etium
357 1765 463 1828 possibile
473 1769 511 1818 est
519 1766 594 1832 aliqua
603 1767 648 1817 luo
655 1771 748 1832 peccata
755 1767 846 1820 differre
853 1770 932 1834 specie

132 1835 256 1889 secontiam
275 1837 402 1888 materiales
423 1840 502 1900 actus3
516 1837 639 1891 conuenire
652 1841 728 1889 autem
748 1839 774 1888 in
789 1839 883 1904 specie,
899 1854 936 1892 sa-

122 1908 230 1961 ‘cundum
255 1920 323 1957 unam
349 1908 459 1963 rationem
482 1908 599 1960 formalem
618 1908 743 1974 sacrilegii,
763 1910 820 1973 nuta
841 1912 862 1961 si
880 1912 934 1977 quis

132 1977 327 2030 sanctimonialem
346 1979 463 2030 uiolauerit
480 1979 620 2033 uerberando
631 1981 675 2030 uel
685 1981 869 2034 concumbendo.

164 2051 198 2101 lai
211 2049 303 2100 tertium
315 2049 444 2112 dicendum,
454 2050 591 2115 nullumne
602 2054 721 2114 peccatum
731 2053 792 2115 qnod
806 2065 872 2104 sacra
880 2068 935 2118 oer-

131 2135 187 2174 soua
201 2119 321 2172 committit
335 2122 480 2174 materialiter
494 2123 585 2186 quidem
597 2125 620 2172 et
632 2122 698 2186 qnasi
709 2135 749 2187 per
757 2123 882 2187 accidens,
899 2130 935 2176 est

131 2191 282 2256 sacrilegium.
300 2192 364 2244 Unde
389 2193 539 2258 Hieronymus
559 2192 631 2255 dicit,
647 2192 708 2258 quod
729 2210 743 2241 u
761 2207 827 2260 nugae
848 2195 876 2244 in
895 2209 935 2248 ore

130 2264 267 2324 sacerdotis,
281 2263 422 2328 sacrilegium
438 2268 492 2314 suut
504 2263 542 2314 uel
555 2263 705 2328 blasphemia.
718 2265 879 2319 »Formalitor
893 2281 937 2318 au·

130 2338 176 2385 tem
189 2338 213 2384 et
222 2333 312 2399 proprio
320 2334 375 2385 illud
384 2335 455 2384 solnm
468 2339 584 2398 peccatum
594 2348 663 2387 sacrm
672 2348 776 2399 persone
786 2337 935 2402 sacrilegium

130 2408 175 2468 cst,
188 2407 247 2470 quool
258 2406 331 2468 agitur
343 2405 428 2458 directe
441 2410 519 2456 contra
529 2407 581 2471 ejus
597 2407 753 2470 sanctitatem,
764 2407 851 2473 palisi
866 2409 933 2474 uirgo

129 2477 176 2528 Deo
192 2476 266 2527 dicata
285 2477 416 2532 fornicetur.
435 2477 464 2529 Et
479 2479 560 2530 cadem
574 2477 632 2530 ratio
648 2482 685 2531 est
699 2478 723 2530 in
737 2478 797 2531 aliis.
