1934 3284
343 195 375 232 Μ
390 195 569 235 mmmm.

357 381 514 432 tunicatos
529 382 547 431 l.

279 506 366 550 Uirium
375 505 508 550 liberalitas
518 503 550 549 eit
558 505 643 550 virtue.

82 635 116 684 td
130 633 232 697 pureum
247 632 282 684 sie
296 634 423 698 proceditur
432 635 475 697 (1).
491 633 585 683 Videtur
598 633 658 698 pubal
672 635 793 686 liberalitas
808 649 854 688 uon

54 705 83 755 sit
95 705 179 755 nutus
193 705 261 755 Nulla
270 705 333 755 euim
344 705 418 754 uirtus
433 705 584 755 eontrariatur
595 705 692 755 naturali
703 705 854 759 inclinationi.

53 777 172 828 Inclinatio
180 780 257 827 auteur
273 777 384 829 naturalis
397 781 433 828 est
442 777 470 827 ad
484 779 529 828 hou
539 780 564 826 ut
575 777 656 840 aliquis
666 779 718 842 plns
729 780 773 830 sihi
786 781 855 845 quini

53 849 248 912 ahisprovideat3
262 849 328 914 eujus
345 848 483 900 eontmnum
492 850 591 914 pertinet
602 850 630 900 ad
640 851 769 914 liberalem,
786 852 853 916 quia,

53 926 78 973 nt
90 922 246 986 Philosophus
257 923 313 973 licit
326 923 350 972 in
362 924 391 972 lv
401 922 498 982 Elinia,
509 922 673 974 «liberulisest
681 937 726 974 uun
739 925 854 988 respicere

52 995 81 1045 ai
93 994 213 1058 seipsum,
227 993 260 1043 ita
272 993 334 1058 qaod
347 993 390 1044 s'ibi
406 994 498 1045 uiinora¹
511 994 683 1058 derelinquit.»
700 997 758 1057 Ergo
770 996 853 1046 libera-

52 1067 105 1117 lta·
118 1070 215 1116 nonest
228 1065 311 1116 uirtus.

83 1143 108 1187 a.
123 1139 252 1198 Praeterea,
267 1151 308 1201 per
327 1138 417 1188 divitas
432 1141 501 1190 homo
517 1152 585 1189 snam*
599 1139 668 1190 vitam
688 1142 814 1200 sustentat,
832 1143 855 1188 et

53 1210 82 1259 ad
91 1207 226 1258 ieheitatem
235 1208 322 1260 divitie
329 1209 436 1273 organice
446 1210 586 1272 deserviunt,
595 1215 621 1261 ut
629 1209 710 1260 dieitur
718 1211 760 1260 iul
771 1210 853 1260 lillic.

53 1279 110 1330 cun
123 1293 181 1344 ergo
193 1280 268 1330 omnis
283 1282 356 1331 virtue
371 1280 487 1332 ordinetur
500 1283 529 1332 ad
538 1282 680 1343 lelieitatem,
691 1283 781 1332 videtur
795 1280 855 1346 pubi

52 1350 152 1402 liberalis
171 1365 218 1402 uon
237 1352 268 1402 sit
282 1352 412 1416 virtuosn,
427 1353 456 1403 ne
468 1365 513 1416 quo
536 1353 686 1418 Philosophus
704 1352 760 1403 dieii
778 1352 802 1402 in
825 1352 855 1400 lv

52 1423 137 1473 lillis.
148 1423 200 1488 (a),
217 1424 279 1488 quod
289 1442 303 1472 u
318 1438 364 1474 uon
375 1429 412 1476 est
424 1425 558 1489 aeoeptivue
570 1425 673 1488 pecunia
692 1437 767 1489 neque
781 1428 856 1475 eusto-

52 1494 153 1558 iitisus,
169 1496 376 1547 andennense.»

85 1573 108 1618 lt.
124 1567 254 1631 Praeterea,
267 1569 457 1622 uirtuteshahent
473 1569 639 1620 connexionem
650 1569 678 1619 ad
693 1567 799 1619 inanem.
811 1569 855 1618 Sed

51 1640 176 1690 liberalitas
193 1653 240 1690 nou
260 1639 350 1690 videtui
363 1653 469 1692 connexe
488 1640 540 1690 aliis
557 1640 692 1700 virtutihus;
714 1639 777 1689 molti
792 1640 854 1690 euius

52 1717 107 1763 eunt
121 1711 220 1763 virtuosi
229 1712 269 1775 qul
283 1725 329 1761 nau
339 1717 436 1775 possunt
449 1725 500 1763 esse
514 1711 633 1770 liberales,
647 1713 757 1774 quianon
769 1712 855 1762 hahent

52 1787 113 1850 qnod
138 1785 209 1843 teuta
221 1785 288 1834 multi
303 1783 371 1834 etiem
392 1783 514 1834 liberaliter
528 1785 583 1834 dant
599 1785 635 1834 vel
648 1784 796 1848 expendunt,
816 1783 855 1847 qni

51 1863 132 1907 tamen
147 1855 206 1905 alies
222 1852 275 1905 suut
286 1854 372 1905 vitiosi.
386 1856 446 1918 Ergo
460 1855 583 1906 liberalitas
598 1868 644 1906 uun
660 1858 697 1905 eet
710 1854 790 1904 virtus.

84 1928 132 1978 Sed
140 1929 221 1977 eontra
232 1930 275 1989 est,
283 1927 344 1990 quod
353 1926 485 1978 Ambrosius
492 1927 547 1977 dic-it
555 1927 579 1976 in
590 1928 599 1975 l
609 1927 646 1976 De
653 1926 722 1990 offic.
733 1926 793 1990 (cap.
804 1927 854 1986 ³⁰),

52 1999 112 2064 qnbd
128 2015 143 2046 n
152 1998 177 2048 in
190 1998 316 2062 Evangelio
328 1999 412 2049 mutas
427 1999 559 2063 disciplinas
573 1999 702 2063 accepimus
718 1997 785 2061 juste
799 1996 855 2046 lihe-

52 2071 155 2123 ralitatis.
172 2087 187 2118 o
198 2070 243 2121 Sed
253 2069 278 2120 iu
286 2070 411 2134 Evangelio
423 2084 469 2122 uon
482 2072 593 2121 docentur
603 2069 647 2120 nisi
661 2081 688 2120 ea
701 2081 752 2132 que
767 2069 795 2118 ad
806 2068 857 2116 vir-

52 2147 126 2195 tutem
136 2143 261 2206 pertinent.
277 2144 337 2207 Ergo
351 2143 474 2194 liberalitas
488 2145 523 2193 est
539 2141 621 2192 virtus.

84 2217 251 2277 (monuero.
267 2241 300 2253 -
316 2215 451 2265 Liberalitas
469 2218 504 2264 est
522 2213 608 2276 virtus,
627 2225 671 2276 una
689 2209 749 2261 hene
771 2209 857 2258 utimur

52 2286 161 2338 ousiam
174 2285 204 2336 iis
213 2287 315 2337 eneruis
326 2287 392 2337 bouis
402 2299 454 2350 que
466 2285 533 2336 nohis
548 2285 576 2335 ad
595 2287 695 2335 nostram
709 2279 857 2332 sustentatio·

52 2371 106 2410 narn
118 2369 229 2408 wueessa
237 2357 316 2422 suut.)

84 2429 225 2494 Respondeo
236 2429 366 2490 dicendum,
376 2427 438 2492 qubd
447 2426 507 2478 sieut
519 2425 657 2491 augustiuus
667 2424 723 2476 dicit
733 2424 758 2474 in
767 2423 807 2473 lib.
820 2423 857 2472 De

53 2501 135 2552 libero
146 2501 223 2550 arbit.
238 2500 294 2564 (lib.
303 2501 332 2561 ll,
345 2498 549 2564 esp.19)‚uheue
562 2499 598 2548 uti
608 2498 646 2548 his
659 2497 742 2562 quihus
751 2495 810 2546 malt
821 2494 855 2544 uti

83 2655 115 2718 (1)
125 2661 159 2704 lle
170 2656 207 2701 his
221 2657 292 2701 etlam
301 2655 326 2700 in
334 2655 345 2698 l
354 2654 386 2700 uit
397 2653 465 2705 Cor„
475 2655 546 2714 vin,
559 2655 616 2700 leot.
626 2651 636 2697 t
646 2658 684 2706 ;et
697 2651 721 2696 iu
730 2651 752 2696 li
763 2651 858 2700 Ellis,

52 2729 181 2865 lecttilsietl
192 2802 239 2847 alia
252 2812 304 2855 qnae
322 2798 470 2859 subjungitur
480 2811 509 2843 ex
521 2799 614 2860 Etbte„
628 2799 669 2854 IV,
685 2801 748 2842 etex
766 2807 818 2850 oap.
833 2793 857 2865 ¹2

53 2878 145 2913 rursum
154 2863 218 2922 priirs
230 2863 375 2908 indicabatur
388 2863 419 2908 sul
428 2861 565 2920 marginem
578 2861 677 2907 hahetur
688 2860 712 2904 iu
722 2871 774 2916 esp.
786 2857 802 2900 Ξ
817 2857 857 2900 ubi

56 2930 138 2994 sopri,
150 2933 177 2973 et
189 2930 246 2994 post
254 2926 364 2984 meaios
377 2925 530 2972 nabueetitur.
