1934 3284
84 80 130 128 336
213 86 320 124 sucum
335 84 462 134 mmm,
480 85 573 130 QUEM·
590 85 634 136 CX,
649 83 704 124 m.
721 85 750 122 ll.

84 163 125 230 qui
143 165 266 228 loquuntur
281 160 437 225 mendacium,
449 178 463 208 n
478 159 533 211 dicit
550 161 642 224 Glosaa,
659 159 719 226 qudd
743 164 823 212 «sunt
840 161 885 212 tria

84 248 168 301 genera
181 233 366 284 mendaciorum:
382 233 487 296 quaedam
499 231 559 282 enim
571 237 624 284 sunt
642 245 683 297 pro
702 232 775 284 salute
788 236 811 284 ει
825 247 888 284 com-

84 307 151 358 modo
165 305 276 369 alicujus3
292 307 328 355 est
341 304 410 354 etiam
423 303 485 354 aliud
498 316 570 368 genno
581 305 694 356 mendacii
708 305 767 368 quod
779 305 806 354 iit
816 305 887 369 joco3

85 378 176 430 tertium
184 375 238 427 rerd
249 375 361 426 mendacii
369 389 441 440 genus
454 385 490 426 eat
503 375 563 440 quod
571 374 597 425 at
605 390 634 428 ex
647 375 819 440 malignitate.»
830 376 885 426 Pri·

84 462 147 500 mum
165 451 241 498 anum
267 448 364 510 horum,
380 447 449 498 trium
467 445 548 497 dicitnr
566 447 720 512 officiorum
741 448 887 510 secundum,

81 523 210 585 jocosam,
230 519 337 583 tertium,
356 520 535 585 perniciosum.
556 519 615 583 Ergo
638 519 779 570 mendacium
803 518 891 571 iniria

84 593 194 659 predicta
207 591 323 643 diuiditur.

74 697 77 704 -
120 662 460 730 (condensum-Memmium
476 660 539 713 recte
555 664 579 712 et
590 661 730 714 sufficienter
746 659 855 714 dividitur
865 661 891 712 ln

87 734 229 786 mendacium
248 734 386 797 olliciosnm,
394 733 499 798 jocosum
510 737 532 784 et
546 732 721 798 perniciosum.)

118 805 253 870 Respondeo
275 805 411 865 dicendum,
431 802 493 870 quid
515 803 659 856 mendacium
676 803 795 868 tripliciter
819 803 893 858 diuidi

88 879 171 942 potest.
180 879 231 928 Uno
241 877 307 928 modo
319 875 443 926 secundum
451 875 525 940 ipsam
539 873 651 926 mendacii
659 875 777 936 rationem,
789 890 841 940 que
853 882 891 928 εει

87 948 178 1014 propria
191 952 214 998 ει
231 961 273 1012 per
288 961 313 999 se
327 946 440 997 mendacii
452 946 542 998 divisio.
562 948 591 998 nt
604 945 727 996 secunddm
742 947 788 998 hoc
796 983 805 1010 ,
822 960 893 999 men-

89 1020 176 1070 dacium
184 1019 208 1070 in
218 1018 391 1070 duodiriditur:
401 1017 488 1069 scilicet
495 1019 519 1069 in
530 1017 673 1069 mendacium
680 1019 738 1080 quod
746 1018 891 1070 transcendit

88 1092 207 1144 radiatam
217 1090 242 1140 iu
251 1091 336 1154 majus,
347 1089 408 1153 quod
418 1091 519 1154 pertinet
533 1089 727 1154 adjectanttam
734 1105 742 1153 ;
755 1093 778 1141 ει
792 1089 817 1140 iu
828 1104 894 1142 men·

88 1163 178 1214 dacium
196 1162 347 1229 quoddeiiclt
364 1161 488 1212 lumitate
505 1162 530 1212 in
550 1161 640 1224 minus,
660 1163 720 1226 quod
743 1161 842 1226 pertinet
864 1165 892 1222 ad

89 1236 217 1292 ironiam,
231 1239 257 1285 ut
268 1238 331 1300 patet
342 1247 383 1298 per
396 1233 560 1298 Philosophum
574 1232 597 1282 in
615 1233 644 1282 lv
660 1232 743 1283 dedic.
755 1232 891 1299 (utsupra).

88 1304 142 1358 laec
153 1310 229 1358 autom
240 1306 321 1358 divisio
332 1305 384 1356 ideo
397 1319 438 1373 per
452 1318 476 1355 sc
490 1309 525 1356 εει
537 1303 610 1370 ipsius
620 1304 748 1368 mendacii,
760 1305 816 1369 qnia
824 1319 894 1357 meu-

89 1377 345 1443 dacinm‚inquantum
356 1375 501 1441 hujusmodi,
518 1375 640 1440 opponitur
649 1376 789 1438 raritati‚nt
805 1375 894 1428 dictum

89 1453 140 1512 est3
159 1450 244 1501 veritas
261 1453 337 1502 auem
350 1448 469 1514 equalitas
481 1449 584 1512 quedam
598 1450 647 1512 est,
667 1447 703 1498 cni
717 1461 759 1512 per
775 1461 800 1500 se
821 1461 894 1514 oppo-

90 1521 151 1571 nitur
164 1523 238 1585 majus
252 1525 276 1572 ει
290 1522 376 1573 minus.

122 1591 170 1642 dlio
180 1593 246 1644 modo
255 1596 330 1658 potest
339 1593 411 1644 diuidi
420 1591 571 1653 mendacium,
584 1590 607 1640 in
618 1594 728 1655 quantum
738 1591 807 1644 habet
819 1593 890 1644 ratio-

90 1677 143 1714 nem
155 1664 376 1728 culpae,secundl1m
387 1677 415 1716 ea
423 1678 474 1729 qua
482 1667 605 1728 aggravant
614 1664 651 1714 rel
663 1663 795 1714 diminuunt
804 1665 896 1731 cuipam

91 1736 203 1787 mendacii
215 1749 244 1787 eu
257 1741 320 1800 parte
333 1735 385 1786 finis
396 1735 489 1786 intenti.
504 1739 614 1800 Aggravat
628 1738 704 1790 autam
717 1736 810 1804 culpam
828 1751 894 1790 men-

91 1807 165 1868 dacii,
184 1806 204 1857 si
222 1807 304 1870 aliquis
320 1821 362 1872 per
374 1808 518 1858 mendacium
534 1807 636 1858 intendat
656 1807 749 1858 alterius
763 1822 893 1860 nocumen-

91 1880 153 1940 tum,
177 1877 236 1941 quod
257 1883 350 1929 uocatur
367 1879 529 1930 menducium
550 1879 739 1944 perniciosum
762 1880 896 1932 diminuitur

91 1953 168 2000 antem
189 1949 254 2015 culpa
271 1949 396 2013 mendacii,
415 1951 435 2001 si
452 1951 567 2003 ordinetur
588 1952 616 2002 ad
633 1951 725 2016 aliquod
748 1953 844 2017 bonnm,
859 1954 896 2006 rel

90 2021 356 2084 delectabile,etsicest
369 2023 531 2074 mendacium
537 2023 671 2088 jocosum;
686 2023 806 2086 valellte,
823 2028 846 2076 et
861 2025 895 2076 sic

91 2095 126 2146 est
137 2093 299 2145 medactum
310 2095 469 2159 officiosum,
484 2107 529 2158 quo
538 2094 662 2146 intenditur
668 2096 830 2160 juramentum
840 2097 896 2148 atte-

90 2166 154 2230 rius,
167 2167 204 2217 rel
216 2164 312 2218 remotio
323 2166 462 2218 nocumenti.
475 2167 505 2216 Et
516 2166 641 2218 secundum
649 2167 693 2218 hoc
704 2165 813 2219 dividitur
826 2182 896 2220 men-

92 2237 182 2288 dacium
196 2236 221 2288 in
234 2237 278 2288 tria
291 2237 408 2302 praedicta.

122 2306 199 2361 Tertio
214 2310 281 2360 modo
299 2307 406 2359 dividitur
427 2307 570 2358 mendacium
593 2307 757 2371 universalius,
771 2309 897 2360 secundlnm

91 2379 193 2431 ordinem
207 2381 237 2430 ad
247 2381 330 2441 finem,
347 2377 396 2430 sire
409 2391 439 2428 ex
448 2380 492 2428 lroc
506 2379 600 2432 addatur
610 2381 648 2432 rel
658 2380 795 2432 diminuatur
805 2380 897 2432 adcul-

91 2464 145 2515 pam
161 2451 274 2502 mendacii
279 2490 289 2519 ‚
303 2453 351 2504 sire
366 2464 429 2514 non3
453 2454 476 2502 ει
495 2453 621 2504 secundnm
636 2455 680 2504 hoc
693 2457 729 2504 cst
743 2451 824 2504 divisio
841 2457 896 2506 octo

91 2523 252 2587 membrorum,
264 2537 315 2587 qun
325 2523 386 2574 dicta
399 2525 443 2572 est.
456 2521 485 2575 ln
495 2537 538 2586 qna
548 2525 640 2588 quidem
647 2525 690 2574 tria
703 2525 778 2590 prima
794 2525 896 2576 membra

92 2593 234 2665 continentur
257 2596 300 2645 sub
321 2594 438 2646 mendacio
455 2594 593 2658 pernicioso.
612 2597 685 2656 (tund¹
699 2596 790 2660 quidem
812 2595 838 2646 fit
858 2598 896 2648 rel

92 2667 171 2714 contra
191 2665 275 2727 ileum,
293 2669 317 2716 et
335 2667 363 2717 ad
377 2667 421 2716 hoc
435 2665 535 2729 pertinet
551 2667 649 2730 primum
665 2666 820 2732 mendacium,
834 2668 895 2730 quod

92 2738 128 2786 est
142 2751 156 2782 n
167 2735 190 2785 in
205 2736 307 2789 doctrina
320 2735 477 2805 religionis3o
497 2737 534 2787 vel
552 2741 588 2786 est
604 2740 682 2787 contra
697 2737 827 2798 hominem,
843 2737 893 2789 sive

93 2805 142 2858 solt
153 2806 280 2860 intentione
288 2806 384 2860 nocendi
393 2806 475 2872 alicui,
484 2810 508 2860 et
519 2805 552 2860 sic
562 2809 598 2862 εει
608 2807 751 2862 mendadum
762 2809 891 2874 meandum,
