1934 3284
330 170 362 208 nr
376 169 546 208 ronrmunure.
794 160 839 216 tao

47 246 97 322 drgo
114 245 227 298 tortitudo
242 259 290 298 uon
306 246 379 310 meeis
399 245 467 297 debet
488 259 537 298 esse
550 245 611 298 circa
633 245 751 300 audaciam
771 248 840 312 nnana

47 329 97 367 crum
111 330 186 382 spem,

73 388 114 439 Sed
131 393 210 440 conta
219 394 271 453 est,
285 390 345 452 quod
366 388 522 453 Philosophus
532 389 586 440 dicit
595 389 620 439 iu
634 390 689 441 tlet
705 391 734 442 111
747 391 838 448 detdic..

47 459 97 521 quid
114 461 223 512 tortitudo
241 466 277 512 est
293 460 354 512 circa
366 461 471 511 timorem
486 465 509 512 et
522 461 647 512 andaciam.

74 531 228 595 (mammem.
237 559 268 570 -
277 533 353 582 Virtus
365 531 506 584 fortitudinis
518 531 578 582 circa
593 533 684 584 timores
697 537 721 585 et
731 535 840 586 audacias

46 607 149 666 versatur,
163 603 258 654 timores
267 603 328 654 euim
338 604 443 666 cohibet,
458 607 481 654 et
494 603 599 654 audacias
613 604 760 670 moderatur.)

72 675 204 738 despondeo
215 675 351 737 dicendum,
367 674 428 738 qudd
439 673 499 724 sicut
510 673 579 738 snpr'a
590 673 675 725 dietum
686 681 720 726 est
735 677 787 741 (art.
802 677 837 742 d),

45 745 68 794 ad
78 745 187 798 uirtutem
200 746 339 798 tortitudinis
347 746 447 811 pertinet
460 759 578 796 remouere
594 745 781 810 impedimentum
792 763 837 812 quo

45 817 158 869 retrahitur
173 820 279 869 voluntas
288 817 302 868 d
311 818 403 886 sequuta
419 817 524 871 rationis.
540 816 606 876 Qndd
615 820 690 868 autom
704 817 787 881 ationis
801 833 839 870 re·

45 890 138 939 indatur
150 889 180 940 ab
193 890 270 953 aliquo
283 889 383 952 difficili,
397 888 496 954 pertinet
508 889 537 938 ad
552 887 663 938 rationem
677 889 780 948 timoris,
798 889 839 954 qni

45 959 146 1024 importat
158 974 275 1012 recessum
288 960 408 1026 quemdam
422 959 436 1011 d
449 959 508 1012 malo
522 959 676 1010 difficultatem
692 960 801 1019 habente,
813 963 840 1010 ut

44 1033 105 1095 supr'a
116 1032 222 1082 habitum
236 1036 272 1082 est
281 1034 319 1096 (1,
329 1036 354 1094 a,
368 1047 408 1097 qu.
421 1035 460 1092 ta,
474 1035 518 1082 art.
532 1029 571 1094 3),
585 1029 637 1082 cim
651 1031 679 1082 de
694 1031 841 1094 passionibus

43 1109 147 1164 ageretur,
162 1103 192 1152 itt
206 1103 258 1154 ideo
271 1103 379 1154 tortitudo
392 1102 549 1168 principaliter
562 1107 597 1152 est
610 1102 671 1154 circa
691 1102 783 1154 timores
797 1103 840 1154 dit-

44 1175 129 1225 deilium
146 1188 237 1236 rerum,
252 1189 302 1239 pne
320 1177 435 1226 retrahere
448 1179 548 1238 possunt
565 1174 706 1224 voluntatem
719 1173 733 1224 d
746 1175 839 1237 sequela

44 1246 140 1297 rationis.
152 1247 247 1312 Oportet
258 1250 335 1298 autem
347 1246 479 1310 hujusmodi
493 1259 569 1296 rerum
579 1245 705 1296 difficilium
716 1245 839 1309 impulsum

44 1330 83 1366 ron
93 1319 170 1370 solium
178 1319 275 1369 tirmiter
280 1320 385 1380 tolerare,
394 1318 521 1369 cohibendo
531 1318 645 1381 timorem,
656 1319 696 1368 sed
707 1318 775 1368 etiam
789 1329 839 1368 nro-
858 1333 861 1340 ·

44 1389 112 1443 derata
129 1391 240 1456 aggredi,
259 1386 350 1456 quando
367 1389 456 1442 sciticet
477 1393 568 1454 oportet
588 1403 615 1442 ea
639 1390 790 1440 exterminare
811 1390 840 1440 ad

44 1465 185 1514 securitatem
195 1463 345 1527 inposterum
355 1464 498 1526 habendam3
512 1463 572 1527 quod
583 1462 674 1513 ridetur
685 1461 799 1526 pertinere
811 1462 840 1514 ad

44 1533 148 1586 rationem
167 1535 278 1586 andaciae.
297 1536 325 1585 Et
338 1535 391 1586 ideo
408 1535 518 1586 tortitudo
535 1539 570 1585 est
583 1535 642 1584 circa
655 1533 749 1584 timores
763 1537 786 1584 et
800 1547 842 1584 au-

44 1603 128 1669 dacias,
143 1606 211 1672 quasi
224 1607 345 1658 cohibitira
360 1607 466 1659 timorum
479 1611 504 1656 ct
517 1606 661 1659 andecimum
673 1606 823 1658 moderetira.

69 1679 101 1728 dd
111 1678 213 1743 primum
226 1692 280 1742 ergo
302 1678 437 1740 dicendum,
453 1676 515 1740 qudd
528 1677 650 1740 Gregorius
664 1675 687 1728 bi
699 1677 798 1741 loquitur
812 1678 841 1728 de

44 1747 171 1802 tortitudine
181 1752 308 1816 justorum,
319 1749 447 1802 secunddrn·
458 1748 519 1812 qudd
529 1749 680 1800 communiter
693 1762 719 1800 se
732 1749 801 1800 hahet
811 1750 840 1799 ad

44 1834 131 1871 omnem
143 1821 260 1872 durum.
275 1823 338 1872 Unde
352 1819 470 1887 praemittit
479 1820 583 1884 medan
595 1819 732 1883 pertinentia
741 1821 769 1870 ad
783 1823 841 1872 tem-

44 1892 182 1954 perantiam,
197 1896 223 1941 ut
243 1891 328 1942 dictum
351 1896 402 1955 est;
417 1895 440 1942 et
456 1891 532 1942 suddit
552 1891 580 1942 de
600 1891 638 1942 iris
659 1904 711 1956 qua
726 1891 843 1956 pertinent

45 1961 130 2026 proprie
146 1963 176 2012 ad
191 1961 362 2025 fortitudinem,
376 1961 502 2014 secuudirm
515 1961 576 2026 qndd
589 1966 624 2013 est
637 1962 744 2025 specialis
758 1963 839 2024 virtus,

45 2034 117 2085 dicens
129 2036 221 2097 «trojus
230 2034 310 2086 mundi
319 2049 425 2100 prospera
437 2049 478 2095 pro
488 2035 580 2086 eternis
589 2033 692 2096 premiis
706 2047 814 2084 amare.»

72 2108 104 2156 dd
113 2108 238 2158 seeundum
248 2105 367 2158 dicendum
374 2144 383 2170 ,
397 2105 457 2170 qudd
470 2119 508 2155 res
516 2104 651 2170 periculosa
664 2108 689 2156 et
700 2109 764 2155 actus
778 2104 843 2156 tabo·

47 2176 95 2228 riosi
108 2191 155 2228 uon
166 2179 284 2228 retrahunt
295 2179 435 2228 voluntatem
448 2177 461 2226 d
477 2176 515 2225 via
529 2175 634 2236 rationis,
646 2175 722 2226 uisiin
732 2177 842 2238 quantum

47 2248 160 2300 timentur.
178 2250 208 2299 Et
223 2249 275 2301 ideo
289 2253 378 2312 oportet
393 2247 454 2313 qndd
469 2247 577 2298 tortitudo
591 2245 622 2298 sit
638 2245 769 2297 immediate
783 2245 843 2296 eirca

48 2321 134 2372 timores
147 2326 171 2373 et
191 2321 310 2384 audacias,
324 2319 420 2372 mediate
435 2323 512 2370 autern
522 2318 583 2370 cirea
595 2317 695 2383 pericula
708 2317 841 2381 titubaret,

47 2391 99 2444 siout
111 2393 170 2444 circa
185 2393 277 2457 objecta
296 2393 454 2456 predictarum
470 2391 612 2455 passionum.

74 2465 106 2514 td
116 2465 208 2516 tertium
223 2464 355 2524 dicendum,
371 2463 432 2527 qudd
444 2477 499 2527 spes
510 2463 632 2528 opponitur
645 2461 723 2513 timori
736 2475 766 2512 eu
780 2468 842 2528 perte

48 2534 201 2600 objectionis
213 2541 314 2599 spesest
327 2535 354 2586 de
367 2536 435 2596 bono,
444 2535 513 2586 timor
526 2535 554 2584 de
567 2534 635 2585 malo.
651 2533 750 2584 audacia
766 2538 843 2585 autem

48 2612 78 2655 est
90 2607 149 2658 cirea
161 2608 224 2658 idem
237 2607 394 2671 obiectumst
404 2607 528 2670 opponitur
541 2605 616 2656 timmi
627 2603 752 2656 seeundirm
767 2618 844 2655 acces-

49 2691 93 2728 sum
105 2683 253 2730 etrecessum
261 2715 271 2741 ‚
282 2681 308 2728 ut
321 2678 390 2742 supra
405 2677 492 2728 dictum
505 2679 540 2726 est
551 2678 591 2738 (1,
605 2679 630 2737 2,
644 2689 683 2740 qn.
698 2679 736 2738 to,
753 2678 795 2726 art.
807 2675 841 2738 1).

50 2749 74 2797 dt
84 2750 137 2814 quia
149 2749 259 2800 tortitudo
272 2748 361 2814 proprie
375 2748 467 2813 respicit
481 2745 615 2812 temporalia
634 2746 692 2796 mala
707 2745 843 2798 retrahentia

51 2819 167 2882 irirtute,
182 2817 285 2887 at'patet
298 2833 337 2886 per
354 2819 515 2871 diffinitionem
527 2817 594 2870 Tullii
614 2817 666 2882 (ubi
687 2817 779 2886 supri);
791 2815 843 2866 iude

51 2897 81 2942 est
97 2893 158 2958 qudd
173 2893 283 2945 tortitudo
300 2891 391 2957 proprie
411 2894 446 2942 est
462 2889 522 2942 cuce
542 2889 649 2945 timoren
668 2892 692 2942 et
711 2887 843 2948 audaciam,
927 2915 930 2923 ·
