1934 3284
141 135 187 184 tao
270 143 519 202 immusicum,
533 148 779 205 eumanum.
793 157 813 193 i.
946 166 950 365 A

391 362 557 434 anuinio
575 363 675 432 thil.

140 507 174 556 lte
193 507 315 570 specialior
331 509 468 562 modestice,
485 515 507 557 ol
520 514 603 570 primo
620 514 650 560 ds
665 500 836 572 'homullula
850 523 880 568 iss
897 535 931 569 sea

425 575 544 620 articulos
558 575 651 647 eloha..

168 726 251 778 Postea
264 727 449 780 considerandum
461 731 498 780 est
508 730 537 781 ds
550 730 667 795 speciebus
680 733 817 789 modestiae„
833 739 865 789 Et
878 741 930 789 teis

138 797 273 862 humilitate,
289 802 313 850 et
326 800 443 864 superbia,
458 815 509 866 qua
522 801 544 852 ei
556 802 686 867 opponitur.
703 809 731 854 2⁰
746 806 782 858 lie
797 811 930 862 studiositati

138 873 161 922 el
176 870 305 922 curiositate
320 871 365 935 ipsi
378 873 490 936 opposita.
506 875 714 939 absumentis,
730 881 867 932 seeundum
882 884 929 947 quii

137 945 172 992 est
186 942 210 992 io
227 943 300 993 vorhis
319 943 355 994 rel
373 943 397 992 iri
414 943 490 994 lauis.
505 947 531 993 t⁰
543 945 575 996 lte
590 947 717 1010 modestia,
734 953 873 1004 seounohm
885 955 931 1019 quil

139 1019 176 1066 est
189 1015 249 1067 circa
264 1015 396 1067 exteriorem
411 1017 506 1067 cultum.

168 1087 232 1138 Circa
250 1087 399 1138 humilitatem
412 1092 544 1152 maronem
559 1103 600 1140 sex
616 1093 660 1140 :1⁰
676 1090 758 1142 harim
777 1095 900 1149 humilitas
910 1099 931 1147 sii

137 1156 219 1208 virtus.
236 1162 262 1207 2⁰
274 1157 351 1209 Utrirm
368 1159 475 1210 chunstat
487 1159 513 1210 in
525 1160 627 1225 appetitu
640 1161 677 1212 vel
690 1161 715 1212 in
729 1165 828 1219 iudicio
841 1170 930 1220 rationis.

125 1232 163 1304 ,30
173 1227 251 1279 Utrhm
259 1229 340 1293 aliquis
349 1243 388 1293 per
398 1229 549 1282 humilitatem
563 1245 588 1283 se
598 1233 678 1284 debeat
690 1234 807 1289 omnihus
820 1243 929 1306 subjicere.

138 1302 163 1350 t⁰
177 1299 255 1351 Uirium
268 1301 296 1352 sit
306 1315 357 1366 pars
370 1303 487 1354 modestia
499 1303 536 1354 rel
548 1305 710 1369 temperantias.
726 1311 756 1356 5⁰
769 1310 807 1362 De
827 1328 930 1380 compara

137 1368 198 1422 tione
212 1372 262 1436 ejus
278 1373 306 1423 ad
324 1373 379 1424 alias
394 1375 500 1426 uirtutes.
517 1380 544 1424 60
553 1376 584 1426 lie
598 1377 704 1440 gradihus
716 1378 874 1437 humilitatis.

361 1677 445 1722 Uirium
455 1677 580 1724 humilitas
587 1679 620 1724 sit
627 1679 712 1724 matus.

433 1553 592 1606 sumamus
609 1555 628 1605 1.

168 1803 201 1854 io
213 1801 309 1868 primum
330 1803 364 1854 sie
376 1803 512 1868 proreditur.
526 1804 619 1855 Videtur
634 1805 693 1868 quoa
711 1807 838 1864 humilitas
852 1828 898 1868 non
909 1816 930 1864 sit
948 1852 950 1871 ς

137 1874 216 1926 uirtus.
236 1875 312 1926 Virtus
333 1875 393 1926 enim
410 1875 516 1939 importat
535 1876 645 1928 rationem
666 1878 730 1929 honi.
751 1881 800 1935 Seu
825 1878 950 1947 homtinsl

136 1947 225 1998 videtur
246 1947 367 2011 importare
386 1948 497 1998 rationem
521 1947 574 1997 mali
595 1948 706 2014 pnualis3
725 1956 863 2008 secundini
887 1959 932 2010 illul

135 2019 233 2080 ‚Psolm
251 2019 299 2068 clv
314 2035 320 2068 :
334 2018 538 2070 «humiliaverunt
549 2018 575 2069 in
590 2021 736 2085 compedibus
749 2026 826 2088 pedes
846 2030 929 2095 ejus.»

136 2093 195 2156 Ergo
209 2091 322 2142 humilitas
335 2104 381 2142 non
394 2095 430 2142 est
441 2091 520 2142 uirtus,
568 2140 570 2143 .

135 2207 138 2214 .
170 2168 192 2214 a.
216 2165 340 2226 Praeterea,
356 2162 427 2213 vitus
449 2166 472 2213 et
488 2162 567 2214 vitium
584 2168 736 2228 opponuntur.
749 2167 796 2220 Sed
820 2173 934 2226 humilias

136 2235 270 2300 quandoque
279 2239 343 2286 sonat
355 2235 380 2284 in
388 2235 477 2285 vitium.
488 2235 575 2286 Dicitur
583 2236 643 2286 enim
659 2237 763 2299 titulos„
779 2242 836 2293 xlx
848 2261 854 2294 :
866 2264 883 2295 o
899 2248 933 2296 list

137 2307 176 2372 qui
189 2307 293 2370 nequiter
309 2320 333 2357 se
348 2307 457 2356 humiliat.
472 2323 487 2354 »
502 2307 560 2372 Ergo
571 2307 686 2358 humilitas
699 2315 794 2362 nonest
803 2314 893 2369 vuius.

170 2385 192 2430 3.
205 2381 315 2431 Protersa
322 2413 328 2439 ‚
335 2379 395 2429 nulla
406 2378 476 2430 virtus
486 2379 606 2444 opponitur
616 2380 655 2430 alii
666 2379 752 2440 uirtuti.
763 2383 809 2434 Sed
819 2388 934 2439 himilitas

135 2453 224 2518 uidetur
239 2451 323 2516 opponi
338 2451 417 2501 virtuti
430 2451 635 2514 magnanimitatis,
649 2467 699 2516 qna
713 2453 788 2505 tendit
800 2456 831 2508 in
842 2473 934 2525 magum

136 2523 252 2574 humilitas
265 2526 340 2574 autem
350 2523 432 2588 relegit
441 2523 498 2588 ipsa.
509 2525 568 2586 mro
577 2523 665 2577 uidetur
675 2525 734 2590 quii
752 2528 877 2582 humilitas
892 2547 934 2584 noo

137 2595 167 2644 sil
177 2595 258 2646 virtus.

169 2669 191 2714 l.
204 2668 328 2728 Praelerea,
341 2683 355 2715 a
368 2667 489 2719 virtus-est
504 2668 624 2733 dispositio
634 2669 760 2732 perlecti»
777 2676 803 2722 nt
811 2672 933 2726 dimmrin

137 2733 185 2783 Vll.
199 2735 297 2798 Phyric.
307 2737 378 2802 (text.
391 2742 419 2788 17
429 2742 451 2789 el
462 2743 491 2789 18
500 2739 520 2798 ).
530 2740 575 2791 Sed
588 2738 704 2791 humilitas
715 2741 806 2794 videtur
819 2758 874 2798 esse
889 2748 933 2797 im·

137 2804 304 2865 perrenorum:
319 2810 376 2858 uuis
390 2811 531 2862 ethaeorum
547 2812 656 2862 eonremt
671 2813 801 2878 humiliari,
810 2818 869 2880 quia
878 2817 934 2868 uuili

138 2873 222 2936 subjici
231 2879 314 2938 sissi.
325 2879 384 2942 Ergo
395 2881 484 2932 uidetur
492 2881 552 2946 quid
564 2882 680 2934 humilitas
693 2897 741 2936 nen
753 2885 785 2937 eit
802 2887 888 2940 vuius.
