1934 3284
122 143 169 194 m
235 151 488 200 oecumenicum,
504 149 685 199 onmem,
705 151 764 189 m.
781 153 801 191 ι.

121 228 233 296 pensionis
247 229 287 280 ine
301 227 397 279 vitiosos
410 231 462 291 est3
481 228 541 277 sient
553 231 577 277 et
588 226 691 277 oetoctns
709 228 841 281 volontarii
854 234 926 282 nous

124 299 302 364 seponendum
313 297 437 350 secundnm
447 297 557 362 jndicinn
572 297 673 348 notionis.
952 272 953 341 i

153 374 187 423 st
197 372 293 437 primun
306 385 359 435 engo
368 373 503 433 dicentium,
514 370 574 434 qnod
585 369 623 420 itte
634 370 675 433 qni
683 372 796 424 totaliter
808 389 859 426 non
870 377 925 426 ins-

121 444 182 495 eitnn
195 442 247 494 enm
268 444 335 496 debet
353 442 433 506 irasci,
448 443 550 492 imitatur
563 442 654 505 quidem
675 442 751 493 Dennn
772 452 885 510 qnantum
901 448 925 495 nd

126 515 248 566 oenentienn
264 515 388 582 pensionis3
406 529 453 567 non
466 519 543 566 entem
561 517 670 578 qnantum
683 514 714 565 ed
730 517 780 568 hoo
796 520 863 583 qnod
875 522 927 571 ttens
952 582 953 585 Ἰ

126 587 252 653 exjnticio
266 589 340 652 ponit.
952 592 953 637 t

158 662 192 712 nt
209 662 331 712 seeundum
350 659 471 712 dicendum
480 695 489 722 ,
503 656 562 722 qnod
579 657 653 722 passio
671 657 712 709 ire
726 661 797 713 utitis
812 666 866 727 est,
879 662 928 712 sion
952 652 953 721 i

125 736 150 784 et
163 745 241 784 omnes
256 733 294 783 nlii
308 737 381 782 motus
401 729 513 796 appetitus
532 725 649 792 sensitivi,
671 730 700 779 ed
713 731 762 782 hoo
784 735 853 798 qnod
871 736 928 784 hono

126 802 254 872 pronontiis
271 807 395 868 exequatur
412 802 433 853 in
454 803 513 866 qnod
536 800 594 851 ratio
614 800 695 865 dietnt3
718 802 835 869 niioqnin
858 805 930 856 instra

128 879 189 928 esset
201 876 224 926 in
237 876 329 927 homine
343 873 455 939 appetitus
467 870 672 936 sensitinns30i1nn
684 876 768 925 tannen
784 881 874 928 natura
884 877 929 928 nihii

127 947 195 1000 isoio
207 947 297 999 frustra.

160 1021 193 1070 tn
205 1018 295 1070 tertium
309 1017 439 1080 dicendum,
450 1016 510 1080 queo
522 1015 548 1064 in
560 1028 587 1067 eo
599 1014 639 1079 qni
649 1015 786 1068 inordinate
803 1021 873 1084 ogit,
884 1020 932 1084 juti·

130 1091 189 1142 nium
204 1090 296 1142 nationis
311 1103 357 1140 non
370 1087 442 1140 sotini
453 1093 490 1139 est
503 1101 571 1138 otum
579 1085 689 1152 simplicis
702 1089 788 1140 motis
805 1093 930 1147 votnntnt's.

129 1164 171 1216 eet
186 1163 254 1215 etiem
267 1162 381 1228 passionis
395 1160 507 1227 appetitis
522 1160 634 1223 sensitisi,
642 1163 668 1209 nt
680 1158 772 1210 dictum
789 1168 843 1216 est.
854 1167 883 1214 Et
894 1166 933 1212 ideo

129 1234 188 1287 sieut
201 1235 294 1287 remotio
309 1235 402 1286 eiieottis
414 1237 450 1284 est
461 1233 551 1297 signnm
566 1231 698 1282 remotionis
714 1245 814 1296 enum,
826 1236 863 1286 ita
876 1236 932 1286 etien

131 1307 227 1360 remotio
240 1307 279 1360 ire
293 1312 328 1359 eet
341 1306 430 1372 signum
443 1304 575 1357 remotionis
585 1303 666 1366 judieii
680 1303 790 1357 rationis.

385 1652 551 1724 tinette
569 1650 670 1716 GLIX.

254 1793 289 1840 ns
302 1793 459 1846 orassem,
471 1796 501 1840 o·
514 1794 575 1840 eoos
589 1792 708 1840 armosos
721 1792 822 1842 noea.

165 1943 250 1995 Deinde
263 1943 449 1996 considerandum
460 1948 496 1996 est
507 1945 536 1995 ‹te
546 1942 686 1996 erudelitate.

166 2016 196 2066 Et
207 2015 267 2066 cinon
280 2017 323 2067 hoe
334 2020 465 2080 queruntur
476 2017 530 2067 dno.
543 2019 569 2066 1⁰
579 2014 657 2066 Utrim
671 2014 796 2067 cnntelitns
808 2026 937 2084 opponetur

136 2087 271 2140 clementie.
282 2092 309 2138 2⁰
318 2088 350 2139 De
359 2089 527 2153 comparatione
537 2087 588 2153 ejus
599 2088 628 2139 nd
636 2086 749 2140 sevitiam
761 2089 800 2140 vei
811 2090 937 2144 feritaten.

433 2267 593 2320 tttttctttus
607 2269 627 2319 i.

279 2393 503 2440 Utrtmcredetitoe
512 2391 790 2452 opponaturctemeneiae.
951 2356 953 2407 Ι

166 2522 306 2588 inprimunt
317 2521 351 2572 sio
359 2521 497 2586 proceditur.
504 2520 597 2571 Videtur
605 2518 666 2584 qnod
673 2518 797 2572 erudelitas
806 2533 858 2573 non
868 2537 938 2589 oppo-

134 2599 202 2646 netur
219 2595 356 2646 olementiae.
378 2593 437 2644 Dicit
461 2592 523 2644 enim
544 2593 631 2642 Seneca
650 2591 675 2641 in
694 2591 725 2640 tt.
744 2593 784 2642 De
801 2593 937 2645 clementio

134 2667 203 2729 (cap.
215 2669 244 2716 tv
251 2666 270 2730 ),
286 2666 348 2730 quid
363 2683 377 2714 o
388 2667 422 2716 iiii
432 2671 540 2717 vocantur
551 2664 661 2727 onntetes,
670 2665 710 2728 qui
720 2666 838 2717 excedunt
846 2669 937 2718 modun

132 2735 158 2784 in
171 2735 301 2798 puniento;
312 2737 373 2799 quod
386 2737 535 2790 oontmnietnn
544 2737 649 2801 justitian.
660 2736 790 2788 Clementia
800 2743 878 2789 antem
893 2752 935 2787 non

132 2805 224 2868 ponitur
240 2819 294 2868 pers
305 2808 414 2870 justitie,
426 2809 466 2859 sed
482 2806 646 2872 temperentia.
667 2807 728 2872 Engo
747 2809 873 2860 erndeiitns
893 2823 935 2858 non

132 2873 223 2926 vitetur
237 2875 322 2939 opponi
332 2875 468 2932 nomentio.
