1934 3284
383 201 414 239 DE
429 201 563 242 multione.
856 197 871 244 7

68 276 152 341 qudem
168 277 199 329 de
218 277 270 342 ipen
284 275 395 341 religione
416 277 542 329 secundum
561 290 601 343 ee3
616 279 717 340 secundo
733 281 763 334 de
782 283 872 336 actibus

67 347 128 411 ejns3
142 348 214 400 tertib
228 349 257 399 de
273 347 340 401 vitiis
352 348 471 412 oppositis.

95 419 158 470 iirca
171 419 275 484 primurn
294 423 428 484 quamntur
441 423 493 470 ecto
506 434 513 469 τ
528 422 556 470 10
569 419 651 472 Utrirnr
665 422 744 488 religio
761 424 871 478 consistat

67 491 151 540 tantum
172 489 198 540 in
223 489 306 542 ordine
331 492 357 541 ad
387 493 467 542 benun.
487 495 514 540 2⁰
537 492 617 544 tltrbnr
638 493 718 557 religio
737 494 767 544 sit
787 496 868 548 vimus.

68 564 92 609 ³⁰
107 559 187 612 uuum
201 561 282 626 religio
298 559 328 614 sit
340 574 387 612 una
402 561 482 612 ninus.
498 565 525 612 l⁰
536 562 617 614 Utrbm
629 563 709 627 religio
722 564 752 616 sit
765 565 870 629 specialis

67 631 143 682 virius.
154 635 182 682 5⁰
195 632 277 683 Utrdrn
291 631 372 695 religio
386 631 416 682 sit
427 633 501 683 mutus
512 633 646 698 theologica.
662 639 689 684 6⁰
697 634 777 686 Utrdm
790 637 870 701 religio

67 702 94 752 sit
103 703 247 768 praeterendo
263 703 316 754 aliis
327 701 448 754 mutibus
458 704 589 755 moralibus.
600 709 627 754 70
640 705 720 756 Uirium
734 706 815 770 religio
828 709 869 758 ba·

67 773 115 826 beat
127 775 257 828 exteriores
271 777 345 826 actus.
361 779 388 826 80
404 773 484 826 lttrirun
497 775 578 840 religio
590 775 621 828 sit
633 776 712 829 eadem
726 778 851 830 sanctitati.

371 955 530 1007 laudunus
543 956 563 1010 Ι.

131 1075 222 1121 Uirium
238 1073 327 1131 religio
344 1074 565 1122 ordinationenem
580 1077 701 1124 aolismuai
714 1079 802 1125 Mitt.

93 1198 125 1247 iu
139 1196 239 1260 prium
253 1195 287 1246 sic
297 1195 436 1260 proceditur.
449 1197 547 1247 Videtur
556 1197 616 1262 qnbd
630 1198 766 1262 religionen
780 1199 871 1252 ordinet

65 1268 177 1318 bominem
197 1265 274 1317 setium
292 1267 321 1316 ad
336 1267 416 1316 ileum
431 1267 519 1318 Dicitur
536 1270 599 1318 enim
619 1269 683 1326 don..
706 1270 737 1320 l:
754 1271 869 1334 «Religio

65 1339 145 1390 munda
157 1343 182 1390 et
192 1338 343 1388 immaculata
355 1339 415 1400 apud
425 1339 497 1388 ticum
511 1341 535 1388 et
546 1339 636 1389 Patrem
649 1341 698 1390 bec
708 1343 760 1390 est:
775 1341 870 1392 uisitare
910 1389 912 1396 .

64 1411 158 1474 pupillos
175 1414 201 1460 et
215 1409 299 1460 viduas
318 1407 343 1458 in
356 1408 501 1460 tribulatione
515 1422 608 1472 eorum,
622 1413 646 1461 et
664 1410 832 1463 immaculatum
844 1425 869 1463 se

64 1481 175 1533 custodire
189 1481 220 1530 ab
233 1482 280 1531 bue
293 1479 386 1530 seculo.
399 1497 413 1528 n
425 1481 470 1532 Sed
483 1481 578 1532 visitare
590 1481 670 1533 viduas
684 1487 708 1534 et
724 1483 823 1549 pupillos
835 1484 869 1535 di-

64 1552 116 1603 uiiur
123 1551 255 1604 secundino
268 1551 372 1602 ordinem
380 1553 407 1601 ad
416 1552 544 1616 proximum
553 1570 560 1616 3
570 1554 628 1618 quod
640 1557 716 1605 autem
725 1554 789 1616 dicit,
802 1555 869 1606 uinu-

64 1625 199 1675 naunlstum
209 1636 236 1673 se
254 1621 370 1672 custodire
385 1622 413 1671 ab
423 1623 467 1672 hoc
478 1623 599 1685 saeculo»
614 1625 713 1688 pertinet
724 1626 752 1676 ad
765 1626 867 1676 ordinem

64 1708 105 1758 guo
118 1695 241 1748 ordinatur
253 1695 324 1744 homo
343 1693 369 1744 in
380 1693 463 1758 seipso.
477 1695 538 1757 urge
547 1693 627 1760 religio
638 1706 684 1747 non
697 1694 770 1747 solim
786 1697 867 1747 dicitur

65 1765 87 1816 in
100 1767 179 1818 ordine
197 1765 228 1816 ad
241 1766 324 1816 Deum
457 1825 458 1828 Ἴ

91 1843 114 1889 i.
130 1839 265 1900 Praeterea,
279 1837 421 1900 Augustinus
432 1838 486 1890 dicit
499 1838 525 1888 in
534 1839 564 1890 ll.
576 1839 614 1890 De
626 1839 681 1892 Ciu.
698 1842 746 1892 Dei
758 1842 816 1906 (cap.
830 1841 865 1907 1),

67 1909 119 1971 qnod
133 1927 148 1958 u
159 1908 217 1974 quia
234 1906 306 1959 latini
319 1907 427 1972 loquendi
445 1910 609 1963 consuetudine
631 1912 695 1976 (non
711 1912 867 1977 imperitorum

66 1980 147 2031 bntdm
155 2018 165 2045 ,
183 1979 266 2030 verbm
281 1979 351 2029 etiam
361 1979 559 2046 doctissimorum)
575 1984 747 2046 cognationibus
762 1983 869 2036 humanis

67 2053 127 2114 nune
144 2050 299 2102 affinitatibus
320 2053 343 2099 ct
360 2049 538 2114 quibuscumque
558 2053 763 2105 necessitudinibus
786 2054 868 2104 dicitur

65 2121 187 2173 exbibenda
198 2121 296 2186 religio,
306 2133 353 2171 non
364 2133 392 2171 eo
404 2121 512 2172 vocabulo
523 2123 608 2174 vitatur
620 2125 759 2188 ambiguum,
772 2125 823 2175 cdm
839 2126 867 2176 de

68 2193 123 2243 cuttu
132 2193 267 2244 divinitatis
281 2192 378 2243 vertitur
394 2191 499 2254 questio,
511 2196 537 2244 nt
546 2193 642 2245 indentur
656 2195 866 2259 dimensionum,

68 2263 196 2328 religionem
210 2276 260 2315 non
275 2275 327 2314 esse
346 2262 393 2313 nisi
410 2262 497 2312 cultum
513 2265 591 2314 bel.»
612 2265 672 2329 Ergo
691 2265 770 2329 religio
786 2266 868 2317 dicitnr

67 2347 108 2385 non
120 2335 196 2388 nolim
210 2335 237 2385 in
246 2334 327 2386 ordine
342 2335 371 2384 ad
384 2335 468 2398 boum,
476 2336 517 2386 sed
527 2335 596 2386 etiarn
607 2336 632 2386 in
643 2336 721 2388 ordine
735 2338 763 2389 ad
773 2338 866 2403 propin-

95 2482 118 2528 o,
132 2481 263 2540 Praeterea,
280 2477 309 2527 ad
319 2476 453 2540 religionem
465 2477 555 2529 urimur
570 2478 637 2529 latria
650 2479 772 2545 pertinere.
790 2481 866 2533 Latria

67 2547 122 2598 enirn
132 2550 300 2613 interpretatur
310 2547 417 2610 nervum,
427 2551 453 2598 ut
463 2549 694 2612 Augustinusdicitin
703 2553 732 2604 x.
745 2553 864 2604 Decidit.

68 2619 111 2668 Dei
123 2621 178 2683 (ubi
192 2618 281 2684 sopri).
293 2618 385 2668 Sernire
398 2621 474 2668 antem
487 2633 534 2670 non
544 2619 616 2670 solium
630 2623 738 2674 debemus
750 2625 810 2687 lieo,
825 2625 866 2674 sed

1 2681 3 2719 ³
68 2691 132 2740 etiam
143 2689 264 2755 proximis,
279 2687 405 2739 secundirm
414 2687 472 2738 illud
483 2690 581 2752 Geloi„
595 2691 629 2742 V:
646 2711 660 2741 «
672 2694 717 2744 Per
732 2695 865 2746 charitatem

69 2761 156 2823 spiritus
168 2761 255 2812 scruto
264 2760 374 2811 invicem
384 2775 398 2808 u
410 2761 469 2824 lingo
478 2761 558 2825 religio
566 2761 674 2828 importat
684 2765 785 2816 ordinem
796 2766 864 2816 etiam

68 2831 93 2880 nd
108 2833 246 2896 proximum.

95 2907 118 2954 l.
132 2905 261 2963 merea,
273 2904 302 2956 ad
316 2901 449 2970 religionem
463 2907 561 2968 pertinet
575 2905 657 2959 cuitus,
670 2906 716 2958 sed
725 2907 794 2958 bomo
809 2905 866 2956 dici-
