1934 3284
308 225 311 232 ·
354 201 386 242 un
402 203 554 244 cancamum.
805 200 852 248 111

1 327 2 332 ,
58 283 98 334 art.
110 280 151 346 1),
166 279 275 334 obediens
291 284 394 332 moratur
412 280 460 331 ad
453 281 572 352 imperium
588 283 742 349 paramentis
754 286 853 366 quadam

58 353 188 404 necessitate
197 351 305 416 justitie,
315 351 374 404 sicut
387 365 423 403 res
438 352 548 402 naturalis
558 343 663 405 moretur
674 369 704 406 ox
714 355 798 406 virtute
814 356 852 407 sui
873 399 883 409 ,

32 477 37 486 ,
57 425 146 476 motoris
168 425 302 476 necessitate
316 428 409 475 natura.
431 423 495 482 Qudd
513 428 589 475 autem
606 426 681 490 aliqua
696 441 734 477 rcs
746 428 854 480 naturalis

56 510 100 548 uon
113 499 229 546 moueatur
239 495 252 546 1
262 509 303 546 suo
316 499 400 546 motorc
409 533 416 556 ,
426 497 503 559 potest
513 494 644 558 contingere
656 497 793 561 dupliciter:
805 513 852 550 uuo

56 568 135 628 modo,
149 569 242 631 propter
252 565 438 632 impedimentum
450 566 510 629 quod
520 566 623 629 provenit
632 580 661 618 ex
671 568 759 620 fortiori
768 570 854 621 virtuto

56 639 145 690 atterius
166 637 281 688 mouentis
296 654 302 688 :
317 637 376 688 siout
388 637 476 702 iignum
495 649 542 687 non
555 637 694 688 comburitur
706 640 734 690 ab
754 641 821 705 igue,
833 641 854 694 si

55 710 132 760 fortior
142 709 178 760 ris
192 721 258 772 aquo
275 708 401 773 impediam
413 708 456 759 aiio
473 709 542 760 modo
553 722 583 759 uu
597 709 686 760 deductu
706 711 793 762 ordinis
806 726 854 764 mo·

55 781 105 831 tritis
119 781 145 831 ad
160 783 280 844 motorum,
299 781 352 844 quia
370 780 414 830 etsi
426 778 561 844 subjiciatur
578 780 629 844 ojus
645 781 729 832 actioni
743 787 853 846 quautam

55 853 80 902 ad
95 851 188 916 aliquid,
201 864 248 902 non
264 855 340 902 tamar
352 853 461 914 quantum
472 851 501 900 ad
515 850 592 901 omnia
603 867 610 901 ε
622 851 680 902 sicut
690 853 771 915 humor
781 868 854 918 quan·

55 925 126 987 doque
143 922 264 988 subjicitur
284 921 369 972 actioni
388 921 469 972 caloris
490 925 600 984 quantum
619 923 648 972 ad
665 922 792 987 calefieri,
805 939 853 976 non

54 996 127 1044 tamar
139 998 249 1058 quantum
263 993 291 1044 ad
310 995 433 1042 exsiccari
449 991 498 1042 siue
518 995 642 1042 consumi.
659 994 689 1042 Et
704 993 811 1045 similiter
823 1009 854 1047 ex

54 1065 138 1117 duobus
155 1068 231 1130 potest
244 1060 375 1128 contingere
386 1063 445 1128 quod
458 1063 561 1114 subditus
574 1077 615 1114 suo
631 1065 742 1129 superiori
755 1078 803 1116 nou
818 1070 853 1116 tc-

55 1141 133 1190 ncatur
144 1137 170 1188 ia
184 1137 290 1188 omnibus
303 1136 403 1188 obedire.
415 1135 465 1186 lino
475 1136 541 1186 modo
553 1140 647 1200 propter
656 1140 794 1201 pracceptum
807 1152 854 1191 aaa·

52 1208 107 1271 J'oris
123 1209 257 1273 potcstatis3
270 1208 368 1259 atenim
383 1205 419 1256 od
432 1209 512 1270 Rom,
526 1207 592 1271 11111,
606 1221 676 1271 sapor
688 1209 761 1259 iilud:
779 1225 794 1257 u
808 1210 853 1269 Qui

53 1281 159 1342 potestati
179 1279 289 1332 resistunt
308 1277 415 1342 ipsiuidi
432 1277 600 1329 damnationem
620 1280 754 1344 acquirunt,
768 1298 782 1329 a
798 1281 855 1332 dicit

53 1350 147 1402 Glossa:
164 1349 286 1414 «Siquid
301 1348 397 1413 iusserit
417 1353 517 1411 carator,
532 1351 642 1414 numquid
660 1352 751 1403 esttibi
765 1352 852 1404 tacien-

50 1424 101 1474 dam
108 1461 117 1488 ,
129 1425 150 1476 si
164 1427 244 1476 contra
256 1423 413 1488 proconsulem
422 1421 517 1486 jubeat?
530 1423 627 1473 Rursum
636 1423 656 1474 si
666 1423 721 1488 quio
733 1425 853 1488 proconsul

1 1533 2 1542 ,
48 1495 128 1557 juneas
133 1532 141 1558 ,
153 1500 179 1546 ct
189 1494 252 1545 aliud
261 1489 383 1558 imperator
389 1528 398 1555 ,
409 1493 518 1556 uunquid
528 1493 652 1557 dubitatur,
663 1495 702 1545 iilo
711 1500 852 1562 contempto,

1 1569 2 1574 ’
52 1566 89 1617 isti
108 1580 162 1620 esse
181 1566 338 1618 seruiendum?
360 1565 421 1627 Ergo
437 1565 457 1614 ai
473 1564 534 1614 atiud
555 1565 694 1630 imperator,
710 1568 773 1619 atiud
792 1569 853 1619 Boas

1 1667 2 1670 =
50 1638 147 1700 jubeat,
161 1641 292 1702 contempto
305 1637 345 1687 illo
358 1635 559 1700 obtemperandum
573 1640 608 1688 est
621 1638 676 1688 Deo.
690 1655 704 1686 a
720 1639 769 1690 atio
787 1641 854 1692 modo

53 1723 98 1760 non
110 1713 208 1760 tenetur
220 1707 313 1759 interior
328 1721 369 1760 auo
386 1707 498 1771 suporiori
510 1707 614 1771 obedire,
630 1709 649 1758 si
662 1709 685 1760 ei
694 1709 779 1773 aliquid
794 1725 854 1774 pro·

52 1780 121 1845 cipiat
138 1781 164 1831 in
177 1793 230 1846 ¹quo
242 1780 265 1830 ci
283 1792 328 1830 noa
345 1779 464 1841 suubdatur3
481 1778 536 1830 dicit
549 1780 612 1830 enirn
627 1781 712 1831 Seneca
729 1781 754 1830 in
774 1783 804 1831 111
817 1783 855 1834 De

50 1851 179 1916 beneficiis
194 1851 262 1916 (cap.
280 1852 330 1913 11)
348 1867 353 1899 z
371 1851 463 1900 «Errat
479 1851 499 1900 si
511 1847 563 1914 quis
582 1851 699 1900 existimat
720 1852 854 1905 servitutem

50 1923 75 1974 in
91 1927 168 1974 totum
184 1921 300 1974 hominem
311 1921 463 1982 descendere,
474 1921 686 1985 parsoaimmeiior
695 1927 791 1988 excepta
806 1928 854 1988 cst;

0 2019 1 2032 1
51 2007 148 2060 corpora
162 1992 262 2045 obnoxia
275 1995 328 2046 suut
343 1996 366 2044 et
381 1992 495 2057 adscripta
510 1993 621 2055 dominis,
634 2007 700 2052 mens
715 1994 806 2056 quidem
817 2001 855 2048 est

0 2069 1 2076 ’
51 2068 85 2116 sui
91 2069 162 2132 juris.
175 2083 190 2114 a
201 2068 230 2118 Et
242 2067 293 2118 ideo
303 2067 328 2116 in
338 2066 375 2117 his
390 2081 440 2130 qaae
454 2065 568 2131 pertinent
581 2067 608 2115 ad
621 2065 753 2116 interiorem
767 2072 855 2119 motum

51 2138 193 2201 uoluntatis,
205 2137 273 2189 homo
287 2151 332 2190 non
346 2140 436 2188 tenetur
448 2137 536 2193 homini
546 2135 651 2200 obedire,
662 2135 702 2186 sed
712 2136 784 2187 solium
798 2139 854 2202 Dco3

51 2213 144 2261 terrem
158 2213 235 2260 autem
246 2211 314 2260 homo
332 2208 419 2260 homiui
436 2209 527 2259 obedire
539 2207 564 2256 iu
576 2206 615 2256 his
629 2206 795 2270 quarantenis
814 2220 856 2272 per

52 2293 135 2346 corpus
151 2284 207 2332 sunt
222 2281 318 2344 agenda.
334 2280 361 2330 in
378 2279 460 2343 quinus
479 2283 557 2329 tamen
575 2275 698 2328 seeundum
716 2290 743 2328 ea
760 2292 811 2342 quar
826 2278 855 2328 ad

0 2415 1 2418 Ἴ
52 2356 158 2403 naturam
171 2352 273 2417 corporis
282 2351 409 2416 pertinent,
420 2352 489 2402 homo
498 2349 586 2401 homini
595 2349 687 2402 obedire
696 2361 743 2399 non
754 2354 855 2414 tenetur,
924 2405 932 2413 ,

52 2425 93 2482 sed
106 2423 183 2476 sotium
197 2425 261 2486 Deo,
274 2424 327 2487 qaia
337 2436 418 2474 omnes
431 2423 535 2474 tornines
551 2418 633 2473 natura
641 2424 695 2471 sunt
704 2433 786 2484 pares,
800 2422 857 2486 puta

50 2495 74 2544 iu
87 2495 126 2546 irie
140 2509 193 2558 que
206 2493 323 2558 portinent
312 2496 363 2546 tad
378 2494 478 2559 corporis
490 2493 678 2553 sutentationem
691 2496 716 2542 ct
726 2493 797 2557 protis
812 2507 858 2556 ge·

51 2567 208 2618 perationem.
223 2566 288 2616 Unda
297 2579 343 2616 uon
355 2569 461 2617 tenentur
470 2579 513 2616 nec
524 2578 586 2616 seru
578 2562 694 2614 dominis
702 2577 746 2615 nec
756 2563 799 2613 dlii
814 2578 854 2628 pa-

50 2637 159 2688 rentibus
175 2635 266 2687 obedire
286 2637 314 2687 dc
333 2636 478 2688 matrimonio
497 2634 650 2686 contrahendo
674 2635 712 2684 uel
730 2635 858 2698 uirginitate
904 2698 908 2704 Ι

1 2673 2 2762 i
49 2710 177 2773 servanda,
192 2710 233 2758 aut
243 2707 319 2773 aliquo
333 2708 377 2760 alio
389 2707 533 2771 hujusmodi3
545 2705 602 2757 sod
596 2718 620 2754 m
632 2704 669 2756 his
681 2719 732 2769 quae
741 2705 859 2770 pertinent

49 2871 91 2914 qu.
112 2857 237 2918 111,1ι1.
255 2859 322 2919 1,11
340 2856 614 2916 1111141111111111,
627 2857 680 2902 dist.
702 2855 733 2900 11
741 2868 803 2914 ,qu
824 2855 856 2913 1,

0 2935 1 2990 ζ
49 2929 95 2969 art.
114 2922 127 2968 1
133 2923 295 2984 ‚questione
315 2921 422 2982 1,111·
438 2919 506 2969 etad
521 2920 602 2971 idom„
612 2920 682 2981 xla,
692 2921 758 2981 tuot,
771 2918 816 2963 cot.
830 2916 855 2964 1.
