1934 3284
231 159 264 202 on
278 157 413 205 wne
426 161 456 202 n
471 159 667 210 noemma·
795 151 843 207 tte

341 345 502 397 ARTICULUS
518 344 547 397 11.

112 470 197 516 Utrum
207 472 256 516 tom
264 470 389 517 commun
398 471 470 528 poor»
479 472 635 518 mmtooo
646 473 678 518 tit
688 472 775 520 virtut.

80 597 114 648 to
133 597 256 648 secundum
274 595 309 648 sio
326 597 455 661 proceditur
467 598 511 662 (t).
527 597 620 648 Videtur
636 597 697 661 quod
711 612 784 664 neque
797 601 844 652 oic-

52 667 134 719 rueutio
147 681 221 732 ueque
235 669 382 738 mansuetudo
397 667 427 719 sit
443 669 523 720 virtus.
539 669 604 719 Nulla
622 669 683 720 euim
693 671 766 720 ruore
779 671 844 726 alteri

50 738 127 790 uirtuti
141 738 271 804 opponitur.
282 740 325 790 Sed
337 743 431 804 utroque
445 739 534 792 vitetur
547 740 633 804 opponi
647 741 777 806 seroneti,
791 756 842 806 pun

50 813 85 860 est
97 811 199 876 quedam
212 810 292 862 virtue.
308 811 365 876 Ergo
384 824 457 876 neque
471 811 593 862 clementie
606 825 679 878 neque
692 815 841 866 mansuetudo

50 886 83 932 est
96 882 179 934 uirtus.

81 958 103 1004 2.
118 956 243 1016 Praeterea,
254 952 327 1020 virtus
341 952 490 1018 corrumpitur
502 967 543 1018 per
554 957 714 1022 superfluum
728 958 752 1006 et
763 955 843 1006 dimi·

49 1029 170 1078 trutinum.
180 1027 222 1080 Sed
237 1030 281 1076 taur
291 1025 409 1078 clementia
420 1025 489 1088 quoru
500 1028 649 1081 mnuooetudo
661 1027 686 1078 in
699 1028 796 1093 quamn
807 1028 841 1078 di-

49 1098 173 1149 minutione
190 1096 327 1149 cousistunt.
344 1098 401 1148 Natu
421 1097 542 1148 clementia
558 1102 593 1150 ent
611 1098 744 1151 diminutiva
762 1111 841 1164 poene-

48 1181 110 1230 rum,
125 1168 274 1222 mansuetudo
289 1171 363 1220 autom
377 1172 412 1220 est
425 1167 560 1220 diminutiva
572 1171 620 1222 iro.
636 1171 696 1236 Eupo
711 1183 785 1234 nepum
796 1171 842 1223 ole-

48 1241 130 1292 urentia
150 1253 223 1303 neque
241 1240 388 1290 mansuetudo
402 1244 437 1290 est
454 1239 537 1291 uirtus.

78 1316 100 1362 ³.
115 1313 227 1364 erutereu
235 1348 244 1374 ,
258 1311 407 1362 mansuetudo
427 1310 476 1361 sive
496 1311 581 1362 mititte
598 1311 689 1376 ponitur
703 1313 793 1369 Moto„
806 1313 841 1376 V,

47 1379 103 1433 iuter
112 1383 311 1445 beatitudiuespet
321 1382 472 1432 interiunctus
484 1383 521 1432 od
536 1381 631 1442 Galat..
647 1383 675 1433 V.
688 1384 733 1435 Sed
747 1384 843 1436 virtutes

47 1452 153 1508 oitount
166 1458 189 1504 et
201 1453 214 1504 i
228 1453 420 1520 beatitudinibus,
434 1458 458 1504 et
470 1453 484 1504 ir
497 1453 616 1507 fructibus.
635 1456 694 1518 Ergo
711 1469 756 1506 uou
768 1455 842 1506 couti·
904 1488 908 1494 -

47 1531 127 1578 nentur
142 1527 184 1579 sub
196 1525 288 1578 virtute.

74 1597 118 1650 Sed
139 1601 217 1650 contro
241 1602 289 1661 est,
307 1597 366 1660 quod
386 1597 439 1648 dicit
458 1599 545 1650 Seneca
564 1599 589 1649 iu
608 1599 638 1650 11.
659 1599 696 1653 De
710 1598 841 1653 clementia

47 1669 109 1736 (cup.
123 1669 166 1733 t).
184 1686 197 1718 u
210 1670 357 1722 Clementiam
371 1673 395 1720 et
407 1670 604 1722 monsuetudinem
616 1684 697 1723 omnes
706 1671 759 1722 boui
770 1686 841 1736 pree·

47 1742 132 1796 tabunt.
149 1742 219 1794 osen
229 1741 301 1792 virtus
314 1745 349 1791 est
361 1741 451 1805 proprie
464 1756 515 1804 quae
530 1741 627 1806 pertinet
640 1743 668 1792 ud
684 1742 757 1794 bonos
769 1742 841 1795 runs.

47 1813 100 1864 Noun
117 1813 218 1864 «virtue
232 1819 268 1864 est
285 1826 336 1876 que
354 1811 439 1863 bouum
456 1813 663 1877 intitutionem,
682 1817 705 1864 et
722 1827 780 1878 opus
793 1814 844 1878 pue

46 1881 128 1936 bonum
139 1885 225 1945 reddit;
238 1901 252 1932 n
264 1883 377 1934 utdicitur
397 1883 427 1933 11.
437 1883 523 1935 Ettrio,
539 1885 607 1950 (cup.
622 1887 651 1947 5,
665 1883 712 1934 siro
725 1887 769 1947 c).
784 1885 842 1948 Eupo

47 1955 167 2008 clementia
178 1959 201 2006 et
214 1955 360 2006 mansuetudo
373 1956 427 2004 sunt
438 1954 542 2005 virtutes.

76 2025 84 2092 (
92 2030 238 2080 concrusro.
252 2051 282 2066 -
297 2025 352 2076 Tam
370 2024 490 2082 clementia
502 2025 569 2090 putu
582 2027 730 2079 mansuetudo
744 2025 840 2076 virtutes

46 2104 110 2158 eunt.
121 2114 164 2168 per
176 2112 231 2164 quas
241 2095 363 2149 seconntirm
373 2102 458 2150 rectam
467 2098 578 2153 rationem
587 2098 727 2153 moderamur
736 2097 840 2150 affectum

46 2183 90 2222 tre.

76 2174 214 2308 Beiepoudeo
226 2241 355 2302 uiuendum,
368 2237 427 2304 quod
436 2239 494 2292 tutio
504 2238 594 2290 uirtutis
603 2239 693 2292 moratis
706 2238 842 2293 consecutio

46 2311 87 2363 hoo
102 2312 162 2378 quod
174 2313 287 2378 appetitus
300 2309 381 2360 rationi
391 2311 513 2376 subtatum
521 2315 547 2362 nt
558 2314 621 2374 patet
631 2325 672 2376 per
679 2311 841 2374 Philosophum

44 2381 68 2434 iu
77 2386 97 2436 1.
107 2386 192 2438 Ettic.
207 2385 275 2450 (cap.
289 2382 349 2446 ult).
364 2383 495 2435 Houeuteru
509 2387 612 2434 seruatur
625 2381 705 2437 tamin
719 2381 840 2433 tumentia

44 2469 112 2520 quern
125 2455 341 2508 inmansuetudine.
358 2453 418 2507 item
433 2454 554 2508 oleuueutia
569 2454 593 2504 iu
604 2453 748 2506 diminuendo
761 2466 841 2523 poenat

44 2528 125 2592 aspicit
145 2528 173 2578 ad
189 2527 315 2589 rationem
332 2530 358 2579 ut
376 2527 463 2578 Seneca
482 2527 540 2578 dicit
560 2526 585 2576 iu
602 2527 630 2579 11.
653 2527 690 2576 De
709 2525 842 2576 elementia

43 2595 53 2662 ί
61 2612 111 2663 cap.
128 2602 172 2666 t).
182 2597 288 2648 Similiter
296 2597 367 2648 etiarn
376 2599 524 2654 mansuetudo
534 2595 657 2650 secundino
667 2598 778 2654 rationem
792 2609 842 2649 rec·

44 2669 91 2722 tau
104 2669 231 2725 moderatur
239 2668 296 2736 irus;
306 2673 332 2720 ut
340 2667 422 2720 dicitur
430 2669 455 2722 iu
463 2669 501 2720 lV.
510 2669 594 2720 Ettric.
607 2669 673 2735 (cap.
683 2669 778 2734 11,sive
788 2669 840 2733 13).

77 2822 110 2888 (1)
126 2826 160 2870 Do
174 2825 293 2871 bisetium
310 2825 335 2870 in
347 2825 395 2886 111,
408 2824 486 2875 Senot„
504 2825 558 2871 dict.
576 2824 622 2886 26,
639 2838 681 2883 qu.
701 2824 730 2886 ἢ,
749 2831 793 2873 nrt.
812 2824 841 2883 2,

45 2896 111 2944 etit.
