<?xml version="1.0" encoding="UTF-8"?>
<!DOCTYPE html PUBLIC "-//W3C//DTD XHTML 1.0 Transitional//EN"
    "http://www.w3.org/TR/xhtml1/DTD/xhtml1-transitional.dtd">
<html xmlns="http://www.w3.org/1999/xhtml" xml:lang="en" lang="en">
 <head>
  <title>
</title>
<meta http-equiv="Content-Type" content="text/html;charset=utf-8" />
  <meta name='ocr-system' content='tesseract 3.04.00' />
  <meta name='ocr-capabilities' content='ocr_page ocr_carea ocr_par ocr_line ocrx_word'/>
</head>
<body>
  <div class='ocr_page' id='page_1' title='image "./summatheologica05nicogoog_0332.png"; bbox 0 0 1934 3284; ppageno 0'>
   <div class='ocr_carea' id='block_1_1' title="bbox 374 189 858 248">
    <p class='ocr_par' dir='ltr' id='par_1_1' title="bbox 374 189 858 248">
     <span class='ocr_line' id='line_1_1' title="bbox 374 189 858 248; baseline 0.006 -3"><span class='ocrx_word' id='word_1_1' title='bbox 374 189 405 245; x_wconf 82' lang='lat' dir='ltr'>ou</span> <span class='ocrx_word' id='word_1_2' title='bbox 419 207 546 246; x_wconf 76' lang='grc' dir='ltr'>νιιιιιτιιτιι.</span> <span class='ocrx_word' id='word_1_3' title='bbox 813 201 858 248; x_wconf 70' lang='lat' dir='ltr'>ast</span> 
     </span>
    </p>
   </div>
   <div class='ocr_carea' id='block_1_2' title="bbox 55 283 883 3001">
    <p class='ocr_par' dir='ltr' id='par_1_2' title="bbox 59 283 859 490">
     <span class='ocr_line' id='line_1_2' title="bbox 89 283 859 350; baseline 0.004 -16"><span class='ocrx_word' id='word_1_4' title='bbox 89 284 255 345; x_wconf 78' lang='lat' dir='ltr'>(Coumnsro.</span> <span class='ocrx_word' id='word_1_5' title='bbox 262 283 540 348; x_wconf 82' lang='lat' dir='ltr'>-Veritasestquedam</span> <span class='ocrx_word' id='word_1_6' title='bbox 549 285 652 348; x_wconf 87' lang='lat' dir='ltr'>specialis</span> <span class='ocrx_word' id='word_1_7' title='bbox 662 285 859 350; x_wconf 82' lang='lat' dir='ltr'>virtusperquam</span> 
     </span>
     <span class='ocr_line' id='line_1_3' title="bbox 59 355 859 420; baseline 0.009 -17"><span class='ocrx_word' id='word_1_8' title='bbox 59 356 126 405; x_wconf 87' lang='lat' dir='ltr'>horno</span> <span class='ocrx_word' id='word_1_9' title='bbox 140 355 254 405; x_wconf 71' lang='lat' dir='ltr'>exteriora</span> <span class='ocrx_word' id='word_1_10' title='bbox 266 367 307 405; x_wconf 86' lang='lat' dir='ltr'>sua</span> <span class='ocrx_word' id='word_1_11' title='bbox 321 356 358 406; x_wconf 80' lang='lat' dir='ltr'>uel</span> <span class='ocrx_word' id='word_1_12' title='bbox 368 356 437 406; x_wconf 84' lang='lat' dir='ltr'>verba</span> <span class='ocrx_word' id='word_1_13' title='bbox 450 357 488 406; x_wconf 86' lang='lat' dir='ltr'>vel</span> <span class='ocrx_word' id='word_1_14' title='bbox 501 357 560 406; x_wconf 86' lang='lat' dir='ltr'>lacta</span> <span class='ocrx_word' id='word_1_15' title='bbox 572 357 607 406; x_wconf 89' lang='lat' dir='ltr'>vel</span> <span class='ocrx_word' id='word_1_16' title='bbox 621 355 685 420; x_wconf 75' lang='lat' dir='ltr'>siqua</span> <span class='ocrx_word' id='word_1_17' title='bbox 695 357 771 408; x_wconf 83' lang='lat' dir='ltr'>debito</span> <span class='ocrx_word' id='word_1_18' title='bbox 780 357 859 410; x_wconf 85' lang='lat' dir='ltr'>ordino</span> 
     </span>
     <span class='ocr_line' id='line_1_4' title="bbox 60 426 189 490; baseline -0.008 -14"><span class='ocrx_word' id='word_1_19' title='bbox 60 426 189 490; x_wconf 88' lang='lat' dir='ltr'>disponit.)</span> 
     </span>
    </p>

    <p class='ocr_par' dir='ltr' id='par_1_3' title="bbox 55 496 860 1277">
     <span class='ocr_line' id='line_1_5' title="bbox 85 496 858 563; baseline 0.008 -15"><span class='ocrx_word' id='word_1_20' title='bbox 85 498 226 562; x_wconf 85' lang='lat' dir='ltr'>Respondeo</span> <span class='ocrx_word' id='word_1_21' title='bbox 244 496 364 548; x_wconf 88' lang='lat' dir='ltr'>dicendum</span> <span class='ocrx_word' id='word_1_22' title='bbox 372 499 453 563; x_wconf 85' lang='lat' dir='ltr'>‚quod</span> <span class='ocrx_word' id='word_1_23' title='bbox 467 501 496 550; x_wconf 90' lang='lat' dir='ltr'>ad</span> <span class='ocrx_word' id='word_1_24' title='bbox 515 499 625 550; x_wconf 87' lang='lat' dir='ltr'>rationem</span> <span class='ocrx_word' id='word_1_25' title='bbox 646 500 736 550; x_wconf 80' lang='lat' dir='ltr'>virtutis</span> <span class='ocrx_word' id='word_1_26' title='bbox 754 503 858 554; x_wconf 75' lang='lat' dir='ltr'>humane</span> 
     </span>
     <span class='ocr_line' id='line_1_6' title="bbox 57 537 859 634; baseline 0.006 -15"><span class='ocrx_word' id='word_1_27' title='bbox 57 570 156 633; x_wconf 89' lang='lat' dir='ltr'>pertinet</span> <span class='ocrx_word' id='word_1_28' title='bbox 170 569 234 634; x_wconf 83' lang='lat' dir='ltr'>quod</span> <span class='ocrx_word' id='word_1_29' title='bbox 248 583 307 632; x_wconf 89' lang='lat' dir='ltr'>opus</span> <span class='ocrx_word' id='word_1_30' title='bbox 319 537 418 622; x_wconf 85' lang='lat' dir='ltr'>homlnis</span> <span class='ocrx_word' id='word_1_31' title='bbox 433 571 518 622; x_wconf 83' lang='lat' dir='ltr'>honum</span> <span class='ocrx_word' id='word_1_32' title='bbox 534 571 631 622; x_wconf 85' lang='lat' dir='ltr'>reddat:</span> <span class='ocrx_word' id='word_1_33' title='bbox 648 573 707 624; x_wconf 86' lang='lat' dir='ltr'>unde</span> <span class='ocrx_word' id='word_1_34' title='bbox 720 573 796 624; x_wconf 78' lang='lat' dir='ltr'>ultim</span> <span class='ocrx_word' id='word_1_35' title='bbox 807 579 859 626; x_wconf 86' lang='lat' dir='ltr'>actu</span> 
     </span>
     <span class='ocr_line' id='line_1_7' title="bbox 58 640 859 709; baseline 0.007 -19"><span class='ocrx_word' id='word_1_36' title='bbox 58 642 156 692; x_wconf 88' lang='lat' dir='ltr'>hominis</span> <span class='ocrx_word' id='word_1_37' title='bbox 175 640 292 692; x_wconf 80' lang='lat' dir='ltr'>iuvenitur</span> <span class='ocrx_word' id='word_1_38' title='bbox 310 643 414 706; x_wconf 83' lang='lat' dir='ltr'>specialis</span> <span class='ocrx_word' id='word_1_39' title='bbox 431 643 625 706; x_wconf 76' lang='lat' dir='ltr'>concinnitatis,</span> <span class='ocrx_word' id='word_1_40' title='bbox 641 649 784 696; x_wconf 73' lang='lat' dir='ltr'>uecemeest</span> <span class='ocrx_word' id='word_1_41' title='bbox 799 646 859 709; x_wconf 86' lang='lat' dir='ltr'>qndd</span> 
     </span>
     <span class='ocr_line' id='line_1_8' title="bbox 57 681 859 794; baseline 0.005 -32"><span class='ocrx_word' id='word_1_42' title='bbox 57 715 84 764; x_wconf 87' lang='lat' dir='ltr'>ad</span> <span class='ocrx_word' id='word_1_43' title='bbox 95 715 142 764; x_wconf 89' lang='lat' dir='ltr'>hoc</span> <span class='ocrx_word' id='word_1_44' title='bbox 159 707 296 776; x_wconf 79' lang='lat' dir='ltr'>disponatur</span> <span class='ocrx_word' id='word_1_45' title='bbox 307 715 376 764; x_wconf 87' lang='lat' dir='ltr'>homo</span> <span class='ocrx_word' id='word_1_46' title='bbox 389 728 432 778; x_wconf 88' lang='lat' dir='ltr'>per</span> <span class='ocrx_word' id='word_1_47' title='bbox 445 714 567 794; x_wconf 72' lang='lat' dir='ltr'>specialem</span> <span class='ocrx_word' id='word_1_48' title='bbox 581 681 698 766; x_wconf 81' lang='lat' dir='ltr'>virlulem.</span> <span class='ocrx_word' id='word_1_49' title='bbox 715 715 859 768; x_wconf 73' lang='lat' dir='ltr'>(limantem</span> 
     </span>
     <span class='ocr_line' id='line_1_9' title="bbox 59 784 858 852; baseline 0.005 -19"><span class='ocrx_word' id='word_1_50' title='bbox 59 785 153 845; x_wconf 85' lang='lat' dir='ltr'>bonum,</span> <span class='ocrx_word' id='word_1_51' title='bbox 162 784 288 835; x_wconf 81' lang='lat' dir='ltr'>secundum</span> <span class='ocrx_word' id='word_1_52' title='bbox 298 785 463 848; x_wconf 75' lang='lat' dir='ltr'>augustinum</span> <span class='ocrx_word' id='word_1_53' title='bbox 457 799 481 834; x_wconf 90' lang='lat' dir='ltr'>m</span> <span class='ocrx_word' id='word_1_54' title='bbox 490 785 530 836; x_wconf 88' lang='lat' dir='ltr'>lib.</span> <span class='ocrx_word' id='word_1_55' title='bbox 539 787 677 836; x_wconf 79' lang='lat' dir='ltr'>Decolora</span> <span class='ocrx_word' id='word_1_56' title='bbox 688 789 743 838; x_wconf 84' lang='lat' dir='ltr'>toni</span> <span class='ocrx_word' id='word_1_57' title='bbox 755 788 813 852; x_wconf 80' lang='lat' dir='ltr'>(cap.</span> <span class='ocrx_word' id='word_1_58' title='bbox 823 789 858 852; x_wconf 80' lang='lat'>3)</span> 
     </span>
     <span class='ocr_line' id='line_1_10' title="bbox 59 855 861 921; baseline 0.006 -18"><span class='ocrx_word' id='word_1_59' title='bbox 59 855 188 906; x_wconf 70' lang='lat' dir='ltr'><strong>consistat</strong></span> <span class='ocrx_word' id='word_1_60' title='bbox 182 869 207 904; x_wconf 85' lang='grc' dir='ltr'>ιιι</span> <span class='ocrx_word' id='word_1_61' title='bbox 217 856 306 919; x_wconf 83' lang='lat' dir='ltr'>ordine,</span> <span class='ocrx_word' id='word_1_62' title='bbox 320 870 415 906; x_wconf 72' lang='lat' dir='ltr'>neceme</span> <span class='ocrx_word' id='word_1_63' title='bbox 426 860 461 906; x_wconf 89' lang='lat' dir='ltr'>est</span> <span class='ocrx_word' id='word_1_64' title='bbox 474 857 594 921; x_wconf 80' lang='lat' dir='ltr'>specialem</span> <span class='ocrx_word' id='word_1_65' title='bbox 604 857 713 908; x_wconf 86' lang='lat' dir='ltr'>rationem</span> <span class='ocrx_word' id='word_1_66' title='bbox 723 859 777 908; x_wconf 86' lang='lat' dir='ltr'>honi</span> <span class='ocrx_word' id='word_1_67' title='bbox 787 859 861 909; x_wconf 87' lang='lat' dir='ltr'>consi-</span> 
     </span>
     <span class='ocr_line' id='line_1_11' title="bbox 57 894 858 994; baseline 0.008 -20"><span class='ocrx_word' id='word_1_68' title='bbox 57 927 129 977; x_wconf 84' lang='lat' dir='ltr'>derari</span> <span class='ocrx_word' id='word_1_69' title='bbox 139 941 169 978; x_wconf 82' lang='lat' dir='ltr'>ex</span> <span class='ocrx_word' id='word_1_70' title='bbox 179 894 330 977; x_wconf 85' lang='lat' dir='ltr'>determinato</span> <span class='ocrx_word' id='word_1_71' title='bbox 339 928 426 978; x_wconf 83' lang='lat' dir='ltr'>ordine</span> <span class='ocrx_word' id='word_1_72' title='bbox 437 929 478 978; x_wconf 81' lang='lat' dir='ltr'>Est</span> <span class='ocrx_word' id='word_1_73' title='bbox 488 932 563 978; x_wconf 90' lang='lat' dir='ltr'>autem</span> <span class='ocrx_word' id='word_1_74' title='bbox 572 928 664 991; x_wconf 90' lang='lat' dir='ltr'>quidam</span> <span class='ocrx_word' id='word_1_75' title='bbox 677 929 781 994; x_wconf 87' lang='lat' dir='ltr'>specialis</span> <span class='ocrx_word' id='word_1_76' title='bbox 795 932 858 991; x_wconf 86' lang='lat' dir='ltr'>ordo,</span> 
     </span>
     <span class='ocr_line' id='line_1_12' title="bbox 55 998 859 1062; baseline 0.002 -14"><span class='ocrx_word' id='word_1_77' title='bbox 55 999 180 1050; x_wconf 81' lang='lat' dir='ltr'>secundum</span> <span class='ocrx_word' id='word_1_78' title='bbox 198 998 260 1062; x_wconf 84' lang='lat' dir='ltr'>qood</span> <span class='ocrx_word' id='word_1_79' title='bbox 278 999 390 1049; x_wconf 79' lang='lat' dir='ltr'>exteriora</span> <span class='ocrx_word' id='word_1_80' title='bbox 407 1004 486 1050; x_wconf 87' lang='lat' dir='ltr'>nostra</span> <span class='ocrx_word' id='word_1_81' title='bbox 505 1001 543 1050; x_wconf 86' lang='lat' dir='ltr'>vel</span> <span class='ocrx_word' id='word_1_82' title='bbox 559 1001 628 1055; x_wconf 75' lang='lat' dir='ltr'>rerba</span> <span class='ocrx_word' id='word_1_83' title='bbox 649 1001 686 1050; x_wconf 80' lang='lat' dir='ltr'>vel</span> <span class='ocrx_word' id='word_1_84' title='bbox 705 1002 764 1052; x_wconf 85' lang='lat' dir='ltr'>lacta</span> <span class='ocrx_word' id='word_1_85' title='bbox 784 1000 859 1050; x_wconf 75' lang='lat' dir='ltr'>debite</span> 
     </span>
     <span class='ocr_line' id='line_1_13' title="bbox 56 1069 860 1134; baseline 0.002 -16"><span class='ocrx_word' id='word_1_86' title='bbox 56 1070 189 1120; x_wconf 82' lang='lat' dir='ltr'>ordinantur</span> <span class='ocrx_word' id='word_1_87' title='bbox 202 1071 230 1120; x_wconf 88' lang='lat' dir='ltr'>ad</span> <span class='ocrx_word' id='word_1_88' title='bbox 245 1070 342 1133; x_wconf 86' lang='lat' dir='ltr'>aliquid,</span> <span class='ocrx_word' id='word_1_89' title='bbox 358 1070 418 1120; x_wconf 86' lang='lat' dir='ltr'>sicut</span> <span class='ocrx_word' id='word_1_90' title='bbox 434 1071 524 1134; x_wconf 78' lang='lat' dir='ltr'>signum</span> <span class='ocrx_word' id='word_1_91' title='bbox 541 1073 568 1122; x_wconf 90' lang='lat' dir='ltr'>ad</span> <span class='ocrx_word' id='word_1_92' title='bbox 587 1069 717 1134; x_wconf 67' lang='lat' dir='ltr'>signatum</span> <span class='ocrx_word' id='word_1_93' title='bbox 738 1076 761 1121; x_wconf 90' lang='lat' dir='ltr'>et</span> <span class='ocrx_word' id='word_1_94' title='bbox 775 1073 802 1122; x_wconf 88' lang='lat' dir='ltr'>ad</span> <span class='ocrx_word' id='word_1_95' title='bbox 816 1072 860 1121; x_wconf 86' lang='lat' dir='ltr'>hoc</span> 
     </span>
     <span class='ocr_line' id='line_1_14' title="bbox 55 1142 860 1206; baseline 0 -14"><span class='ocrx_word' id='word_1_96' title='bbox 55 1143 173 1206; x_wconf 84' lang='lat' dir='ltr'>perlinitur</span> <span class='ocrx_word' id='word_1_97' title='bbox 186 1143 256 1192; x_wconf 88' lang='lat' dir='ltr'>homo</span> <span class='ocrx_word' id='word_1_98' title='bbox 275 1155 316 1206; x_wconf 89' lang='lat' dir='ltr'>per</span> <span class='ocrx_word' id='word_1_99' title='bbox 332 1142 439 1192; x_wconf 80' lang='lat' dir='ltr'>uirtutem</span> <span class='ocrx_word' id='word_1_100' title='bbox 456 1143 567 1194; x_wconf 74' lang='lat' dir='ltr'>veritalis.</span> <span class='ocrx_word' id='word_1_101' title='bbox 585 1143 650 1193; x_wconf 85' lang='lat' dir='ltr'>Unde</span> <span class='ocrx_word' id='word_1_102' title='bbox 665 1143 808 1194; x_wconf 80' lang='lat' dir='ltr'>manifestum</span> <span class='ocrx_word' id='word_1_103' title='bbox 825 1146 860 1192; x_wconf 87' lang='lat' dir='ltr'>est</span> 
     </span>
     <span class='ocr_line' id='line_1_15' title="bbox 56 1213 481 1277; baseline -0.005 -13"><span class='ocrx_word' id='word_1_104' title='bbox 56 1213 116 1277; x_wconf 85' lang='lat' dir='ltr'>qudd</span> <span class='ocrx_word' id='word_1_105' title='bbox 129 1214 216 1263; x_wconf 81' lang='lat' dir='ltr'>ueritas</span> <span class='ocrx_word' id='word_1_106' title='bbox 229 1217 264 1263; x_wconf 90' lang='lat' dir='ltr'>est</span> <span class='ocrx_word' id='word_1_107' title='bbox 281 1214 387 1276; x_wconf 86' lang='lat' dir='ltr'>specialis</span> <span class='ocrx_word' id='word_1_108' title='bbox 400 1215 481 1264; x_wconf 77' lang='lat' dir='ltr'>uirtus.</span> 
     </span>
    </p>

    <p class='ocr_par' dir='ltr' id='par_1_4' title="bbox 56 1285 883 2280">
     <span class='ocr_line' id='line_1_16' title="bbox 87 1285 859 1350; baseline 0 -15"><span class='ocrx_word' id='word_1_109' title='bbox 87 1287 122 1336; x_wconf 79' lang='lat' dir='ltr'>ad</span> <span class='ocrx_word' id='word_1_110' title='bbox 133 1285 233 1349; x_wconf 86' lang='lat' dir='ltr'>primum</span> <span class='ocrx_word' id='word_1_111' title='bbox 246 1298 300 1347; x_wconf 77' lang='lat' dir='ltr'>ergo</span> <span class='ocrx_word' id='word_1_112' title='bbox 311 1285 444 1348; x_wconf 89' lang='lat' dir='ltr'>dicendum,</span> <span class='ocrx_word' id='word_1_113' title='bbox 456 1285 518 1348; x_wconf 81' lang='lat' dir='ltr'>qnod</span> <span class='ocrx_word' id='word_1_114' title='bbox 528 1301 615 1336; x_wconf 78' lang='lat' dir='ltr'>vercor</span> <span class='ocrx_word' id='word_1_115' title='bbox 623 1291 646 1338; x_wconf 87' lang='lat' dir='ltr'>et</span> <span class='ocrx_word' id='word_1_116' title='bbox 655 1286 745 1336; x_wconf 83' lang='lat' dir='ltr'>donum</span> <span class='ocrx_word' id='word_1_117' title='bbox 754 1285 859 1350; x_wconf 86' lang='lat' dir='ltr'>subjecto</span> 
     </span>
     <span class='ocr_line' id='line_1_17' title="bbox 59 1357 858 1420; baseline 0.003 -14"><span class='ocrx_word' id='word_1_118' title='bbox 59 1357 152 1420; x_wconf 88' lang='lat' dir='ltr'>quidem</span> <span class='ocrx_word' id='word_1_119' title='bbox 165 1359 344 1419; x_wconf 82' lang='lat' dir='ltr'>convertuntur,</span> <span class='ocrx_word' id='word_1_120' title='bbox 356 1357 408 1420; x_wconf 88' lang='lat' dir='ltr'>quia</span> <span class='ocrx_word' id='word_1_121' title='bbox 419 1371 486 1407; x_wconf 90' lang='lat' dir='ltr'>omne</span> <span class='ocrx_word' id='word_1_122' title='bbox 496 1372 582 1408; x_wconf 78' lang='lat' dir='ltr'>oercm</span> <span class='ocrx_word' id='word_1_123' title='bbox 595 1362 630 1409; x_wconf 89' lang='lat' dir='ltr'>est</span> <span class='ocrx_word' id='word_1_124' title='bbox 640 1358 741 1418; x_wconf 88' lang='lat' dir='ltr'>bonum,</span> <span class='ocrx_word' id='word_1_125' title='bbox 755 1362 778 1408; x_wconf 89' lang='lat' dir='ltr'>et</span> <span class='ocrx_word' id='word_1_126' title='bbox 791 1371 858 1408; x_wconf 90' lang='lat' dir='ltr'>omne</span> 
     </span>
     <span class='ocr_line' id='line_1_18' title="bbox 57 1427 861 1490; baseline 0.001 -12"><span class='ocrx_word' id='word_1_127' title='bbox 57 1428 148 1478; x_wconf 84' lang='lat' dir='ltr'>dooom</span> <span class='ocrx_word' id='word_1_128' title='bbox 165 1430 203 1478; x_wconf 88' lang='lat' dir='ltr'>est</span> <span class='ocrx_word' id='word_1_129' title='bbox 215 1439 309 1490; x_wconf 85' lang='lat' dir='ltr'>verum;</span> <span class='ocrx_word' id='word_1_130' title='bbox 325 1428 365 1477; x_wconf 92' lang='lat' dir='ltr'>sed</span> <span class='ocrx_word' id='word_1_131' title='bbox 377 1427 502 1478; x_wconf 84' lang='lat' dir='ltr'>secuudirm</span> <span class='ocrx_word' id='word_1_132' title='bbox 515 1429 625 1480; x_wconf 83' lang='lat' dir='ltr'>rationem</span> <span class='ocrx_word' id='word_1_133' title='bbox 639 1429 735 1480; x_wconf 81' lang='lat' dir='ltr'>inuicem</span> <span class='ocrx_word' id='word_1_134' title='bbox 752 1443 775 1479; x_wconf 90' lang='lat' dir='ltr'>se</span> <span class='ocrx_word' id='word_1_135' title='bbox 792 1443 861 1480; x_wconf 83' lang='lat' dir='ltr'>exce·</span> 
     </span>
     <span class='ocr_line' id='line_1_19' title="bbox 56 1500 853 1565; baseline 0.003 -15"><span class='ocrx_word' id='word_1_136' title='bbox 56 1502 126 1565; x_wconf 87' lang='lat' dir='ltr'>dunt,</span> <span class='ocrx_word' id='word_1_137' title='bbox 141 1501 203 1552; x_wconf 82' lang='lat' dir='ltr'>siem</span> <span class='ocrx_word' id='word_1_138' title='bbox 213 1500 343 1550; x_wconf 86' lang='lat' dir='ltr'>intellectus</span> <span class='ocrx_word' id='word_1_139' title='bbox 358 1504 381 1549; x_wconf 90' lang='lat' dir='ltr'>et</span> <span class='ocrx_word' id='word_1_140' title='bbox 390 1501 495 1551; x_wconf 82' lang='lat' dir='ltr'>voluutas</span> <span class='ocrx_word' id='word_1_141' title='bbox 505 1501 604 1552; x_wconf 83' lang='lat' dir='ltr'>invicem</span> <span class='ocrx_word' id='word_1_142' title='bbox 622 1515 646 1551; x_wconf 86' lang='lat' dir='ltr'>se</span> <span class='ocrx_word' id='word_1_143' title='bbox 660 1501 789 1552; x_wconf 81' lang='lat' dir='ltr'>excedunt:</span> <span class='ocrx_word' id='word_1_144' title='bbox 801 1513 853 1552; x_wconf 83' lang='lat' dir='ltr'>nam</span> 
     </span>
     <span class='ocr_line' id='line_1_20' title="bbox 57 1570 861 1637; baseline 0.001 -16"><span class='ocrx_word' id='word_1_145' title='bbox 57 1573 189 1624; x_wconf 88' lang='lat' dir='ltr'>intellectus</span> <span class='ocrx_word' id='word_1_146' title='bbox 202 1570 310 1633; x_wconf 76' lang='lat' dir='ltr'>intelligit</span> <span class='ocrx_word' id='word_1_147' title='bbox 326 1571 464 1622; x_wconf 82' lang='lat' dir='ltr'>voluntatem</span> <span class='ocrx_word' id='word_1_148' title='bbox 479 1576 503 1622; x_wconf 91' lang='lat' dir='ltr'>et</span> <span class='ocrx_word' id='word_1_149' title='bbox 516 1573 587 1624; x_wconf 88' lang='lat' dir='ltr'>multa</span> <span class='ocrx_word' id='word_1_150' title='bbox 598 1573 654 1636; x_wconf 71' lang='lat' dir='ltr'>alia,</span> <span class='ocrx_word' id='word_1_151' title='bbox 670 1577 694 1624; x_wconf 85' lang='lat' dir='ltr'>et</span> <span class='ocrx_word' id='word_1_152' title='bbox 708 1574 812 1624; x_wconf 87' lang='lat' dir='ltr'>voluntas</span> <span class='ocrx_word' id='word_1_153' title='bbox 822 1587 861 1637; x_wconf 91' lang='lat' dir='ltr'>ap·</span> 
     </span>
     <span class='ocr_line' id='line_1_21' title="bbox 56 1643 861 1707; baseline 0.001 -13"><span class='ocrx_word' id='word_1_154' title='bbox 56 1645 111 1707; x_wconf 87' lang='lat' dir='ltr'>petit</span> <span class='ocrx_word' id='word_1_155' title='bbox 120 1657 149 1694; x_wconf 89' lang='lat' dir='ltr'>ea</span> <span class='ocrx_word' id='word_1_156' title='bbox 161 1655 213 1706; x_wconf 83' lang='lat' dir='ltr'>quae</span> <span class='ocrx_word' id='word_1_157' title='bbox 221 1643 338 1706; x_wconf 88' lang='lat' dir='ltr'>pertinent</span> <span class='ocrx_word' id='word_1_158' title='bbox 345 1643 373 1692; x_wconf 93' lang='lat' dir='ltr'>ad</span> <span class='ocrx_word' id='word_1_159' title='bbox 384 1643 522 1694; x_wconf 87' lang='lat' dir='ltr'>intellectum</span> <span class='ocrx_word' id='word_1_160' title='bbox 533 1650 556 1694; x_wconf 87' lang='lat' dir='ltr'>et</span> <span class='ocrx_word' id='word_1_161' title='bbox 564 1645 634 1694; x_wconf 81' lang='lat' dir='ltr'>murita</span> <span class='ocrx_word' id='word_1_162' title='bbox 643 1645 697 1696; x_wconf 81' lang='lat' dir='ltr'>alia.</span> <span class='ocrx_word' id='word_1_163' title='bbox 704 1646 767 1695; x_wconf 88' lang='lat' dir='ltr'>Unde</span> <span class='ocrx_word' id='word_1_164' title='bbox 774 1659 861 1695; x_wconf 80' lang='lat' dir='ltr'>verum</span> 
     </span>
     <span class='ocr_line' id='line_1_22' title="bbox 59 1714 862 1779; baseline 0 -13"><span class='ocrx_word' id='word_1_165' title='bbox 59 1714 184 1766; x_wconf 77' lang='lat' dir='ltr'>semodium</span> <span class='ocrx_word' id='word_1_166' title='bbox 194 1716 306 1764; x_wconf 84' lang='lat' dir='ltr'>rationem</span> <span class='ocrx_word' id='word_1_167' title='bbox 316 1714 437 1778; x_wconf 84' lang='lat' dir='ltr'>propriam,</span> <span class='ocrx_word' id='word_1_168' title='bbox 446 1729 497 1778; x_wconf 82' lang='lat' dir='ltr'>quae</span> <span class='ocrx_word' id='word_1_169' title='bbox 507 1720 543 1768; x_wconf 86' lang='lat' dir='ltr'>est</span> <span class='ocrx_word' id='word_1_170' title='bbox 553 1716 662 1779; x_wconf 85' lang='lat' dir='ltr'>perfectio</span> <span class='ocrx_word' id='word_1_171' title='bbox 676 1717 813 1778; x_wconf 73' lang='lat' dir='ltr'>intellectis,</span> <span class='ocrx_word' id='word_1_172' title='bbox 825 1719 862 1767; x_wconf 87' lang='lat' dir='ltr'>est</span> 
     </span>
     <span class='ocr_line' id='line_1_23' title="bbox 58 1785 860 1852; baseline 0.002 -16"><span class='ocrx_word' id='word_1_173' title='bbox 58 1788 171 1849; x_wconf 81' lang='lat' dir='ltr'>quoddam</span> <span class='ocrx_word' id='word_1_174' title='bbox 184 1785 319 1851; x_wconf 78' lang='lat' dir='ltr'>particulare</span> <span class='ocrx_word' id='word_1_175' title='bbox 331 1786 429 1848; x_wconf 77' lang='grc' dir='ltr'>οοιιιιιιι,</span> <span class='ocrx_word' id='word_1_176' title='bbox 442 1786 467 1836; x_wconf 91' lang='lat' dir='ltr'>in</span> <span class='ocrx_word' id='word_1_177' title='bbox 482 1791 593 1850; x_wconf 88' lang='lat' dir='ltr'>quantum</span> <span class='ocrx_word' id='word_1_178' title='bbox 610 1787 732 1852; x_wconf 71' lang='lat' dir='ltr'>appetibile</span> <span class='ocrx_word' id='word_1_179' title='bbox 748 1789 860 1851; x_wconf 85' lang='lat' dir='ltr'>quoddam</span> 
     </span>
     <span class='ocr_line' id='line_1_24' title="bbox 60 1855 860 1922; baseline -0.003 -13"><span class='ocrx_word' id='word_1_180' title='bbox 60 1862 105 1922; x_wconf 79' lang='lat' dir='ltr'>tst3</span> <span class='ocrx_word' id='word_1_181' title='bbox 125 1862 149 1908; x_wconf 92' lang='lat' dir='ltr'>et</span> <span class='ocrx_word' id='word_1_182' title='bbox 163 1857 270 1906; x_wconf 90' lang='lat' dir='ltr'>similiter</span> <span class='ocrx_word' id='word_1_183' title='bbox 283 1855 373 1905; x_wconf 80' lang='lat' dir='ltr'>bonnm</span> <span class='ocrx_word' id='word_1_184' title='bbox 388 1856 511 1906; x_wconf 85' lang='lat' dir='ltr'>secundum</span> <span class='ocrx_word' id='word_1_185' title='bbox 527 1857 641 1922; x_wconf 86' lang='lat' dir='ltr'>propriam</span> <span class='ocrx_word' id='word_1_186' title='bbox 657 1859 780 1920; x_wconf 88' lang='lat' dir='ltr'>rationem,</span> <span class='ocrx_word' id='word_1_187' title='bbox 793 1861 860 1922; x_wconf 91' lang='lat' dir='ltr'>prout</span> 
     </span>
     <span class='ocr_line' id='line_1_25' title="bbox 62 1927 861 1994; baseline 0.003 -16"><span class='ocrx_word' id='word_1_188' title='bbox 62 1934 95 1980; x_wconf 88' lang='lat' dir='ltr'>est</span> <span class='ocrx_word' id='word_1_189' title='bbox 103 1929 159 1979; x_wconf 84' lang='lat' dir='ltr'>finis</span> <span class='ocrx_word' id='word_1_190' title='bbox 168 1927 334 1992; x_wconf 86' lang='lat' dir='ltr'>appetitds‚est</span> <span class='ocrx_word' id='word_1_191' title='bbox 342 1929 578 1991; x_wconf 79' lang='lat' dir='ltr'>quoddamverumin</span> <span class='ocrx_word' id='word_1_192' title='bbox 587 1933 695 1994; x_wconf 83' lang='lat' dir='ltr'>quantum</span> <span class='ocrx_word' id='word_1_193' title='bbox 705 1933 739 1980; x_wconf 84' lang='lat' dir='ltr'>est</span> <span class='ocrx_word' id='word_1_194' title='bbox 748 1929 861 1992; x_wconf 87' lang='lat' dir='ltr'>quoddam</span> 
     </span>
     <span class='ocr_line' id='line_1_26' title="bbox 59 1998 860 2064; baseline 0 -14"><span class='ocrx_word' id='word_1_195' title='bbox 59 1999 211 2064; x_wconf 81' lang='lat' dir='ltr'>intelligibile</span> <span class='ocrx_word' id='word_1_196' title='bbox 228 1998 285 2057; x_wconf 83' lang='lat' dir='ltr'>Quia</span> <span class='ocrx_word' id='word_1_197' title='bbox 298 2011 351 2062; x_wconf 80' lang='lat' dir='ltr'>ergo</span> <span class='ocrx_word' id='word_1_198' title='bbox 364 1999 437 2049; x_wconf 87' lang='lat' dir='ltr'>virtus</span> <span class='ocrx_word' id='word_1_199' title='bbox 452 2000 547 2050; x_wconf 91' lang='lat' dir='ltr'>includit</span> <span class='ocrx_word' id='word_1_200' title='bbox 559 2001 670 2050; x_wconf 89' lang='lat' dir='ltr'>rationem</span> <span class='ocrx_word' id='word_1_201' title='bbox 684 2000 803 2062; x_wconf 82' lang='lat' dir='ltr'>honitatis,</span> <span class='ocrx_word' id='word_1_202' title='bbox 819 2013 860 2064; x_wconf 90' lang='lat' dir='ltr'>po·</span> 
     </span>
     <span class='ocr_line' id='line_1_27' title="bbox 56 2070 883 2135; baseline -0.001 -14"><span class='ocrx_word' id='word_1_203' title='bbox 56 2076 99 2124; x_wconf 88' lang='lat' dir='ltr'>test</span> <span class='ocrx_word' id='word_1_204' title='bbox 115 2085 170 2123; x_wconf 85' lang='lat' dir='ltr'>esse</span> <span class='ocrx_word' id='word_1_205' title='bbox 183 2070 245 2135; x_wconf 80' lang='lat' dir='ltr'>quid</span> <span class='ocrx_word' id='word_1_206' title='bbox 263 2070 348 2120; x_wconf 80' lang='lat' dir='ltr'>ventas</span> <span class='ocrx_word' id='word_1_207' title='bbox 368 2072 400 2121; x_wconf 85' lang='lat' dir='ltr'>sit</span> <span class='ocrx_word' id='word_1_208' title='bbox 417 2072 522 2135; x_wconf 84' lang='lat' dir='ltr'>specialis</span> <span class='ocrx_word' id='word_1_209' title='bbox 540 2073 627 2135; x_wconf 84' lang='lat' dir='ltr'>virtus,</span> <span class='ocrx_word' id='word_1_210' title='bbox 644 2071 704 2122; x_wconf 85' lang='lat' dir='ltr'>sicut</span> <span class='ocrx_word' id='word_1_211' title='bbox 721 2085 808 2122; x_wconf 80' lang='lat' dir='ltr'>oerum</span> <span class='ocrx_word' id='word_1_212' title='bbox 825 2075 861 2122; x_wconf 88' lang='lat' dir='ltr'>est</span> <span class='ocrx_word' id='word_1_213' title='bbox 878 2117 883 2128; x_wconf 88' lang='grc'>,</span> 
     </span>
     <span class='ocr_line' id='line_1_28' title="bbox 57 2145 861 2226; baseline -0.004 -28"><span class='ocrx_word' id='word_1_214' title='bbox 57 2147 154 2212; x_wconf 87' lang='lat' dir='ltr'>speciale</span> <span class='ocrx_word' id='word_1_215' title='bbox 167 2147 268 2222; x_wconf 78' lang='lat' dir='ltr'>bonum3</span> <span class='ocrx_word' id='word_1_216' title='bbox 283 2157 332 2194; x_wconf 89' lang='lat' dir='ltr'>non</span> <span class='ocrx_word' id='word_1_217' title='bbox 349 2150 424 2194; x_wconf 91' lang='lat' dir='ltr'>autem</span> <span class='ocrx_word' id='word_1_218' title='bbox 438 2149 516 2208; x_wconf 88' lang='lat' dir='ltr'>potest</span> <span class='ocrx_word' id='word_1_219' title='bbox 531 2159 582 2196; x_wconf 83' lang='lat' dir='ltr'>esse</span> <span class='ocrx_word' id='word_1_220' title='bbox 592 2145 651 2226; x_wconf 85' lang='lat' dir='ltr'>qudd</span> <span class='ocrx_word' id='word_1_221' title='bbox 663 2145 753 2196; x_wconf 86' lang='lat' dir='ltr'>bonitas</span> <span class='ocrx_word' id='word_1_222' title='bbox 767 2145 797 2196; x_wconf 86' lang='lat' dir='ltr'>sit</span> <span class='ocrx_word' id='word_1_223' title='bbox 808 2157 861 2208; x_wconf 87' lang='lat' dir='ltr'>spe·</span> 
     </span>
     <span class='ocr_line' id='line_1_29' title="bbox 57 2207 857 2280; baseline 0 -14"><span class='ocrx_word' id='word_1_224' title='bbox 57 2221 120 2270; x_wconf 91' lang='lat' dir='ltr'>cialis</span> <span class='ocrx_word' id='word_1_225' title='bbox 134 2219 219 2280; x_wconf 81' lang='lat' dir='ltr'>virtus,</span> <span class='ocrx_word' id='word_1_226' title='bbox 228 2207 279 2267; x_wconf 80' lang='lat' dir='ltr'>c&#39;ium</span> <span class='ocrx_word' id='word_1_227' title='bbox 290 2217 363 2278; x_wconf 77' lang='lat' dir='ltr'>magis</span> <span class='ocrx_word' id='word_1_228' title='bbox 373 2216 495 2267; x_wconf 81' lang='lat' dir='ltr'>secundum</span> <span class='ocrx_word' id='word_1_229' title='bbox 506 2217 616 2267; x_wconf 84' lang='lat' dir='ltr'>rationem</span> <span class='ocrx_word' id='word_1_230' title='bbox 631 2217 661 2266; x_wconf 86' lang='lat' dir='ltr'>sit</span> <span class='ocrx_word' id='word_1_231' title='bbox 673 2229 746 2279; x_wconf 84' lang='lat' dir='ltr'>genus</span> <span class='ocrx_word' id='word_1_232' title='bbox 756 2216 857 2266; x_wconf 82' lang='lat' dir='ltr'>virtutus.</span> 
     </span>
    </p>

    <p class='ocr_par' dir='ltr' id='par_1_5' title="bbox 57 2286 862 2926">
     <span class='ocr_line' id='line_1_30' title="bbox 86 2286 859 2351; baseline -0.004 -11"><span class='ocrx_word' id='word_1_233' title='bbox 86 2291 121 2340; x_wconf 84' lang='lat' dir='ltr'>nd</span> <span class='ocrx_word' id='word_1_234' title='bbox 135 2289 264 2340; x_wconf 90' lang='lat' dir='ltr'>secundum</span> <span class='ocrx_word' id='word_1_235' title='bbox 275 2287 409 2351; x_wconf 87' lang='lat' dir='ltr'>dicendum,</span> <span class='ocrx_word' id='word_1_236' title='bbox 421 2287 482 2351; x_wconf 86' lang='lat' dir='ltr'>qudd</span> <span class='ocrx_word' id='word_1_237' title='bbox 493 2289 584 2338; x_wconf 78' lang='lat' dir='ltr'>halitus</span> <span class='ocrx_word' id='word_1_238' title='bbox 595 2289 706 2338; x_wconf 82' lang='lat' dir='ltr'>virtutum</span> <span class='ocrx_word' id='word_1_239' title='bbox 717 2291 741 2337; x_wconf 89' lang='lat' dir='ltr'>et</span> <span class='ocrx_word' id='word_1_240' title='bbox 752 2286 859 2337; x_wconf 81' lang='lat' dir='ltr'>uitiorum</span> 
     </span>
     <span class='ocr_line' id='line_1_31' title="bbox 58 2359 860 2424; baseline -0.002 -12"><span class='ocrx_word' id='word_1_241' title='bbox 58 2364 184 2412; x_wconf 88' lang='lat' dir='ltr'>sortiuntur</span> <span class='ocrx_word' id='word_1_242' title='bbox 196 2359 298 2424; x_wconf 86' lang='lat' dir='ltr'>speciem</span> <span class='ocrx_word' id='word_1_243' title='bbox 308 2371 336 2408; x_wconf 83' lang='lat' dir='ltr'>ex</span> <span class='ocrx_word' id='word_1_244' title='bbox 346 2373 374 2410; x_wconf 89' lang='lat' dir='ltr'>eo</span> <span class='ocrx_word' id='word_1_245' title='bbox 387 2361 448 2422; x_wconf 92' lang='lat' dir='ltr'>quod</span> <span class='ocrx_word' id='word_1_246' title='bbox 457 2365 493 2410; x_wconf 84' lang='lat' dir='ltr'>est</span> <span class='ocrx_word' id='word_1_247' title='bbox 504 2373 543 2424; x_wconf 90' lang='lat' dir='ltr'>per</span> <span class='ocrx_word' id='word_1_248' title='bbox 555 2374 580 2410; x_wconf 84' lang='lat' dir='ltr'>se</span> <span class='ocrx_word' id='word_1_249' title='bbox 592 2360 665 2410; x_wconf 87' lang='lat' dir='ltr'>intent</span> <span class='ocrx_word' id='word_1_250' title='bbox 666 2373 717 2422; x_wconf 88' lang='lat' dir='ltr'>um,</span> <span class='ocrx_word' id='word_1_251' title='bbox 728 2373 772 2410; x_wconf 88' lang='lat' dir='ltr'>non</span> <span class='ocrx_word' id='word_1_252' title='bbox 785 2363 860 2410; x_wconf 89' lang='lat' dir='ltr'>autem</span> 
     </span>
     <span class='ocr_line' id='line_1_32' title="bbox 57 2430 860 2496; baseline -0.006 -12"><span class='ocrx_word' id='word_1_253' title='bbox 57 2431 83 2484; x_wconf 81' lang='lat' dir='ltr'>al)</span> <span class='ocrx_word' id='word_1_254' title='bbox 91 2445 119 2484; x_wconf 90' lang='lat' dir='ltr'>eo</span> <span class='ocrx_word' id='word_1_255' title='bbox 132 2433 196 2496; x_wconf 93' lang='lat' dir='ltr'>quod</span> <span class='ocrx_word' id='word_1_256' title='bbox 208 2436 244 2481; x_wconf 87' lang='lat' dir='ltr'>est</span> <span class='ocrx_word' id='word_1_257' title='bbox 252 2445 295 2494; x_wconf 91' lang='lat' dir='ltr'>per</span> <span class='ocrx_word' id='word_1_258' title='bbox 304 2431 407 2482; x_wconf 85' lang='lat' dir='ltr'>accidens</span> <span class='ocrx_word' id='word_1_259' title='bbox 416 2435 440 2480; x_wconf 90' lang='lat' dir='ltr'>et</span> <span class='ocrx_word' id='word_1_260' title='bbox 450 2432 701 2494; x_wconf 75' lang='lat' dir='ltr'>praeterinteutionem.</span> <span class='ocrx_word' id='word_1_261' title='bbox 711 2430 774 2490; x_wconf 81' lang='lat' dir='ltr'>Quod</span> <span class='ocrx_word' id='word_1_262' title='bbox 784 2434 860 2480; x_wconf 88' lang='lat' dir='ltr'>autem</span> 
     </span>
     <span class='ocr_line' id='line_1_33' title="bbox 58 2501 861 2569; baseline -0.001 -17"><span class='ocrx_word' id='word_1_263' title='bbox 58 2505 138 2569; x_wconf 84' lang='lat' dir='ltr'>aliquis</span> <span class='ocrx_word' id='word_1_264' title='bbox 149 2503 283 2553; x_wconf 78' lang='lat' dir='ltr'>manifestet</span> <span class='ocrx_word' id='word_1_265' title='bbox 292 2501 420 2565; x_wconf 85' lang='lat' dir='ltr'>quodcirca</span> <span class='ocrx_word' id='word_1_266' title='bbox 429 2503 558 2566; x_wconf 90' lang='lat' dir='ltr'>ipsumest,</span> <span class='ocrx_word' id='word_1_267' title='bbox 570 2503 669 2566; x_wconf 86' lang='lat' dir='ltr'>pertinet</span> <span class='ocrx_word' id='word_1_268' title='bbox 678 2503 767 2566; x_wconf 85' lang='lat' dir='ltr'>quidam</span> <span class='ocrx_word' id='word_1_269' title='bbox 778 2503 806 2552; x_wconf 89' lang='lat' dir='ltr'>ad</span> <span class='ocrx_word' id='word_1_270' title='bbox 815 2503 861 2551; x_wconf 85' lang='lat' dir='ltr'>vir-</span> 
     </span>
     <span class='ocr_line' id='line_1_34' title="bbox 59 2574 860 2638; baseline -0.005 -10"><span class='ocrx_word' id='word_1_271' title='bbox 59 2579 127 2633; x_wconf 84' lang='lat' dir='ltr'>tulem</span> <span class='ocrx_word' id='word_1_272' title='bbox 139 2574 254 2638; x_wconf 72' lang='lat' dir='ltr'>ueritatis,</span> <span class='ocrx_word' id='word_1_273' title='bbox 266 2575 326 2624; x_wconf 91' lang='lat' dir='ltr'>sicut</span> <span class='ocrx_word' id='word_1_274' title='bbox 339 2587 380 2638; x_wconf 89' lang='lat' dir='ltr'>per</span> <span class='ocrx_word' id='word_1_275' title='bbox 389 2588 413 2624; x_wconf 89' lang='lat' dir='ltr'>se</span> <span class='ocrx_word' id='word_1_276' title='bbox 427 2575 554 2637; x_wconf 81' lang='lat' dir='ltr'>intentum3</span> <span class='ocrx_word' id='word_1_277' title='bbox 570 2575 598 2626; x_wconf 87' lang='lat' dir='ltr'>ad</span> <span class='ocrx_word' id='word_1_278' title='bbox 608 2576 663 2626; x_wconf 85' lang='lat' dir='ltr'>alias</span> <span class='ocrx_word' id='word_1_279' title='bbox 675 2579 749 2626; x_wconf 88' lang='lat' dir='ltr'>antem</span> <span class='ocrx_word' id='word_1_280' title='bbox 762 2575 860 2624; x_wconf 81' lang='lat' dir='ltr'>virtutes</span> 
     </span>
     <span class='ocr_line' id='line_1_35' title="bbox 59 2645 862 2711; baseline -0.005 -13"><span class='ocrx_word' id='word_1_281' title='bbox 59 2652 132 2711; x_wconf 86' lang='lat' dir='ltr'>potest</span> <span class='ocrx_word' id='word_1_282' title='bbox 144 2647 261 2710; x_wconf 88' lang='lat' dir='ltr'>pertinere</span> <span class='ocrx_word' id='word_1_283' title='bbox 275 2659 305 2709; x_wconf 69' lang='lat' dir='ltr'>en</span> <span class='ocrx_word' id='word_1_284' title='bbox 320 2646 484 2708; x_wconf 87' lang='lat' dir='ltr'>consequenti,</span> <span class='ocrx_word' id='word_1_285' title='bbox 495 2650 576 2710; x_wconf 78' lang='lat' dir='ltr'>preter</span> <span class='ocrx_word' id='word_1_286' title='bbox 592 2646 740 2711; x_wconf 86' lang='lat' dir='ltr'>principalem</span> <span class='ocrx_word' id='word_1_287' title='bbox 753 2645 862 2696; x_wconf 88' lang='lat' dir='ltr'>intentio-</span> 
     </span>
     <span class='ocr_line' id='line_1_36' title="bbox 61 2716 861 2783; baseline -0.001 -15"><span class='ocrx_word' id='word_1_288' title='bbox 61 2733 108 2770; x_wconf 90' lang='lat' dir='ltr'>nem</span> <span class='ocrx_word' id='word_1_289' title='bbox 119 2736 125 2769; x_wconf 84' lang='lat'>:</span> <span class='ocrx_word' id='word_1_290' title='bbox 138 2718 205 2769; x_wconf 84' lang='lat' dir='ltr'>tortis</span> <span class='ocrx_word' id='word_1_291' title='bbox 218 2716 280 2783; x_wconf 86' lang='lat' dir='ltr'>enim</span> <span class='ocrx_word' id='word_1_292' title='bbox 299 2717 397 2767; x_wconf 90' lang='lat' dir='ltr'>intendit</span> <span class='ocrx_word' id='word_1_293' title='bbox 415 2717 503 2770; x_wconf 86' lang='lat' dir='ltr'>fortiter</span> <span class='ocrx_word' id='word_1_294' title='bbox 514 2731 594 2782; x_wconf 80' lang='lat' dir='ltr'>aqere3</span> <span class='ocrx_word' id='word_1_295' title='bbox 608 2718 668 2782; x_wconf 82' lang='lat' dir='ltr'>quod</span> <span class='ocrx_word' id='word_1_296' title='bbox 681 2722 756 2768; x_wconf 77' lang='lat' dir='ltr'>autmn</span> <span class='ocrx_word' id='word_1_297' title='bbox 774 2718 861 2768; x_wconf 81' lang='lat' dir='ltr'>londter</span> 
     </span>
     <span class='ocr_line' id='line_1_37' title="bbox 62 2788 861 2854; baseline -0.001 -15"><span class='ocrx_word' id='word_1_298' title='bbox 62 2791 145 2854; x_wconf 78' lang='lat' dir='ltr'>agendo</span> <span class='ocrx_word' id='word_1_299' title='bbox 160 2789 242 2852; x_wconf 87' lang='lat' dir='ltr'>aliquis</span> <span class='ocrx_word' id='word_1_300' title='bbox 255 2788 387 2839; x_wconf 79' lang='lat' dir='ltr'>manifestet</span> <span class='ocrx_word' id='word_1_301' title='bbox 404 2790 559 2842; x_wconf 82' lang='lat' dir='ltr'>tortitudinem</span> <span class='ocrx_word' id='word_1_302' title='bbox 573 2789 734 2853; x_wconf 75' lang='lat' dir='ltr'>quemlebet,</span> <span class='ocrx_word' id='word_1_303' title='bbox 748 2791 792 2840; x_wconf 91' lang='lat' dir='ltr'>hoc</span> <span class='ocrx_word' id='word_1_304' title='bbox 802 2803 861 2840; x_wconf 85' lang='lat' dir='ltr'>con-</span> 
     </span>
     <span class='ocr_line' id='line_1_38' title="bbox 61 2861 647 2926; baseline -0.002 -15"><span class='ocrx_word' id='word_1_305' title='bbox 61 2862 157 2926; x_wconf 84' lang='lat' dir='ltr'>sequitur</span> <span class='ocrx_word' id='word_1_306' title='bbox 170 2864 254 2926; x_wconf 83' lang='lat' dir='ltr'>preter</span> <span class='ocrx_word' id='word_1_307' title='bbox 265 2861 317 2925; x_wconf 82' lang='lat' dir='ltr'>ejus</span> <span class='ocrx_word' id='word_1_308' title='bbox 330 2861 478 2926; x_wconf 86' lang='lat' dir='ltr'>principalem</span> <span class='ocrx_word' id='word_1_309' title='bbox 490 2862 647 2912; x_wconf 88' lang='lat' dir='ltr'>intentionem.</span> 
     </span>
    </p>

    <p class='ocr_par' dir='ltr' id='par_1_6' title="bbox 91 2933 860 3001">
     <span class='ocr_line' id='line_1_39' title="bbox 91 2933 860 3001; baseline -0.003 -16"><span class='ocrx_word' id='word_1_310' title='bbox 91 2937 124 2985; x_wconf 78' lang='lat' dir='ltr'>td</span> <span class='ocrx_word' id='word_1_311' title='bbox 142 2935 247 3001; x_wconf 79' lang='lat' dir='ltr'>tertium</span> <span class='ocrx_word' id='word_1_312' title='bbox 256 2933 392 2998; x_wconf 75' lang='lat' dir='ltr'>(incudum,</span> <span class='ocrx_word' id='word_1_313' title='bbox 405 2933 470 2998; x_wconf 79' lang='lat' dir='ltr'>quod</span> <span class='ocrx_word' id='word_1_314' title='bbox 483 2936 577 2986; x_wconf 81' lang='lat' dir='ltr'>veritos</span> <span class='ocrx_word' id='word_1_315' title='bbox 594 2936 654 2988; x_wconf 77' lang='lat' dir='ltr'>oitae</span> <span class='ocrx_word' id='word_1_316' title='bbox 672 2934 811 2986; x_wconf 76' lang='lat' dir='ltr'>mtveritm</span> <span class='ocrx_word' id='word_1_317' title='bbox 824 2945 860 2984; x_wconf 83' lang='lat' dir='ltr'>se·</span> 
     </span>
    </p>
   </div>
   <div class='ocr_carea' id='block_1_3' title="bbox 0 0 974 3284">
    <p class='ocr_par' dir='ltr' id='par_1_7' title="bbox 0 0 974 3284">
     <span class='ocr_line' id='line_1_40' title="bbox 0 0 974 3284; baseline 0 0"><span class='ocrx_word' id='word_1_318' title='bbox 0 0 974 3284; x_wconf 95' lang='lat' dir='ltr'> </span> 
     </span>
    </p>
   </div>
  </div>
 </body>
</html>
