1934 3284
125 165 171 214 itt
243 169 350 210 suamne
365 168 496 218 sumnus,
512 166 599 212 noser·
615 165 681 215 carr,
693 164 752 203 nur.
769 165 807 204 rr.

126 249 223 312 «magis
235 259 277 312 per
290 243 365 296 carnis
380 245 494 296 luxuriam
513 246 639 294 humanum
657 255 731 308 penna
750 241 861 292 subditur
880 243 928 292 iia-

123 322 191 380 bolo,
208 317 275 383 qnam
292 329 333 381 per
356 317 445 380 aliquod
465 315 541 376 atiud,
555 331 569 362 u
585 314 638 378 qnia
654 313 741 365 scilicet
760 312 880 366 difficilius
897 318 928 364 est

124 394 214 442 rriuccre
229 388 395 440 vehementiam
410 387 541 451 hujusmodi
552 385 674 450 passionis

155 466 188 516 riri
206 462 328 514 secundum
346 460 483 524 dicendum,v
499 459 561 522 qnod
581 459 619 510 ilie
639 457 679 521 qui
697 456 842 521 fornicatur,
857 458 931 508 dicitnr

125 548 219 602 peccare
229 534 253 582 iu
262 547 342 598 corpus
351 546 426 592 suum,
436 545 481 582 non
496 530 568 581 sotim
581 529 633 594 quia
643 527 802 578 fornicationis
811 529 929 581 delectatio

128 610 295 659 consummatur
304 606 328 654 in
340 617 407 654 carne
418 602 573 668 (quodetiam
584 601 609 652 iu
621 601 672 664 gula
686 599 796 664 accidit),
809 602 854 652 sed
868 604 930 651 etiarn

126 679 180 745 qnia
198 681 277 728 contra
291 678 375 726 bonurn
389 672 476 740 proprii
495 672 595 739 corporis
614 671 675 736 agit,
690 672 731 735 qui
752 671 932 732 fornicatnr;in

127 756 235 816 quantum
251 749 338 800 scilicet
351 748 405 798 iilud
425 742 526 797 indebite
538 744 645 804 resolvit,
657 748 680 794 et
695 743 825 807 inquinat,
842 751 866 796 et
878 745 934 795 atteri

127 821 268 874 commiscet.
278 822 324 871 Nec
339 823 415 868 tamen
425 822 517 882 propter
526 818 570 866 hoc
582 815 683 880 sequitur
694 815 757 877 quon
767 816 895 867 fornicatio
907 817 932 866 sit

129 894 288 960 gravissimum
305 895 442 956 peccaturo:
459 889 512 952 quia
530 888 588 938 ratio
605 887 738 938 innomine
757 890 876 951 prevalet
890 903 934 939 cor·

129 966 192 1032 pori,
208 965 267 1014 nude
283 963 303 1013 si
317 962 347 1012 sit
365 966 483 1026 peccaturo
498 961 570 1023 inagis
582 972 711 1024 repugnans
725 959 834 1023 rationi,
849 962 934 1026 gravius

130 1040 181 1091 erit.

163 1111 196 1160 td
219 1108 312 1159 tertium
333 1106 470 1168 dicendum,
492 1103 552 1168 quon
575 1107 693 1168 peccatum
720 1102 887 1154 fornicationis
908 1110 937 1152 est

85 1215 89 1234 .
131 1186 209 1234 rontra
225 1182 309 1230 bouum
326 1177 410 1244 speciei
421 1179 543 1238 humane,
557 1176 582 1225 iu
596 1178 704 1239 quantum
719 1172 821 1237 impedit
841 1189 937 1239 genera-

128 1255 214 1305 tionem
230 1251 366 1313 singularem
381 1249 449 1300 unius
462 1248 562 1298 hominis
577 1245 693 1296 nascituri.
709 1244 782 1309 Magis
792 1250 877 1296 autem
891 1262 938 1312 per·

131 1325 200 1390 tiugit
209 1324 236 1374 an
248 1323 357 1373 rationem
366 1320 449 1386 speciei
456 1321 496 1385 qui
505 1324 555 1370 actu
562 1319 611 1382 janu
620 1317 738 1382 participat
746 1318 864 1382 speciem,
874 1320 938 1382 quiin

132 1399 171 1464 qui
190 1401 225 1446 est
239 1391 343 1460 potentii¹
353 1395 429 1443 homo.
443 1395 472 1444 Et
491 1391 615 1442 soenntirm
630 1391 687 1448 hoc,
700 1389 770 1439 etiarn
785 1389 939 1441 homicidium

134 1474 169 1520 est
183 1467 274 1532 gravius
288 1465 355 1530 quim
369 1465 503 1525 fornicatio,
517 1467 541 1514 et
559 1475 639 1512 ornnes
653 1459 749 1512 luxuriae
764 1463 876 1525 species,
893 1469 938 1512 tan-

132 1553 199 1606 quam
214 1538 284 1600 magis
296 1539 355 1588 bono
368 1537 451 1601 speciei
461 1537 567 1586 lruruanae
578 1545 713 1599 repugnans.
723 1534 814 1583 Bonum
825 1535 903 1584 etiarn
912 1506 952 1591 dii

134 1612 215 1660 uiuum
227 1612 261 1659 est
273 1609 348 1673 majus
360 1609 420 1658 bono
430 1607 629 1672 specieihuoranae
641 1621 646 1654 :
662 1608 685 1653 et
693 1604 745 1654 ideo
760 1604 835 1654 etiam
852 1612 939 1670 peccat¹

133 1697 184 1748 quae
200 1685 253 1731 suut
269 1685 345 1730 contra
366 1680 452 1742 Deum,
468 1682 522 1730 sunt
543 1676 638 1740 majora.
652 1677 698 1726 Nec
717 1675 842 1726 fornicatio
857 1683 895 1727 est
914 1678 940 1725 tr·

137 1753 198 1806 recti
211 1757 326 1818 peccatum
341 1753 365 1801 in
379 1752 463 1810 Deum,
475 1749 538 1815 quasi
553 1749 676 1798 fornicator
687 1746 727 1797 Dei
738 1746 856 1798 offensam
872 1749 940 1798 inteu-

136 1827 188 1885 dat‚
204 1825 243 1876 sed
265 1838 294 1874 ex
310 1821 475 1886 consequenti;
495 1823 555 1871 sicut
573 1825 597 1871 et
613 1819 689 1870 oninia
707 1822 805 1882 peccata
828 1822 933 1869 mortalia

135 1897 197 1950 Sicut
215 1900 290 1946 anteru
309 1895 414 1947 membra
432 1894 533 1959 corporis
551 1892 638 1954 nostri,
653 1896 708 1941 sunt
725 1892 829 1942 membra
844 1891 940 1943 Christi.

135 1971 167 2021 ita
182 1968 250 2019 etiaur
266 1965 391 2030 etspiritns
407 1971 483 2018 noster
496 1969 532 2016 est
545 1977 616 2014 unum
634 1978 685 2014 cum
697 1963 802 2024 Christo3
814 1964 939 2013 secundin-

122 2041 191 2100 illud
202 2041 220 2090 1.
233 2039 268 2088 od
284 2039 352 2092 Cor„
367 2038 411 2087 Vl:
424 2055 437 2086 (ι
447 2037 491 2098 Qui
504 2037 602 2086 arlinret
614 2037 670 2098 Deo,
680 2049 739 2084 nnus
757 2027 858 2098 spiritus
874 2042 938 2085 est.»

136 2111 201 2162 Unde
216 2109 284 2160 etiam
304 2113 396 2173 peccata
413 2107 538 2174 spiritualia
556 2111 610 2158 snut
624 2106 695 2170 magis
710 2110 790 2157 contra
804 2105 938 2157 Christum.

136 2183 204 2250 quim
217 2182 345 2234 fornicatio.

430 2287 592 2340 tunicatus
608 2288 646 2337 rt.

142 2416 228 2462 Utriam
246 2416 274 2460 in
292 2415 392 2462 tontibus
410 2419 433 2460 et
448 2415 534 2460 osculis
556 2414 671 2459 consum
689 2415 814 2469 motum
833 2414 939 2458 mutulo

169 2542 203 2594 ad
219 2547 322 2606 quartum
336 2541 369 2592 sic
383 2541 521 2606 proceditur,
533 2539 627 2591 Videtur
642 2537 701 2603 qnod
714 2538 739 2589 in
754 2539 859 2590 tactibus
874 2544 898 2590 et
911 2554 940 2589 os-

139 2613 197 2667 culis
221 2627 267 2664 nou
285 2614 397 2664 consistat
413 2617 530 2677 peccatum
551 2611 654 2662 mortale.
678 2611 803 2674 apostolus
827 2611 893 2661 eninr
913 2607 941 2657 (ω’

141 2682 243 2745 Epioe,
261 2685 298 2746 ν,
310 2684 367 2734 dicit
381 2699 387 2732 ε
405 2701 418 2731 u
434 2683 562 2733 Fornicatio
573 2686 649 2732 autem
661 2685 685 2731 et
699 2682 777 2732 omnis
790 2682 940 2733 immunditia.

139 2837 242 2904 tempore
257 2835 338 2905 quide
355 2837 458 2882 incauto
472 2838 645 2896 familiaritate
661 2837 799 2882 mutierem
815 2841 941 2882 retroneu-

140 2903 197 2938 rnm
211 2897 354 2945 inscribitur.
