1934 3284
376 203 408 241 ns
422 200 495 241 voro.
788 196 834 246 ηις

55 277 194 342 secpoudeo
214 277 351 338 dicendum,
364 278 426 341 queo
441 277 502 329 sient
516 279 684 344 supradictum
697 284 733 333 est
745 281 803 348 (ort.
819 287 832 334 1

26 352 46 397 et
59 350 98 413 ἰ),
114 366 130 398 c
143 352 228 400 notum
248 353 286 401 est
304 349 426 413 promissio
438 351 486 401 lieo
503 352 563 401 laeto
580 351 609 401 de
630 351 706 416 atiqrm
725 356 786 417 qnod
805 355 837 406 sit

26 422 68 470 ileo
81 425 214 485 acceptum.
230 421 291 480 Quid
301 421 332 471 sit
341 425 419 473 nutem
432 421 457 471 in
469 423 543 485 aliona
552 422 703 486 promissione
715 430 835 490 accepturu

26 495 45 541 ei
57 494 93 543 cni
105 493 263 558 promittitur,
273 506 302 543 ex
314 494 366 557 ejus
381 494 467 558 pendet
480 494 587 558 arbitrio;
600 496 709 559 prelatus
722 502 799 549 numm
811 499 835 549 in

27 564 127 615 Ecclesia
146 564 210 628 gerit
230 564 307 615 ricem
319 565 360 615 liei
376 580 382 615 :
398 568 422 616 et
434 565 487 617 ideo
498 567 522 617 in
542 568 718 620 commutatione
733 569 769 621 rel
789 572 835 621 dis

25 636 161 698 pensatione
175 638 285 687 votorum
299 636 423 699 reqrririlur
435 637 524 700 praelmi
536 638 675 701 authoritas,
690 639 729 702 oni
742 640 766 691 in
781 656 834 705 per·

26 722 75 757 sona
89 708 133 760 tlei
146 707 289 759 determinat
300 707 355 772 qnid
368 708 400 758 sit
412 709 459 759 lieo
469 712 595 772 accepturo,
612 709 734 760 secundnm
745 711 801 763 illud
812 715 835 763 tt

26 780 57 827 od
76 782 149 837 Cor..
165 781 187 831 lt
204 796 210 829 :
225 796 241 827 c
255 779 315 829 Nam
335 782 359 829 el
379 791 423 843 ego
440 781 500 843 quod
514 780 611 841 donari,
625 784 650 831 et
666 781 720 844 quid
738 784 835 847 donari,

26 855 115 914 propter
124 865 182 913 ros,
191 850 219 901 in
231 864 329 915 pensem
343 850 439 901 Christi.
448 868 461 899 n
470 851 500 901 Et
511 851 627 915 signanter
637 852 694 903 dicit
704 868 711 903 ι
723 858 837 918 «propter

26 936 76 986 ros,
91 939 105 969 n
122 923 179 987 guia
199 922 276 973 omnis
289 921 431 987 dispensatio
444 922 514 987 petita
527 921 644 987 tpraeuto
662 924 727 976 delet
741 924 791 975 fleri
807 927 836 976 ad

27 994 136 1045 honorem
154 992 245 1044 christi
261 994 287 1043 in
300 992 369 1059 enjus
383 1007 481 1056 persona
494 994 625 1058 dispensat,
636 998 659 1045 et
671 995 701 1044 ad
714 995 836 1047 utilitatem

28 1065 130 1118 Eccmsire
151 1079 205 1129 qnae
221 1068 257 1115 est
269 1065 322 1129 ejus
334 1078 427 1130 eorpus.

58 1139 88 1187 tn
97 1137 203 1201 primurn
219 1136 421 1201 ergasterium,
434 1136 495 1199 qnod
504 1136 580 1188 omnia
593 1136 638 1187 alia
650 1140 704 1187 rota
716 1140 770 1187 snut
780 1152 837 1202 guo-

30 1210 127 1259 rnnrdarn
136 1207 434 1273 particulaoinmopernm3
442 1208 483 1257 sed
493 1222 534 1272 per
544 1207 678 1271 religionem
688 1209 758 1259 homo
766 1211 836 1261 lotum

30 1280 94 1330 rium
105 1294 174 1330 mam
184 1278 229 1330 Dei
241 1277 352 1342 obsequio
362 1278 465 1342 deputat.
477 1278 615 1329 Particulare
623 1282 698 1330 autem
709 1279 734 1329 iu
744 1280 836 1332 univor-

31 1352 67 1400 sati
81 1352 211 1403 includitur
227 1366 233 1400 z
245 1354 271 1401 et
281 1350 333 1404 ideo
348 1349 468 1401 decretalis
482 1350 609 1414 dicitquod
624 1367 639 1398 u
651 1365 703 1402 reus
712 1351 761 1402 noli
771 1352 838 1403 tracti

32 1437 72 1472 non
85 1424 185 1475 labetur
200 1422 243 1485 qui
253 1421 379 1486 temporale
394 1421 529 1485 obsequium
542 1420 567 1471 in
577 1425 709 1486 perpetuam
719 1422 836 1486 religionis

35 1494 195 1551 observantiam
211 1496 348 1543 commutat.
368 1508 382 1539 n
401 1493 447 1543 Nec
465 1495 543 1543 minen
559 1492 692 1556 religionem
707 1493 837 1557 ingrediens

40 1569 116 1617 tenetur
127 1566 231 1631 implere
246 1564 351 1616 rotaret
364 1563 514 1629 jejuniorum,
525 1566 561 1614 ret
575 1564 719 1627 orationum,
733 1565 771 1615 nel
780 1566 837 1618 alio·

36 1651 80 1686 runo
92 1636 242 1703 hujusmodi,
259 1650 311 1699 qne
322 1634 424 1688 existens
435 1634 459 1685 in
471 1636 554 1687 seculo
565 1635 629 1699 lecit,
639 1636 693 1699 quia
703 1637 836 1700 religionem

36 1709 161 1772 ingrediens
170 1706 270 1757 moritur
282 1706 351 1771 priori
360 1705 427 1769 ritae3
437 1710 460 1757 et
473 1706 542 1757 etiarn
551 1706 677 1770 singulares
687 1708 837 1759 observantie
855 1756 867 1773 ,

36 1781 132 1844 religioni
158 1793 207 1830 non
225 1782 375 1843 competunt,
392 1781 417 1828 et
437 1776 554 1841 religionis
572 1791 629 1829 onus
646 1778 702 1829 satis
722 1778 836 1829 nominem

35 1856 116 1915 onerat,
134 1852 220 1901 utalia
237 1850 390 1914 superaddere
405 1860 450 1899 non
461 1852 574 1913 oporteat.
589 1878 593 1885 -

59 1922 238 1973 sesecundum
252 1920 389 1984 dicendum,
405 1920 463 1984 quod
478 1920 568 1985 qnidam
587 1920 695 1971 dixerunt
712 1920 773 1985 qnod
786 1921 837 1974 ideo

36 1994 115 2057 prelati
128 1995 231 2059 possunt
242 1992 266 2041 in
276 1992 337 2043 rotis
351 2002 392 2057 pro
405 1992 469 2043 linito
479 1992 620 2057 dispensare,
637 1992 691 2057 qnia
699 1994 723 2042 in
734 1993 837 2056 quolibet

35 2070 79 2115 roto
89 2063 220 2117 includitur
234 2062 417 2113 conditionaliter
428 2062 628 2127 noluntasprelati
638 2064 768 2125 superioris,
777 2064 837 2117 sicut

36 2150 95 2199 snpra
115 2135 208 2187 dictum
227 2137 263 2184 est
274 2134 333 2197 (art.
350 2133 402 2193 8),
420 2132 480 2197 guod
499 2134 524 2183 in
542 2134 600 2185 rotis
614 2135 755 2185 subditorum
770 2136 837 2197 ipntd

36 2208 88 2257 serui
107 2207 146 2257 ret
164 2204 227 2267 iulii)
241 2204 375 2267 intelligitur
387 2204 489 2255 conditio
508 2221 515 2254 :
533 2222 547 2253 u
558 2204 584 2255 Si
599 2206 709 2269 placuerit
726 2204 785 2268 patri
800 2207 839 2257 rel

36 2280 136 2340 domino,
151 2278 190 2327 vel
207 2276 229 2326 si
245 2290 292 2327 non
304 2276 446 2339 renitanturg
461 2280 484 2327 et
503 2276 536 2327 sic
554 2277 658 2327 subditus
675 2278 760 2339 aisque
776 2279 838 2330 omni

37 2365 131 2402 nmorsu
141 2349 292 2401 conscientia
301 2352 381 2412 posset
393 2352 471 2399 votum
480 2349 668 2413 pretermittere,
681 2348 838 2411 qnandocnrn·

37 2437 73 2485 que
87 2423 132 2475 siti
149 2421 164 2472 d
179 2420 274 2485 pretato
294 2419 416 2472 diceretur.
434 2420 476 2471 Sed
488 2421 596 2485 predicta
609 2419 692 2483 positio
705 2419 763 2471 laiso
775 2421 837 2472 inni-

36 2494 172 2555 titur.Quia‚
183 2490 349 2555 enimpotestas
362 2490 450 2555 praelati
463 2490 599 2555 spiritualis,
612 2491 707 2555 quinon
718 2493 838 2544 estdomi·

38 2580 75 2615 rus
85 2567 125 2617 sed
144 2564 307 2629 dispensator,
321 2565 350 2613 in
365 2562 567 2627 certificationem
581 2562 612 2612 sit
629 2564 695 2627 data,
710 2567 734 2614 cl
751 2577 798 2615 non
812 2569 838 2614 tn

38 2638 246 2694 destructionem,
257 2639 283 2685 nt
295 2637 358 2699 patet
377 2634 397 2685 ll
415 2634 450 2683 od
467 2635 535 2691 Cor„
552 2635 586 2694 x,
599 2634 658 2684 sicud
669 2635 777 2698 prelatus
792 2648 838 2686 non

39 2712 107 2770 potest
119 2708 235 2771 imperare
251 2720 279 2757 ea
292 2720 343 2769 qne
357 2704 482 2757 secundini
495 2719 521 2757 se
536 2706 581 2757 lieo
593 2704 715 2769 displicent
730 2706 839 2767 (sedicet

39 2782 150 2843 precenta),
166 2778 199 2829 ita
218 2790 263 2829 non
281 2781 356 2841 polest
368 2776 489 2841 prohibere
502 2790 528 2827 ea
545 2790 595 2839 qnae
614 2776 738 2827 secundinus
752 2790 777 2827 se
793 2778 839 2825 ileo

40 2855 137 2916 placent,
152 2850 242 2901 seilicet
255 2850 348 2901 virtutis
362 2862 449 2913 opera:
467 2853 491 2899 el
503 2849 555 2899 ideo
568 2847 670 2899 absolute
680 2851 757 2912 potest
769 2849 839 2897 nomo

40 2937 63 2979 ea
81 2936 178 2987 sorece,
194 2924 223 2975 ad
241 2922 362 2997 prelatum
382 2924 461 2979 omen
483 2918 584 2991 pertinet
597 2919 721 2989 modicam
738 2917 793 2985 quid
811 2915 841 2966 sit
