1934 3284
361 176 392 220 nn
408 179 519 222 amoma.
790 172 835 225 sti

5 279 6 288 ι
52 262 77 308 ε.
101 258 242 322 Praeterea,
257 257 355 309 exterior
373 271 441 323 prena
456 259 481 310 in
497 261 541 310 troc
559 259 644 312 mundo
662 264 709 312 non
728 261 839 327 infligitur

26 343 62 392 pro
76 329 191 380 interimi
206 333 272 380 motu
285 329 373 392 cordis,
388 331 416 382 de
426 345 471 395 quo
484 330 556 382 solius
569 331 609 382 [tei
622 336 658 383 est
666 334 779 397 judicare.
792 336 838 386 sed

27 400 126 452 simonia
148 400 303 451 committitur
319 413 349 451 ex
365 399 412 452 sola
427 401 554 452 intentione
572 403 611 452 uel
629 404 762 469 voiuntate3
776 406 838 457 unde

28 477 46 521 ει
57 485 103 536 per
115 471 264 522 voluntatem
278 471 398 533 diffinitur,
408 475 434 523 ut
452 471 537 523 dictum
550 476 585 524 est
595 478 655 538 (art.
666 479 678 525 1
689 475 707 540 ).
720 478 780 540 Ergo
792 490 838 528 nun

28 545 93 596 debet
103 557 204 608 semper
217 543 302 608 mimis
312 543 399 608 privari
412 545 510 608 eoquod
522 544 646 597 simoniace
658 547 790 612 acqumiuit.

55 622 80 666 ι.
96 617 234 678 Praeterea,
249 614 411 678 multimodus
428 619 463 666 est
476 615 604 679 promoueri
618 617 647 666 ad
661 619 747 683 majora
762 620 837 682 bona,

30 686 94 748 ruam
118 687 146 736 in
164 685 281 749 susceptis
299 699 441 750 permanere.
455 687 500 738 Sed
519 687 655 752 quandoque
672 689 790 742 simoniaci
809 705 838 742 ex

30 758 206 823 dispensatione
216 761 380 822 promoventur
391 759 418 810 ad
428 759 522 823 majora.
532 759 591 822 Ergo
603 771 648 811 non
657 774 746 826 semper
755 763 837 814 dehent

30 829 144 894 susceptis
154 828 255 893 privari.

56 902 103 952 sed
113 905 198 952 contra
207 905 256 964 est,
273 901 334 964 quud
347 899 428 951 dicitnr
441 903 460 965 d,
474 917 513 966 qu.
529 905 552 964 1,
566 913 618 966 cap.
633 903 663 951 si
674 904 732 968 quis
745 904 836 966 episco-

28 987 75 1034 pos
90 974 137 1036 (ex
147 970 248 1024 concilio
259 971 449 1034 chalcedonensi,
466 985 517 1037 cap.
530 975 578 1035 tt:
596 989 611 1020 ε
621 973 664 1032 Qui
677 974 794 1024 ordinatus
803 979 838 1026 est

31 1042 208 1107 (simoniace),
220 1042 278 1094 nihii
292 1043 471 1094 exordinatione
483 1043 670 1108 veipmmotione
684 1058 734 1107 quc
748 1037 783 1095 εει
796 1059 837 1109 per

31 1115 214 1178 negotiationem
233 1115 308 1176 iacta,
322 1114 439 1178 proiciam
451 1115 493 1166 sed
510 1116 541 1166 sit
557 1115 637 1166 alienis
651 1114 664 1165 t
678 1115 786 1180 dignitate
799 1117 835 1166 uel

33 1185 185 1238 scilicitndine
197 1194 267 1250 quam
281 1186 385 1250 pecuniis
404 1187 533 1250 acquisivit.
544 1203 559 1234 ε

63 1259 223 1320 (Cosmnsro.
236 1281 268 1294 -
282 1256 404 1308 Simoniani
417 1270 486 1320 poena
502 1258 614 1322 condigna
628 1262 663 1309 est
674 1261 700 1308 ει
716 1256 753 1310 his
770 1259 837 1310 bonis

34 1328 131 1390 privetur
144 1342 200 1393 qne
212 1341 255 1394 per
270 1328 390 1380 simoniam
404 1328 552 1394 acquisivit.)

61 1401 204 1464 despondeo
218 1399 355 1462 dicendum,
371 1399 431 1462 qndd
444 1400 520 1450 nnlim
532 1403 607 1464 potest
619 1399 680 1450 licite
694 1401 792 1452 retinere
811 1401 835 1452 id

35 1472 89 1531 qnod
114 1473 200 1522 contra
218 1471 360 1520 voluntatem
383 1470 470 1521 Domini
491 1471 611 1534 aequisivit
627 1488 633 1521 :
648 1471 703 1535 pnti
721 1472 741 1521 si
756 1471 838 1536 aliquis

36 1542 177 1606 dispensator
191 1541 220 1592 de
233 1541 301 1591 rebus
311 1540 397 1591 domini
406 1542 442 1592 sni
453 1542 516 1592 daret
527 1542 593 1591 alicui
603 1545 683 1592 contra
692 1543 834 1593 uoluntatem

37 1616 56 1660 et
68 1611 238 1663 ordinationem
252 1610 338 1662 domini
357 1611 409 1673 sui,
424 1611 463 1662 ille
477 1611 517 1674 qui
531 1611 642 1675 acciperet
658 1611 720 1663 licite
737 1611 837 1662 retinere

38 1697 77 1733 non
90 1687 179 1748 pomet.
198 1681 307 1734 Dominus
322 1685 415 1746 εειεεε,
434 1684 499 1746 enjus
516 1683 661 1732 ecclesiarum
677 1681 766 1746 prelati
784 1686 837 1732 stunt

39 1755 204 1819 dispensatores
221 1756 244 1808 ct
262 1753 375 1813 ministri,
397 1750 510 1804 ordinauit
525 1755 552 1802 ut
568 1753 694 1818 spiritualia
709 1754 780 1817 gratis
799 1755 839 1802 da-

39 1831 120 1891 rentur,
135 1823 263 1876 secundium
273 1824 328 1874 iilud
344 1823 491 1881 Mottt.,x:
508 1825 604 1874 «Gratis
622 1825 751 1888 accepistis,
767 1825 837 1888 gratis

40 1898 100 1962 date3
111 1914 127 1945 ε
145 1900 170 1948 ει
182 1895 235 1947 ideo
246 1896 285 1960 qui
298 1895 399 1946 muneris
408 1895 538 1946 interuentu
551 1894 677 1959 spiritualia
689 1909 835 1959 demumque

5 1983 6 1990 ¹
40 1967 174 2034 aemunitas,
186 1979 213 2018 ea
227 1965 290 2018 licite
304 1965 403 2017 retinere
417 1979 463 2017 non
476 1969 560 2030 potest.
575 1967 669 2030 Insuper
679 1969 755 2016 autem
766 1966 837 2017 simo·

40 2040 95 2092 unci
110 2045 158 2089 tam
168 2039 295 2089 vendentes
309 2036 376 2101 qutn
391 2041 494 2089 ementes
508 2038 648 2102 spiritualia,
662 2037 780 2087 autetiam
789 2050 837 2088 me-

41 2111 148 2173 diatores,
162 2109 213 2160 aliis
221 2109 298 2174 poenis
309 2110 448 2174 puniuntur,
464 2108 549 2160 scilicet
560 2108 655 2159 iniamid
664 2113 687 2158 et
697 2108 839 2172 depositione

41 2183 117 2233 sisint
125 2179 215 2244 clerici,
231 2186 254 2232 et
263 2181 495 2232 excommunicatione
506 2181 527 2232 si
540 2179 646 2232 sintlaici
655 2217 661 2242 ‚
671 2182 697 2228 nt
706 2180 803 2230 habetur
816 2181 835 2244 d,

42 2268 76 2318 qu.
88 2259 116 2319 ι,
130 2267 182 2318 cap.
196 2255 226 2305 δι’
240 2255 445 2318 quisepiscopue.

69 2327 101 2377 dd
115 2326 216 2390 primam
226 2337 280 2389 ergo
298 2325 431 2388 dicendum,
447 2323 509 2388 qndd
522 2324 560 2374 itte
571 2323 610 2388 qui
620 2321 743 2373 simoniace
758 2321 840 2386 recipit

43 2409 125 2448 sacrorn
141 2398 254 2460 ordinem,
270 2396 352 2461 recipit
368 2395 459 2460 quidem
472 2397 626 2446 characterem
644 2394 731 2444 ordinis
747 2399 840 2460 propter

43 2469 165 2520 efficaciam
179 2468 328 2529 sacramenti,
344 2470 479 2518 nontamen
492 2465 678 2531 recipitgratiam
691 2478 765 2528 neque
779 2467 839 2516 ordi-

43 2540 76 2590 nis
91 2538 259 2601 execntionem
276 2547 304 2590 eo
319 2538 378 2601 quod
397 2539 462 2602 quasi
479 2538 563 2590 inrtire
574 2537 673 2601 suscepit
687 2537 839 2586 characterem

45 2615 118 2662 contm
133 2609 265 2674 principalis
283 2609 368 2660 domini
386 2609 536 2660 volumtatem.
559 2610 587 2658 itt
604 2609 654 2659 ideo
671 2610 707 2658 est
721 2607 771 2672 ipsc
788 2609 841 2671 jnre

44 2695 178 2749 snspensas,
193 2687 217 2732 et
230 2682 305 2744 mroad
316 2684 354 2746 ses,
368 2687 393 2732 ει
406 2681 494 2732 scilicet
508 2683 536 2732 de
549 2680 683 2731 executione
699 2680 735 2729 sni
753 2679 841 2730 ordinis

5 2791 6 2796 ι
45 2768 67 2805 se
77 2767 122 2805 non
134 2753 284 2816 indomitam
296 2757 319 2804 et
329 2755 402 2818 quoad
414 2751 478 2812 alios,
489 2751 609 2803 ntsciiicet
622 2752 698 2802 nudius
706 2750 727 2801 ei
739 2763 842 2800 commn-

46 2826 103 2876 nicet
112 2826 137 2875 in
155 2823 242 2874 ordinis
255 2825 405 2889 executione,
418 2823 466 2875 siue
481 2823 512 2875 sit
526 2827 641 2888 peccatum
662 2822 712 2885 ejus
725 2821 840 2885 publicum

47 2898 91 2952 sire
110 2897 237 2961 omuittm3
250 2909 292 2948 nec
310 2899 384 2961 potest
401 2899 506 2960 repetere
519 2893 638 2960 pecnnim
656 2905 724 2956 quam
743 2889 839 2956 turpiter
