1934 3284
146 185 194 234 m
255 193 802 246 memoro1‚oonsr.eunrr‚nnr.
820 195 841 230 r.

446 379 606 431 nhuootos
620 380 640 432 Ι.

297 505 381 552 Utrum
392 505 516 563 prophetia
524 507 597 562 possit
607 517 655 548 eoae
667 505 805 550 naturalia.

179 635 212 686 hd
225 634 323 699 primunr
334 633 366 684 sio
376 631 504 697 proceditur
517 633 560 697 (1).
568 631 661 684 videtur
672 629 731 696 quot
742 631 872 696 prophetia
885 629 945 695 possit

146 719 197 758 esse
210 707 328 757 naturalis.
342 705 401 754 Dicit
416 704 476 754 euim
491 703 610 766 Gregorius
619 703 641 751 in
652 703 688 751 tv.
706 703 812 766 Dr'otop.
827 701 941 767 (capto),

149 778 211 844 quon
234 777 312 842 «ipsa
329 775 449 839 aliquanto
469 775 595 823 animarum
610 773 644 824 ris
664 772 705 822 sut
718 774 854 824 subtilitate
876 771 945 836 aliquit

148 850 266 914 providet.
277 865 291 896 o
302 847 330 897 nt
344 847 482 912 Augustinus
496 845 552 895 dicit
564 845 588 894 in
601 845 649 894 th.
660 846 745 906 Super
762 847 856 914 Genea.
866 847 899 895 ud
913 844 946 891 tit.

152 922 221 986 (cap.
233 923 262 969 tt
271 923 280 982 )
286 957 295 983 ,
309 917 369 983 quod
381 918 485 968 «animae
496 917 599 966 humana
611 917 735 967 secundini
747 917 809 980 quod
828 918 843 967 h
857 917 947 967 sensibus

151 991 251 1058 eorporis
264 990 411 1053 abstrahitur,
426 989 535 1053 competit
547 988 622 1038 futura
634 989 771 1052 praevidere.
786 1005 800 1036 o
819 991 871 1039 floo
887 993 948 1038 auten

151 1065 251 1128 pertinet
264 1065 291 1113 ad
305 1061 455 1127 prophetiam.
471 1061 530 1123 Ergo
540 1059 615 1110 anima
627 1059 765 1110 naturaliter
779 1065 864 1124 potest
878 1072 950 1120 assoon

150 1134 303 1199 prophetiam.
437 1179 445 1192 ,

184 1212 209 1258 t.
226 1209 355 1268 Praeterea,
371 1206 471 1270 cognitio
484 1205 566 1254 anima
582 1205 686 1254 humane
699 1202 774 1266 magis
786 1203 859 1268 viget
873 1203 897 1254 iu
908 1201 950 1264 sipl-

153 1279 223 1331 lando
235 1280 304 1344 quim
319 1282 345 1329 in
361 1278 501 1329 dormiendo.
517 1277 562 1327 Sed
575 1276 599 1325 iu
611 1275 741 1325 dormiendo
760 1275 864 1340 quidam
880 1280 950 1326 natura·

152 1351 205 1402 titer
221 1351 347 1415 president
360 1352 462 1414 quadani
473 1349 565 1408 futura,
580 1352 605 1396 ut
621 1350 683 1412 patet
696 1360 737 1412 per
751 1347 922 1414 Philosophum
934 1349 947 1392 ir

153 1423 195 1474 tio.
210 1425 247 1474 De
260 1437 347 1473 eomrw
364 1426 389 1471 et
404 1421 498 1488 oipitr'o
514 1421 568 1486 (vel
583 1421 619 1469 De
632 1419 739 1468 dtoe'nut.
756 1434 807 1483 per
825 1424 946 1471 somnior.

155 1509 207 1561 eap.
224 1497 266 1557 2).
288 1495 348 1558 Ergo
367 1491 528 1556 multomagis
550 1495 625 1556 potest
643 1492 711 1542 homo
734 1493 880 1543 naturaliter
897 1493 950 1542 iutur.

155 1579 348 1631 preoognoseere.

189 1641 212 1688 t.
228 1641 355 1702 Praeterea‚
370 1638 439 1688 homo
452 1635 577 1688 seeundhm
593 1647 656 1686 suero
671 1638 776 1684 naturam
790 1639 834 1686 est
851 1633 949 1702 perfectu

156 1709 292 1761 animalibus
307 1711 387 1761 brutis.
401 1709 445 1759 seo
460 1708 565 1772 quaedam
579 1705 683 1756 animalia
695 1707 761 1756 bruta
776 1707 875 1758 hahent
888 1717 949 1773 preo-

158 1783 282 1846 gnitionem
295 1781 422 1832 futurorum
437 1781 502 1830 adse
519 1777 681 1844 pertinentium
695 1793 702 1827 ε
717 1777 777 1826 siout
788 1777 900 1830 furmina
912 1789 949 1842 prr

158 1858 299 1918 cognoscunt
311 1853 400 1920 plutius
415 1853 518 1912 futuras,
530 1851 588 1914 quod
601 1853 664 1913 patet
674 1864 703 1900 ex
718 1850 763 1900 hoc
776 1851 845 1912 quod
863 1849 949 1912 antepi-

158 1926 220 1976 uiane
233 1927 346 1990 incipiunt
359 1937 428 1989 grana
441 1924 466 1973 in
476 1923 581 1973 toramen
594 1935 714 1985 reponere.
729 1921 758 1970 Et
773 1919 888 1973 similiter
903 1922 949 1972 etha

62 2033 68 2044 .
158 1999 235 2061 pisoes
253 1999 442 2062 praecognoscunt
453 1999 601 2059 tempestates
613 1995 717 2054 tuturus,
731 1997 757 2042 ut
774 1997 949 2058 perpenditur:

159 2083 237 2120 eorum
261 2078 324 2120 motu
347 2070 401 2119 dum
419 2069 470 2118 losa
490 2071 647 2130 tempestuosa
670 2065 793 2116 declinant.
819 2068 884 2130 Ergo
902 2063 949 2114 nult:

158 2142 232 2206 magis
248 2143 355 2192 homines
376 2139 509 2190 naturaliter
523 2149 707 2202 praecognoscere
728 2141 831 2201 possunt
851 2135 949 2187 tutone:

158 2225 183 2264 oe
197 2213 349 2276 pertinentia,
364 2211 486 2276 dequibus
497 2214 532 2260 est
546 2209 680 2274 prophetia;
697 2212 732 2259 est
746 2221 803 2271 ergo
819 2209 949 2275 prophetiae

158 2289 358 2420 mfflmhraeterea,
374 2356 504 2417 Prooerb.,
520 2355 607 2416 XXIX,
624 2354 706 2404 dieitur
721 2368 727 2402 :
745 2351 834 2404 «Cium
846 2357 938 2420 prophe.

156 2428 278 2490 deiecerit,
292 2428 565 2510 dissipabiturpopulus3
575 2443 589 2472 o
601 2427 624 2474 et
640 2425 673 2507 sio
686 2427 751 2488 patet
768 2425 833 2488 quod
847 2428 949 2517 propherp

155 2505 192 2553 est
208 2513 338 2551 necessaria
351 2500 507 2550 adhominum
519 2500 725 2548 conseruationem.
740 2497 785 2547 Sed
801 2515 816 2546 a
825 2502 910 2548 natura
921 2508 940 2543 ur

155 2573 232 2623 dehoit
244 2574 269 2623 in
281 2571 449 2623 necessariis.»
463 2571 523 2634 Ergo
537 2570 630 2620 videtur
638 2565 697 2632 quod
710 2568 839 2632 prophetia
856 2571 889 2620 sit
901 2569 913 2618 'a
925 2577 947 2615 nr·

154 2649 231 2764 turget
243 2717 321 2766 ooutra
333 2719 384 2777 est,
397 2716 459 2780 quod
471 2715 555 2766 dieitur
567 2715 596 2764 ll.
612 2680 730 2771 Peto-LA:
750 2681 828 2764 «Non
843 2714 907 2763 eninr
920 2721 947 2756 re

70 2802 84 2826 ο
154 2784 242 2834 tentate
263 2786 363 2836 nunant
386 2787 453 2836 allata
470 2790 509 2838 eat
527 2785 648 2850 aliquando
665 2785 803 2850 prophetia,
823 2787 868 2838 sed
881 2783 948 2850 spuit

188 2924 395 2988 thomam
411 2929 802 2994 qu.1a,eeveuu‚ee.aeo.
