1934 3284
135 185 182 232 tto
229 191 339 232 smnnnu
354 191 481 242 cucuron,
498 189 592 236 nom.
608 188 716 239 cuturn,
732 186 790 225 nar.
809 188 846 227 tv.

429 373 592 424 aduentus
608 373 647 423 lv,

141 501 228 550 Utritm
245 500 411 546 convenienter
427 500 513 556 species
531 499 594 556 puin
611 497 797 554 concoquuntur
815 498 945 542 mudum

164 567 211 684 Za,
220 563 481 674 mmmmm
490 579 500 606 .·
506 561 663 620 preproperi,
675 561 749 616 Ιαπτὲ,
759 561 846 615 dmin,
857 562 944 606 meu·

165 754 200 804 dd
220 757 327 818 quartum
351 753 385 804 sic
400 752 540 818 proceditur.
555 751 651 805 videtur
669 749 729 814 dudd
754 750 945 802 inconvenienter

135 826 223 892 species
235 827 293 890 puta
304 823 471 888 distinguantur
479 823 608 886 adrogorio
617 821 658 886 qui
669 822 740 872 XXX.
751 824 823 874 Mor.
837 824 907 887 (cap.
917 825 943 870 at

134 898 172 949 uel
182 901 211 948 tt
221 898 241 962 ),
253 897 308 948 dicit
321 914 327 948 :
340 897 467 960 «Quinque
482 895 557 946 modis
570 907 613 946 nos
626 894 684 957 gulae
696 893 782 944 uitium
794 898 885 945 tentat.
899 894 944 945 ad-

135 971 226 1032 quaudo
241 981 337 1032 namque
350 968 482 1032 indigentia
497 971 600 1030 tempora
613 963 737 1029 praeueuit;
749 964 881 1028 aliquando
896 966 944 1015 lau·

136 1040 206 1092 tiores
221 1041 284 1092 cibos
298 1041 392 1106 querit3
404 1040 524 1103 aliquando
541 1053 592 1102 quaa
606 1037 717 1088 sumenda
734 1041 804 1100 sunt,
822 1039 944 1103 preparari

136 1111 262 1162 accuratiirs
271 1111 370 1176 appetit;
380 1111 502 1175 aliquando
514 1111 539 1160 in
550 1111 602 1175 ipsa
610 1110 737 1173 quantitate
747 1111 871 1174 sumendi,
881 1123 943 1160 men-

137 1193 213 1234 snram
227 1181 359 1234 reiectionis
369 1182 473 1244 excedit;
489 1182 611 1246 aliquando
626 1181 676 1245 ipso
691 1185 749 1232 estu
760 1179 877 1233 immensi
889 1180 944 1232 desi-

137 1251 196 1307 derii
210 1253 293 1319 adquin
309 1257 398 1319 peccat.
411 1270 426 1301 »
443 1255 473 1304 tit
489 1254 632 1306 continentur
643 1252 670 1304 in
682 1253 727 1303 hoc
738 1265 822 1304 noran.

260 1373 378 1426 rrepopere,
389 1375 448 1421 tante,
458 1375 523 1422 nimis,
532 1373 630 1420 ardeurter,
639 1372 729 1412 duntone.

137 1485 247 1537 Praedicta
259 1486 322 1536 enirn
336 1485 519 1536 diversificantur
534 1485 660 1536 secuudum
673 1485 777 1535 diuersae
791 1485 943 1538 circumm-

136 1555 190 1605 tias.
204 1556 247 1606 Sed
258 1557 448 1620 circumstauiiae‚
461 1555 513 1608 edm
529 1557 577 1608 sint
589 1557 716 1608 accidentia
729 1561 841 1622 anuum,
854 1573 904 1610 nou
914 1559 943 1610 di-

137 1627 269 1677 versificant
288 1628 397 1692 speciem.
415 1629 473 1693 Erpa
493 1628 619 1680 secunddm
635 1628 744 1693 pcdicta
762 1641 812 1679 non
828 1630 943 1682 diversifi-

137 1703 218 1750 otntur
229 1697 317 1762 species
331 1699 399 1761 gule.

170 1772 194 1818 t.
211 1770 337 1834 Prmterea,
356 1769 415 1822 sicut
430 1773 523 1836 tempus
540 1774 576 1822 est
591 1772 697 1835 quedam
710 1770 902 1833 circumstantia,
917 1773 944 1821 ita

139 1843 163 1890 et
172 1839 246 1890 locus.
256 1842 282 1891 Si
296 1853 350 1905 ergo
364 1841 488 1894 secundnm
497 1841 739 1907 tempusunaspccics
750 1843 810 1906 pute
820 1844 943 1907 accipitur,

138 1911 229 1964 ridetur
249 1913 311 1977 qudd
328 1913 377 1978 pari
392 1914 480 1966 ratione
497 1914 623 1966 secundam
635 1915 712 1965 iocum
728 1917 752 1964 et
770 1913 830 1964 adias
849 1915 944 1967 circum·

140 1984 245 2035 stantius.

171 2060 196 2106 t.
205 2057 331 2117 rucuma,
341 2055 401 2106 sieut
413 2055 565 2120 temperantia
581 2056 688 2106 observat
698 2055 944 2109 debitascircnmstan-

65 2165 70 2176 ,
140 2127 198 2191 tias,
216 2127 248 2178 ita
270 2129 340 2178 ctiam
359 2132 383 2178 et
401 2129 453 2180 alie
469 2128 567 2179 virtutes
583 2129 691 2179 morales.
710 2129 755 2179 Sed
768 2128 794 2178 in
811 2129 877 2181 vitiis
896 2144 943 2194 qne

139 2201 286 2263 opponuntur
293 2199 343 2249 aliis
354 2199 476 2250 uirtutibus
484 2201 616 2261 moralibus,
623 2213 669 2250 non
676 2199 846 2263 distinguuntur
856 2203 943 2266 species

139 2270 264 2322 secundnm
276 2271 379 2322 diuersas
392 2271 583 2322 circumstantias.
595 2272 655 2336 Ergo
667 2284 711 2323 nec
719 2271 745 2321 in
761 2271 823 2334 gnta.

169 2341 215 2393 Sed
228 2345 305 2392 contra
319 2347 367 2404 est,
381 2342 476 2392 uerbum
495 2342 598 2405 Gregorii
613 2343 741 2393 inductum.

172 2415 327 2477 (Cuncunsro.
334 2441 365 2452 -
371 2413 435 2464 duim
442 2414 534 2476 species
543 2413 628 2465 directi
637 2414 809 2478 distinguuntur
814 2414 941 2466 secundnm

137 2485 179 2534 hae
196 2485 338 2536 conditiones
349 2484 511 2550 proepuperd,
527 2484 615 2547 tacte,
627 2487 721 2546 nimia,
735 2485 870 2543 ardenter,
888 2491 941 2536 stc·

137 2555 216 2606 dione.
230 2555 240 2620 )

167 2627 303 2690 Respondet
318 2627 449 2689 dicendum,
465 2625 525 2691 quod
542 2627 602 2678 sicut
613 2627 745 2679 dictumest
760 2629 822 2693 (art.
838 2629 881 2694 1),
890 2633 941 2694 guda

136 2695 245 2760 importat
264 2698 416 2749 inordinatam
435 2698 646 2762 concupiscentiam
665 2701 756 2751 edendi.
772 2702 799 2750 in
811 2713 853 2751 esu
865 2709 941 2753 autem

138 2766 182 2815 duc
200 2768 386 2832 considerantum
402 2769 488 2820 scilicet
500 2770 551 2832 ipsa
568 2772 634 2820 citius
650 2771 689 2834 qui
707 2772 843 2835 comeditur,
853 2778 876 2822 et
891 2775 941 2837 ejus

137 2838 256 2886 comestio.
274 2839 352 2890 Potest
364 2853 418 2904 ergo
432 2840 571 2892 inordinatio
590 2843 782 2906 concupiscentia
796 2846 882 2896 atmndi
900 2849 941 2896 du-

84 2913 88 2924 ·
136 2905 236 2968 pliciter.
249 2907 300 2958 tino
310 2910 401 2973 quidem
412 2913 495 2973 modo,
505 2917 616 2975 quantum
628 2916 657 2964 ad
671 2916 746 2979 ipsum
762 2915 839 2967 cibum
850 2918 889 2983 qni
902 2933 940 2970 su·
