1934 3284
367 254 401 291 ns
417 253 566 293 mramro.
660 296 665 301 ,
823 247 869 295 loo

67 328 146 381 illeori
165 330 322 395 juramentum
341 333 471 395 prestatur.
488 331 546 394 Ergo
559 330 715 395 juramentum
733 344 779 383 don
793 336 870 399 potest

66 417 114 453 esse
127 416 221 467 semper
235 401 407 465 obligatorium.

93 473 135 525 Sed
150 478 232 525 contra
248 478 299 535 est,
311 476 373 539 quod
389 474 471 525 dicitur
484 476 613 537 mittem
627 492 632 527 ι
647 478 762 529 «ιιειιιεε
773 478 869 530 Domino

62 547 191 612 juramenta
205 550 279 595 tua.»

13 646 14 663 r
93 621 101 682 (
109 622 257 669 Cosesosro.
267 646 299 655 -
313 618 439 681 Utrumque
451 618 576 682 juramenti
589 633 661 683 genus
675 621 707 685 (et
721 620 869 671 assertorium

11 691 12 696 ’
63 691 169 741 videlieet
176 695 201 739 et
213 688 559 755 promissoriumjurameotum)
570 692 687 743 bominem
697 692 812 756 obligandi
822 693 868 743 rim

62 762 229 902 hallleetsgondeo
240 832 374 893 dicendum,
383 830 443 896 quod
453 832 558 896 obligatio
569 834 664 885 refertam
674 836 702 885 ad
711 835 794 899 aliquid
804 838 866 901 quod

13 912 14 916 ’
64 910 95 955 εει
111 906 244 956 laciendum
258 906 295 957 rel
314 902 485 954 dimittendum.
501 906 565 955 Unde
582 918 629 956 nod
649 906 737 956 videtur
755 908 868 971 respicere

60 977 215 1039 juramentum
229 976 393 1039 assertorium,
407 976 467 1037 qood
483 981 517 1026 εει
529 978 557 1028 de
574 977 681 1041 praesenti
694 978 731 1027 vel
745 979 772 1027 de
784 984 867 1042 prete-

12 1059 13 1090 t
64 1050 111 1111 rito,
125 1062 200 1112 neque
213 1048 284 1099 etiam
293 1046 451 1111 juramentum
463 1047 490 1097 de
499 1048 536 1098 his
544 1062 595 1112 que
606 1052 659 1097 sunt
669 1062 710 1112 per
720 1049 775 1099 alias
786 1063 869 1102 causas

11 1187 13 1217 l

64 1122 147 1182 lenda,
160 1121 222 1170 sicut
235 1120 318 1183 siquis
328 1119 460 1183 juramento
470 1124 581 1169 assereret
590 1119 651 1183 qddd
661 1133 712 1169 oras
721 1120 798 1184 pluria
808 1126 868 1171 esset

64 1194 132 1242 lutura
139 1230 149 1255 ‚
165 1192 204 1241 sed
216 1190 292 1241 solima
305 1190 327 1239 io
344 1186 382 1239 his
393 1202 443 1253 que
458 1194 511 1239 sunt
524 1190 597 1240 denda
612 1205 653 1254 per
668 1191 732 1241 illum
745 1191 785 1254 qni
795 1193 865 1255 jurat.

64 1262 122 1313 Sicut
131 1266 210 1313 autem
218 1262 378 1326 juramentum
389 1260 531 1311 assertorium
539 1299 546 1322 ,
554 1263 613 1324 quod
625 1268 660 1312 est
670 1264 698 1313 de
707 1263 821 1327 preterito
831 1265 867 1315 rel

64 1336 88 1383 de
102 1334 220 1398 praesenti,
236 1334 306 1383 debet
316 1334 401 1383 babere
412 1331 539 1391 veritatem,
553 1333 585 1383 ita
594 1334 662 1384 etiam
672 1335 825 1399 juramentum
839 1338 866 1385 de

10 1439 12 1459 .
62 1405 95 1455 bis
115 1420 166 1470 quae
185 1407 242 1455 saint
260 1404 335 1464 fienda
350 1402 363 1453 {a
381 1402 448 1453 nobis
460 1403 484 1452 io
501 1403 612 1455 futurum.
632 1408 660 1456 Et
676 1407 728 1458 ideo
747 1411 866 1472 utrumque

10 2192 12 2257 l

10 2270 15 2305 l

61 1477 214 1540 juramentum
223 1476 293 1525 habet
305 1476 427 1539 quamdam
435 1474 610 1538 obligationem,
621 1478 770 1528 diversimode
781 1483 866 1530 tamen.

64 1549 112 1604 atria
125 1550 148 1598 in
163 1549 302 1611 juramento
316 1544 376 1611 quod
390 1551 425 1595 est
436 1548 463 1597 de
476 1547 596 1609 preterito
610 1550 647 1599 vel
667 1550 791 1613 proserii,
806 1552 863 1602 obti-

67 1620 118 1678 gatio
134 1624 172 1670 est
188 1632 238 1669 non
253 1621 359 1681 respectu
375 1618 409 1667 rei
421 1632 471 1680 pum
483 1620 588 1684 jambuit
602 1621 699 1682 retest,
712 1622 750 1671 sed
761 1626 867 1685 respectu

63 1688 127 1752 ipsios
142 1690 213 1741 actds
224 1688 334 1753 jurandi,
350 1692 376 1740 ut
389 1688 477 1741 scilieet
488 1691 550 1755 jaret
567 1691 589 1741 id
605 1694 664 1759 quod
676 1694 725 1756 jam
739 1707 820 1744 rerum
833 1698 868 1744 εει

61 1763 92 1811 rel
108 1763 165 1827 loit3
184 1763 225 1812 sed
247 1756 271 1811 in
290 1760 422 1825 juramento
440 1763 500 1827 quod
514 1766 634 1826 prestatur
645 1764 672 1812 de
691 1764 792 1827 hisquae
810 1769 865 1813 sunt

59 1835 127 1884 reum
143 1830 253 1893 duobis,
264 1832 373 1896 obligatio
388 1832 448 1882 cadit
460 1832 472 1885 d
484 1833 595 1885 contrario
609 1848 676 1897 super
687 1848 813 1897 remquam
827 1835 868 1885 ati-

58 1908 104 1967 pris
115 1906 255 1971 juramento
265 1904 366 1956 firmarit
381 1919 387 1953 :
401 1908 489 1954 tenetur
498 1906 559 1955 enim
574 1905 655 1969 aliquis
668 1910 693 1956 ut
706 1906 775 1956 taoiat
789 1920 867 1957 rerum

58 1990 105 2029 esse
127 1977 150 2029 id
171 1978 233 2041 quod
252 1974 357 2041 juravit,
373 1976 475 2039 alioquin
494 1978 558 2028 deest
575 1979 659 2029 veritas
678 1979 819 2042 juramento.
841 1977 866 2030 Si

58 2057 129 2103 autem
145 2054 183 2101 est
198 2048 254 2099 tatis
267 2062 303 2099 res
313 2062 364 2113 que
375 2048 400 2099 in
417 2049 467 2109 ejus
482 2053 593 2113 potestate
605 2064 649 2101 noo
661 2051 721 2110 tuit,
732 2051 867 2113 deestjura·

57 2128 131 2174 memo
147 2120 299 2174 discretionis
310 2120 440 2185 judicium,
454 2120 499 2173 nisi
512 2121 568 2172 lortd
583 2123 706 2187 quoderat
722 2121 742 2171 ei
756 2121 865 2185 possibile

58 2198 145 2258 quando
157 2192 266 2258 jurarit,
281 2192 390 2243 reddatur
403 2190 424 2241 ei
434 2192 571 2255 impossibile
586 2208 626 2257 per
637 2193 736 2255 aliquem
748 2195 866 2253 eventum,

11 2306 12 2317 ,
59 2267 108 2330 poti
122 2265 177 2317 oiim
198 2263 284 2327 aliquis
297 2262 360 2329 jurat
374 2276 398 2313 se
413 2264 534 2327 pecuniam
546 2265 689 2324 soluturum,
701 2277 753 2326 que
770 2264 868 2326 etpost·

10 2328 12 2385 ἒ
59 2339 147 2389 niodum
166 2336 191 2387 ri
203 2332 240 2387 rel
257 2334 317 2385 torto
331 2333 484 2397 subtrabitur·¹
497 2340 552 2385 tude
567 2335 628 2386 enim
645 2335 734 2384 ridetur
747 2339 868 2385 excusatus

10 2508 12 2558 l

59 2422 103 2461 esse
122 2409 135 2459 'a
154 2408 265 2459 faciendo
280 2406 340 2471 quod
352 2403 456 2471 juravit,
469 2405 524 2457 lio'et
535 2410 638 2457 teneatur
650 2406 724 2455 lacere
736 2408 795 2469 quod
806 2406 830 2456 io
840 2420 865 2457 se

11 2482 12 2487 ’
58 2486 99 2542 εει,
116 2480 178 2531 sient
195 2479 266 2529 etiam
275 2474 346 2541 suprb
355 2476 416 2527 circa
427 2474 587 2541 obligationem
596 2477 646 2527 voti
658 2476 765 2526 diximus
776 2478 801 2529 Si
814 2478 867 2529 verb

11 2560 12 2569 ³
59 2553 84 2599 sit
98 2552 196 2614 pultem
207 2548 317 2615 possibile
327 2548 388 2611 lteri,
400 2548 441 2599 sed
455 2548 505 2599 lieri
514 2563 559 2600 ooo
569 2549 658 2612 debeat,
667 2550 704 2598 vel
715 2550 768 2612 quia
780 2554 815 2600 est
827 2563 868 2613 per

58 2638 80 2673 so
97 2622 199 2685 molum,
217 2622 256 2673 rel
275 2618 329 2685 quia
352 2625 387 2671 est
404 2617 459 2670 boni
476 2620 648 2685 impeditivum‚
669 2624 723 2669 tunc
739 2621 867 2685 juramento

59 2695 121 2745 deest
137 2692 245 2759 justitia3
259 2694 283 2743 et
299 2690 350 2743 ideo
360 2692 518 2757 juramentum
536 2706 581 2742 pon
601 2694 636 2741 est
652 2694 787 2742 serrandum
801 2693 826 2741 id
840 2705 867 2743 eo

11 2808 12 2818 ,
61 2780 112 2815 casu
125 2780 171 2829 prro
186 2769 223 2815 est
239 2768 357 2829 peceatum
371 2762 409 2814 rel
418 2762 471 2812 boni
485 2759 655 2828 impeditirdm,
667 2762 792 2812 seouodbm
805 2762 867 2812 enim

10 3103 13 3251 l

60 2839 212 2899 ,leguminum
227 2841 352 2902 utrumque
366 2836 450 2885 horum
462 2836 570 2899 vergilio
584 2834 718 2884 deteriorem
728 2831 868 2883 exitumsio

61 2922 112 2972 ergo
126 2910 247 2959 dicendum
258 2912 294 2959 est
312 2906 374 2972 qubd
388 2905 527 2969 quicumque
539 2909 600 2971 jurat
610 2905 694 2969 aliquid
704 2918 728 2953 se
742 2906 852 2953 laetarum
859 2936 867 2962 ,

62 2980 172 3045 ‹lligatur
188 2982 215 3033 al
231 2980 252 3033 'td
271 2978 457 3043 faciendumst
472 2980 514 3028 boo
529 2977 588 3041 quiid
598 2976 690 3026 ¹peritas
704 2973 833 3035 impleatur,
850 2968 871 3019 si
