1934 3284
15 2973 17 3042 l

134 249 181 296 stt
237 252 345 295 suenum
363 253 597 304 momenmentum.
612 252 774 306 exemtis·
790 253 828 294 vu

167 338 190 384 ³.
211 331 478 396 sustenementum
497 330 591 395 qnidam
607 329 653 381 cibi
672 333 743 395 nnnt3
756 344 809 394 qum
831 327 930 380 tament

134 403 213 458 multis
228 404 253 454 in
270 403 349 454 diebus
369 402 451 468 jejunii
470 406 523 466 post
545 401 710 452 comestionem
729 405 861 452 sumuntur·
879 399 931 464 dign

134 476 211 527 unitas
227 474 373 527 comestionis
387 488 432 526 non
445 479 481 526 est
494 474 523 524 de
535 473 625 524 ratione
634 472 729 537 jejunii.

166 549 212 600 sed
223 553 301 597 contra
316 551 351 598 est
363 546 491 598 communis
503 546 644 596 consuetudo
658 545 740 608 populi
754 544 889 596 christiani.

167 617 552 684 (Goumos10.-llationalriliter
565 616 676 668 Ecclesie
695 615 853 667 moderatione
864 618 932 666 statn-

136 695 184 741 tum
194 695 240 754 est,
252 695 279 740 nt
290 689 379 742 tectim
390 689 461 741 semel
474 687 568 739 indici
579 687 739 752 jep'omntibus
747 687 907 748 medetur.)
952 726 954 763 Ι

168 761 304 827 despondeo
315 761 446 821 dicendum,
455 759 516 823 quid
528 758 642 823 jejunium
657 759 686 808 att
699 757 803 810 Ecclesia
815 757 933 808 instituitur

138 832 167 884 ad
181 832 389 897 concupiscentiam
404 831 582 894 refrenandam
595 831 629 880 ita
641 834 719 880 mmen
728 829 790 894 qnid
805 835 888 881 natura
898 828 933 878 sal·

138 907 214 958 netur.
235 906 270 956 tul
292 906 337 956 tce
357 907 434 955 autem
453 902 559 954 snttleere
572 902 664 954 ridetur
683 902 753 952 unica
774 901 886 953 comestio
901 913 954 964 per.

138 988 206 1039 quam
215 977 284 1028 homo
295 979 372 1041 potest
381 979 466 1026 nature
478 974 651 1037 satisfacerem
664 977 742 1024 tamen
751 971 934 1038 concupiscentie
952 972 954 1009 l

139 1047 226 1112 aliquid
234 1048 335 1111 deuehi,
345 1047 492 1098 diminuendo
501 1047 668 1098 comestionum
679 1043 752 1095 vices.
763 1047 793 1094 Et
800 1045 856 1096 ideo
871 1044 935 1094 irrele-

140 1117 180 1170 tim
194 1119 350 1170 moderatione
369 1121 479 1170 statutum
493 1123 529 1168 est
541 1123 567 1168 nt
580 1117 653 1169 semel
665 1117 691 1166 in
708 1116 745 1168 die
759 1116 772 1166 d
784 1115 937 1180 jejunantibus

140 1191 279 1244 moecatur.

172 1264 206 1314 ld
219 1263 318 1326 primum
332 1275 385 1326 erpo
397 1262 532 1323 dicendam,
546 1260 609 1325 qudd
619 1261 735 1325 queuntes
748 1260 796 1312 citi
811 1273 861 1312 non
875 1256 938 1324 potuit
952 1276 954 1287 ·

141 1333 232 1399 quidem
246 1333 352 1385 omnihus
361 1333 440 1395 taxum,
459 1337 552 1398 pmpter
563 1333 666 1384 dirmses
675 1345 796 1396 corpomm
807 1329 938 1397 complexio

142 1419 197 1468 nes,
215 1419 244 1458 ex
255 1405 339 1470 umbus
353 1405 466 1470 contingit
479 1405 538 1468 quod
549 1419 610 1455 suns
620 1404 718 1468 majori,
731 1405 790 1454 alter
799 1404 887 1455 minori
898 1402 938 1451 cibo

142 1475 238 1541 indiget.
253 1478 296 1528 Sed
311 1480 336 1526 ut
350 1477 491 1540 plurimum,
504 1489 584 1528 ornnes
597 1480 695 1542 possunt
710 1481 800 1528 meme
817 1477 938 1528 satisfacere

142 1559 184 1612 per
197 1548 288 1600 unicam
301 1549 473 1600 comestionem.

176 1620 208 1670 nd
221 1621 344 1671 secundum
359 1621 478 1673 dicendum
486 1658 494 1684 ‚
504 1620 566 1685 qndd
584 1622 668 1685 duplex
682 1625 718 1673 est
730 1621 858 1686 jejunium.
876 1621 938 1671 Unun

144 1691 237 1756 quidem
246 1696 357 1753 noturus,
366 1695 427 1757 quod
433 1693 558 1758 requiritur
571 1695 599 1744 ad
611 1693 759 1744 Eucharistiae
769 1695 937 1760 sumptionem:

145 1765 168 1814 et
183 1765 226 1814 noc
243 1765 339 1815 solvitur
352 1779 392 1830 per
405 1765 632 1830 quemlibetpotnm,
645 1765 801 1828 etiamnunc,
817 1771 937 1830 postquem

146 1847 193 1886 non
202 1835 256 1886 licet
265 1837 431 1888 Eucharistiam
439 1850 538 1888 sumere.
544 1839 583 1887 Est
590 1839 665 1887 autem
674 1836 737 1886 aliud
741 1836 861 1900 jejunium
867 1833 939 1887 secte

145 1907 204 1964 sim,
214 1909 274 1971 quod
285 1908 367 1958 dicitur
375 1908 506 1972 jejunium
514 1909 669 1973 jejunantis.
678 1909 708 1958 Et
720 1907 782 1958 istud
792 1921 843 1958 non
854 1907 940 1958 solvitur

146 1978 191 2030 nisi
200 1993 241 2046 per
251 1993 278 2031 ea
289 1993 339 2044 qum
353 1981 455 2030 Ecclesia
473 1979 612 2032 interdicere
626 1980 723 2030 intendit
734 1979 879 2032 instituendo
889 1979 941 2044 jeju·

147 2050 220 2102 nium.
239 2053 290 2104 Non
303 2057 380 2102 autem
397 2053 496 2102 intendit
515 2052 617 2103 Ecclesia
633 2052 768 2103 interdicere
787 2050 941 2103 abstinentiam

146 2127 230 2192 potts3
244 2125 298 2188 qnia
308 2123 380 2186 nugis
391 2124 489 2174 sumitur
499 2126 528 2174 ad
539 2123 696 2174 attentionem
707 2123 823 2187 corporis,
837 2129 863 2174 et
876 2123 940 2185 liges

148 2201 231 2250 tionem
245 2196 346 2247 ciborum
360 2199 543 2259 assumptorum,
553 2194 621 2257 quim
636 2195 663 2245 ad
677 2194 835 2259 nutritionem,
845 2188 942 2246 licetali·

147 2283 191 2334 quo
207 2268 275 2320 modo
289 2268 373 2318 nutriat
388 2283 394 2316 ι
410 2270 433 2316 et
449 2267 500 2318 ideo
516 2267 570 2317 licet
586 2266 672 2330 pluries
684 2266 844 2331 jejunantibus
860 2265 940 2317 bibere.

147 2341 169 2392 Si
186 2345 261 2392 antem
272 2339 323 2403 quis
336 2337 484 2388 immoderate
498 2341 555 2402 potu
565 2339 647 2400 utitur,
659 2341 736 2401 potest
746 2350 856 2402 peccare,
865 2341 889 2387 et
902 2343 941 2382 me

147 2413 212 2463 itum
232 2411 317 2476 ieiunii
335 2411 446 2475 perdere,
461 2409 521 2460 sicut
538 2409 608 2460 etiem
623 2410 644 2460 si
664 2408 811 2461 immoderate
830 2404 941 2459 citumin

147 2498 192 2534 runa
203 2483 340 2535 comestione
358 2484 468 2536 assumat.

175 2557 210 2606 td
222 2555 314 2606 tertium
328 2553 466 2616 dicendum,
475 2552 535 2616 quod
550 2551 674 2604 electuaria
689 2551 779 2604 etiamsi
791 2548 940 2616 aliquomodo

146 2626 257 2688 nutriant,
268 2639 312 2676 non
324 2628 401 2675 temen
409 2624 567 2689 principaliter
576 2629 724 2675 assumuntur
733 2625 763 2674 ad
772 2623 939 2678 nutrimentum,

147 2699 180 2745 -rd
201 2699 229 2748 ad
248 2697 398 2762 digestionem
419 2697 530 2748 ciborum.
551 2697 616 2748 Unde
631 2709 677 2747 non
702 2697 792 2748 solvunt
811 2696 939 2760 jejunium,

163 2771 203 2816 cut
216 2779 259 2817 nec
270 2768 363 2819 mierum
379 2767 543 2819 medicinarum
553 2769 687 2832 assumptio
702 2767 747 2819 nist
757 2765 815 2818 iortd
826 2766 908 2830 aliquis
920 2762 941 2810 it

165 2837 244 2955 ζμάοω
263 2838 385 2890 electuaria
398 2839 423 2888 in
438 2853 522 2904 magna
537 2839 662 2905 quenulam
680 2842 783 2891 assumat
798 2851 840 2902 per
852 2839 938 2890 modum

157 2923 164 2952 t
180 2921 197 2958 l.
700 2940 703 2947 .
