1934 3284
292 180 322 219 ur
335 180 424 221 enarra
441 181 622 221 numentum.
809 172 856 221 969

54 256 124 323 pouit
141 255 224 321 aliquid
235 257 259 307 iu
272 270 299 309 eo
312 258 349 308 cui
362 260 435 309 datur.
449 260 493 309 Sed
511 259 613 323 operatio
630 260 792 311 miraculorum
809 275 857 313 nou

54 329 122 394 pouit
132 330 216 393 aliquid
225 330 248 379 io
259 331 334 381 anima
344 330 443 382 hominis
453 330 490 381 cui
498 331 570 395 datur3
581 333 634 394 quia
647 333 715 383 etiam
731 334 760 383 ad
769 337 856 383 tactum

55 402 160 465 corporis
177 400 258 451 mortui
277 401 383 452 miracula
398 402 467 466 fiuut;
480 403 540 453 sicut
553 403 634 466 legitor
649 405 687 454 lV.
706 408 776 470 lieu„
795 405 856 465 xtll,

56 473 117 538 qudd
138 490 153 521 u
170 473 261 535 qnidam
277 474 421 537 projecerunt
434 474 565 525 cadaueriu
581 475 684 539 sepulcro
692 475 785 539 Elisari,
797 478 858 540 quod

55 545 111 595 cdm
125 543 238 607 tetigisset
247 558 296 595 ossa
307 544 395 606 Elisaei‚
408 546 491 596 reuixit
501 547 583 607 homo,
598 551 621 597 et
632 546 694 596 stetit
704 560 772 610 super
784 548 856 611 podes

53 630 120 668 suos.
136 632 150 663 n
168 616 226 681 Ergo
244 618 343 681 operatio
359 615 517 667 miraculorum
536 630 583 667 nou
597 616 696 682 pertinet
713 620 741 667 ad
760 620 855 682 gretiam

56 688 130 752 gratis
143 688 226 739 datam.

90 764 117 811 2.
133 760 243 811 Praeterea
251 796 259 823 ,
271 759 349 823 gratio
362 760 432 825 gratis
451 762 508 811 datae
522 763 575 811 snut
589 760 701 824 lSpiritu
711 763 801 823 sancto3
818 773 855 811 sc·

56 830 159 881 cundiuu
172 831 226 882 illud
241 833 259 881 Ι.
276 833 311 881 ud
325 834 392 891 Cor„
409 834 471 883 xil:
490 832 641 884 «divisiones
659 833 778 895 gratiarum
793 836 854 896 suut,

55 904 121 954 idem
132 906 207 953 antem
221 904 323 967 spiritus.
335 904 403 955 »Sed
417 906 518 969 operatio
537 905 695 954 miraculorum
713 905 740 953 tit
757 904 825 954 etiam
844 904 858 955 d

56 975 142 1040 spiritu
155 974 283 1038 immund03
300 975 423 1027 secundnm
437 977 491 1026 illud
505 977 608 1031 Matris„
625 976 714 1026 xxia:
730 992 744 1023 u
760 976 858 1038 Surgunt

55 1046 226 1111 pseudochristi
240 1050 263 1096 et
276 1046 494 1112 pseudopropheta,
505 1053 528 1098 et
541 1046 626 1098 dabunt
639 1047 704 1110 sigua
719 1051 742 1097 et
752 1047 856 1110 prodigia

57 1118 244 1181 magnas-Ergo
254 1117 341 1168 ridetur
353 1118 412 1182 quod
425 1118 526 1183 operatio
543 1119 700 1169 miraculorum
719 1132 765 1169 non
781 1116 857 1182 pcrti-

56 1192 115 1239 ueat
128 1188 156 1237 ad
170 1189 263 1251 gratiam
278 1188 346 1251 gratis
359 1189 443 1239 datam.

91 1264 117 1309 a.
134 1259 261 1321 mererer,
279 1258 386 1309 miracula
396 1260 565 1323 distinguuntur
576 1272 618 1323 per
630 1260 718 1323 cigna,
730 1262 754 1309 et
767 1258 857 1323 prodi-

55 1332 103 1397 ρέα
116 1330 180 1395 (sive
190 1330 324 1395 portentu)
336 1332 359 1380 ct
372 1332 488 1381 virtuter.
503 1330 688 1382 inconvenienter
697 1344 750 1393 crgo
763 1330 855 1393 ponitur

57 1403 177 1468 uper-utto
190 1403 319 1451 virtutem
332 1402 408 1466 potids
426 1403 497 1465 gratia
516 1401 737 1466 gratisdata,qu·lm
756 1403 846 1467 operati

57 1473 214 1540 prodigiorum
229 1472 278 1523 sire
297 1475 419 1538 signorum.

91 1550 117 1597 t.
144 1546 272 1608 Praetcrea,
291 1546 424 1597 miraculosa
446 1546 557 1611 reparatio
578 1545 682 1596 sanitatis
699 1558 741 1609 per
758 1544 860 1595 diuinam

58 1618 170 1668 mutuum
187 1615 222 1665 flr.
241 1617 300 1679 llrgo
313 1630 358 1668 nou
370 1618 436 1669 dohet
450 1618 558 1681 distingui
572 1618 812 1683 pratia-sonitatum
830 1615 859 1665 ab

59 1688 209 1754 operatione
221 1690 358 1739 virtutum.

94 1767 121 1811 5.
132 1760 242 1809 rieures
252 1798 258 1820 ‚
269 1760 368 1822 operatio
385 1759 541 1809 miraculorum
562 1760 706 1823 consequitur
721 1760 788 1810 fidem
804 1758 859 1809 :uel

57 1830 168 1884 incientis
181 1829 315 1891 (secuudum
326 1830 379 1881 illud
394 1832 412 1880 1.
425 1832 459 1881 oct
474 1831 543 1887 Gor„
552 1831 603 1879 lllll
615 1846 620 1878 :
633 1847 647 1877 u
657 1831 683 1879 Si
696 1832 795 1881 habuero
807 1843 857 1879 om·
953 1827 954 1892 l

57 1917 115 1955 uem
128 1902 202 1963 iidem,
215 1902 247 1951 ita
258 1905 283 1950 ut
296 1905 385 1952 montes
398 1902 530 1952 transieram
539 1902 563 1965 );
573 1917 587 1948 n
602 1902 652 1951 sive
661 1901 728 1950 etiam
742 1902 857 1959 aliorum,

57 1976 156 2041 propter
169 1986 226 2037 qnos
241 1973 348 2023 miracula
360 1974 431 2023 fiunt:
442 1973 502 2023 nunde
515 1971 596 2022 dicitur
610 1972 711 2027 natta„
726 1972 776 2022 ltili
789 1988 795 2021 a
811 1988 825 2019 u
835 1974 861 2021 et

57 2059 109 2097 uon
124 2043 179 2094 lecit
188 2044 219 2094 ibi
232 2044 326 2095 uirtutes
336 2045 417 2095 multas
430 2048 523 2109 propter
539 2042 720 2093 incredulitatem
732 2042 832 2091 illorum.
844 2058 858 2087 u

58 2118 84 2168 Si
99 2128 155 2179 ergo
169 2116 233 2179 fides
244 2116 336 2179 ponitur
345 2116 414 2178 gratia
428 2116 498 2179 gratis
512 2116 572 2176 data,
586 2114 723 2178 superfluum
734 2117 769 2163 est
778 2116 860 2176 preter

58 2192 198 2251 hoopouere
205 2186 270 2237 aliam
278 2186 371 2251 gratiam
379 2187 448 2250 gratis
455 2186 858 2249 oauuppemttcncmripnorcm.

94 2258 143 2309 Sed
156 2260 233 2309 contra
243 2262 294 2322 est,
305 2258 365 2321 qnod
379 2258 502 2321 Apostolus
517 2257 536 2306 l.
548 2257 582 2306 od
594 2258 662 2311 Cor„
678 2256 727 2314 llll,
735 2255 794 2305 iuter
806 2254 862 2303 alias

61 2330 151 2397 gratiae
169 2329 238 2392 gratis
251 2330 315 2379 datas
328 2328 400 2380 dicit:
414 2346 428 2377 u
443 2328 488 2379 Alii
505 2329 571 2378 datur
590 2327 660 2391 gratia
677 2327 812 2385 camimum,
824 2324 863 2374 ulii

60 2400 166 2467 operatio
179 2400 296 2450 virtutum.
315 2415 328 2447 u

95 2473 254 2538 (Concessio.
266 2498 298 2508 —
308 2472 392 2521 Praetcr
409 2469 536 2533 linguarum
556 2475 579 2520 et
596 2467 707 2521 sermonis
724 2468 817 2533 gratiam
834 2469 862 2518 ed

61 2542 165 2597 fidetium
184 2542 355 2593 edificationem
368 2542 500 2605 quibusdam
518 2541 649 2593 homiuibus
671 2540 767 2603 Spiritus
787 2540 862 2589 sancti

61 2614 223 2667 munificentia
244 2613 314 2677 gratis
337 2614 422 2674 datam,
440 2612 540 2678 oportuit
562 2612 681 2677 superaddi
704 2613 732 2662 ad
751 2609 862 2662 semroois

60 2686 270 2748 confirmationem,
285 2683 380 2747 gratiam
394 2684 559 2735 miraculorum.

63 2846 94 2891 dc
113 2845 214 2901 potent,
229 2844 273 2886 art.
287 2836 302 2881 d
325 2838 349 2881 iu
368 2848 432 2897 corp.
447 2838 491 2885 sub
507 2836 593 2897 duem,
608 2842 632 2883 ct
651 2842 695 2885 ert.
711 2837 736 2898 a,
751 2838 780 2883 ad
795 2836 823 2890 l;
840 2842 864 2881 ct

63 2910 170 2967 operae„
182 2905 216 2951 Ill
223 2934 230 2963 ,
244 2872 362 2961 cupias.
