1934 3284
96 145 141 189 326
216 151 324 206 ssounop
340 150 471 201 mom,
487 151 579 196 oomsn.
596 151 648 202 cix,
666 151 720 188 aas.
738 153 765 188 ιι,

89 227 162 292 jecti3
171 227 216 276 alio
225 227 292 278 modo
305 230 405 290 exparte
419 227 491 277 actis.
504 227 540 276 lli
551 229 614 290 parte
623 227 715 291 quidem
724 228 824 293 objecti,
839 229 899 293 qnia

93 301 181 348 verbm
203 296 326 348 mnndim
344 311 407 347 snam
425 299 535 349 rationem
549 298 656 361 importat
668 299 788 362 quamdam
803 301 900 364 equali-

94 375 181 435 tatem3
196 369 282 434 aequale
294 373 370 420 autem
384 374 419 420 est
429 369 529 421 medium
539 369 600 418 inter
609 371 682 435 majus
693 375 718 421 et
726 370 820 421 minus:
835 374 899 422 unde

97 455 126 492 ex
134 444 178 493 hoo
193 443 244 506 ipso
254 441 314 505 quod
329 441 409 504 aliquis
421 441 476 491 dicit
491 454 569 490 verum
584 441 611 492 de
621 443 709 506 seipso,
721 443 822 492 med-ium
834 447 902 499 tenet

97 514 220 564 inteream
232 513 273 577 qni
285 512 434 576 majoradicit
447 513 475 561 de
489 511 564 576 seipso
577 516 600 562 et
612 511 671 562 inter
680 526 732 562 eum
746 513 786 578 qui
798 517 899 566 minora.

84 585 131 662 ‘lix
144 588 208 650 parte
226 589 302 635 antem
316 584 381 634 actis
392 583 491 634 medium
503 586 580 648 tenet,
595 584 739 648 inquantum
752 599 832 636 verum
843 585 903 636 dicit

94 658 185 720 quando
198 661 287 722 oportet
297 663 321 706 et
330 654 454 706 secundnm
461 654 523 719 qnbd
534 657 636 720 oportet;
650 657 811 720 supefftoom
820 661 902 708 amem

95 733 205 780 convenit
217 729 250 778 ibi
264 728 304 794 qui
320 727 448 792 importune
463 741 491 778 ea
508 741 557 790 qua
573 739 613 776 soa
630 732 683 778 sunt
696 727 840 791 manifestat3
855 727 902 778 de·

95 802 177 864 sectos
196 805 270 852 autem
293 799 400 864 oompetit
415 799 448 850 illi
466 800 506 863 qui
526 799 624 849 ooeoltat
643 799 732 863 quando
752 799 903 850 manifestare

96 875 194 936 oportet.

393 979 551 1030 naiteinos
566 979 595 1028 11.

281 1104 366 1150 Uiritm
376 1106 465 1150 veritae
474 1105 506 1150 eit
515 1104 623 1161 specialis
633 1105 717 1150 virtus.

130 1231 163 1280 ld
179 1231 303 1281 seeundum
320 1232 354 1282 sie
369 1231 550 1297 proceditunfl).
572 1232 664 1282 Videtur
675 1231 735 1296 quod
751 1233 836 1282 veritas
854 1245 906 1284 non

98 1301 129 1352 sit
142 1301 247 1366 specialis
257 1302 339 1352 virtus.
357 1303 448 1353 Verum
458 1303 519 1354 enim
533 1306 556 1353 et
569 1302 660 1352 bonum
672 1305 844 1353 convertuntur.
856 1303 906 1354 Sed

99 1373 189 1423 bonitas
206 1387 252 1440 non
275 1379 310 1424 est
327 1375 536 1438 specialissimum
553 1375 607 1437 quin
627 1374 672 1424 lmb
686 1375 760 1424 omnis
777 1373 851 1423 virtus
866 1380 907 1425 est

98 1444 188 1495 bonitas
195 1482 204 1508 ‚
216 1444 270 1508 quia
283 1463 297 1493 o
306 1446 390 1496 bonum
403 1445 458 1496 iacit
470 1447 602 1497 habentem.
615 1463 629 1493 »
640 1447 699 1510 lingo
712 1446 795 1496 nerbas
811 1451 907 1500 nonest

99 1515 206 1580 spetialis
218 1515 301 1566 virtus.

130 1592 155 1636 2.
168 1589 290 1650 Praeterea,
302 1588 455 1640 manifestatio
467 1590 518 1654 ejus
526 1590 586 1654 quod
594 1591 621 1640 ad
631 1589 705 1654 ipsum
717 1589 833 1641 bominem
847 1603 903 1653 per-

99 1658 172 1721 tinet,
186 1663 222 1710 est
240 1664 304 1709 actus
314 1660 418 1710 veritatis
430 1662 457 1711 de
473 1675 517 1724 qua
530 1675 589 1711 nuno
603 1661 723 1724 loquimur.
736 1661 780 1710 Sed
794 1661 838 1710 boc
850 1673 907 1726 per-

100 1731 158 1781 tinet
170 1730 198 1780 ad
211 1731 463 1795 quamlibetvirtutem3
475 1733 568 1796 quilibet
575 1735 636 1784 enim
650 1732 740 1782 virtutis
750 1732 842 1782 babitus
854 1747 906 1784 nta-

100 1801 219 1852 niiestatnr
233 1815 274 1866 per
283 1802 399 1867 proprium
414 1809 497 1854 aetum.
513 1805 571 1868 Ergo
586 1803 668 1856 veritas
682 1817 728 1855 non
745 1808 781 1854 est
797 1803 906 1866 specialis

100 1875 182 1924 virtus.

134 1950 157 1994 3.
175 1947 303 2008 proterea,
319 1949 413 1997 veritos
423 1951 484 2000 vitae
495 1949 586 2010 dieitur,
598 1961 643 2012 qua
652 1949 703 2012 quis
715 1946 776 1998 recte
788 1947 861 2010 vivit3
877 1949 906 1998 de

102 2030 146 2080 qua
164 2017 247 2068 dieitur
263 2021 334 2077 lsai,
346 2017 456 2070 lllllllllll
471 2037 476 2070 ε
495 2022 630 2072 «Memento
644 2032 721 2084 qnaeso
731 2017 844 2084 quomodo
855 2032 906 2068 am-

101 2089 227 2140 bulaverim
236 2103 311 2140 oolam
322 2094 345 2140 te
355 2091 484 2143 inveritate
498 2095 521 2142 et
535 2091 559 2141 in
569 2093 634 2142 eorde
644 2091 778 2156 perfeeto.»
789 2089 835 2140 Sed
846 2103 905 2153 qua-

101 2161 156 2212 libet
168 2163 254 2212 virtute
272 2162 445 2224 recitabitur,
462 2166 487 2212 ut
502 2167 565 2226 patet
581 2177 622 2227 per
636 2161 795 2214 dillinitionem
814 2161 906 2212 virtutis

102 2233 170 2298 sopra
186 2237 292 2297 positam.
310 2236 369 2298 Ergo
383 2233 467 2283 veritas
481 2247 527 2284 non
538 2237 575 2284 est
588 2234 693 2299 specialis
702 2233 783 2283 virtus.

134 2309 156 2355 t.
173 2306 299 2367 Praeterea,
316 2307 399 2356 veritas
420 2305 509 2356 videtur
530 2305 590 2356 idem
608 2320 659 2357 esse
681 2305 836 2370 simplicitati,
852 2306 904 2368 quia

101 2377 193 2439 utrique
203 2379 326 2447 opponitur
339 2377 462 2428 simulatio.
477 2378 521 2429 Sed
539 2378 672 2442 simplicitas
689 2391 733 2428 noo
748 2382 784 2428 est
797 2377 903 2442 specialis

100 2447 186 2508 virtus,
201 2449 254 2512 qnia
266 2449 322 2499 iacit
334 2449 486 2500 intentionem
502 2444 595 2514 rectam,
604 2451 663 2514 quod
676 2449 796 2514 requiritur
804 2451 827 2500 in
841 2448 903 2500 omni

100 2519 194 2569 virtute.
205 2521 264 2582 Ergo
278 2524 347 2571 etiam
360 2520 499 2571 veritasnon
515 2526 551 2571 est
565 2521 671 2586 specialis
683 2521 766 2572 virtus.

99 2591 177 2712 tutSletl
190 2597 266 2642 contra
281 2598 330 2656 est,
344 2591 406 2657 qnod
419 2593 445 2643 in
457 2594 477 2642 ll
493 2591 588 2654 Etim„
599 2596 775 2644 connumeratur
789 2591 840 2642 aliis
855 2590 905 2640 vir·

135 2676 143 2709 1
158 2675 194 2712 os.

100 2880 119 2926 a
135 2816 166 2877 (1)
181 2819 213 2923 Ιιὶε
230 2816 344 2863 bisetium
358 2821 401 2878 lv,
414 2818 493 2869 Stoi..
507 2817 562 2864 dist.
573 2817 613 2879 16,
629 2831 670 2876 qu.
680 2818 709 2878 i,
725 2825 769 2866 ort.
780 2818 808 2878 1,
823 2829 905 2876 qums-

119 2891 173 2926 une.
202 2913 208 2923 .
