<?xml version="1.0" encoding="UTF-8"?>
<!DOCTYPE html PUBLIC "-//W3C//DTD XHTML 1.0 Transitional//EN"
    "http://www.w3.org/TR/xhtml1/DTD/xhtml1-transitional.dtd">
<html xmlns="http://www.w3.org/1999/xhtml" xml:lang="en" lang="en">
 <head>
  <title>
</title>
<meta http-equiv="Content-Type" content="text/html;charset=utf-8" />
  <meta name='ocr-system' content='tesseract 3.04.00' />
  <meta name='ocr-capabilities' content='ocr_page ocr_carea ocr_par ocr_line ocrx_word'/>
</head>
<body>
  <div class='ocr_page' id='page_1' title='image "./summatheologica05nicogoog_0218.png"; bbox 0 0 1934 3284; ppageno 0'>
   <div class='ocr_carea' id='block_1_1' title="bbox 333 145 865 199">
    <p class='ocr_par' dir='ltr' id='par_1_1' title="bbox 333 145 865 199">
     <span class='ocr_line' id='line_1_1' title="bbox 333 145 865 199; baseline 0.008 -9"><span class='ocrx_word' id='word_1_1' title='bbox 333 151 368 192; x_wconf 78' lang='lat' dir='ltr'><strong>nn</strong></span> <span class='ocrx_word' id='word_1_2' title='bbox 381 151 529 192; x_wconf 80' lang='lat' dir='ltr'><strong>runnrnorau</strong></span> <span class='ocrx_word' id='word_1_3' title='bbox 542 154 591 192; x_wconf 85' lang='lat' dir='ltr'><strong>nur.</strong></span> <span class='ocrx_word' id='word_1_4' title='bbox 816 145 865 199; x_wconf 65' lang='lat' dir='ltr'><strong>stu</strong></span> 
     </span>
    </p>
   </div>
   <div class='ocr_carea' id='block_1_2' title="bbox 10 225 865 706">
    <p class='ocr_par' dir='ltr' id='par_1_2' title="bbox 60 225 863 298">
     <span class='ocr_line' id='line_1_2' title="bbox 60 225 863 298; baseline 0.004 -18"><span class='ocrx_word' id='word_1_5' title='bbox 60 229 117 280; x_wconf 85' lang='lat' dir='ltr'><strong>unde</strong></span> <span class='ocrx_word' id='word_1_6' title='bbox 131 231 155 283; x_wconf 86' lang='lat' dir='ltr'><strong>et</strong></span> <span class='ocrx_word' id='word_1_7' title='bbox 174 225 316 293; x_wconf 75' lang='lat' dir='ltr'><strong>Augustinus</strong></span> <span class='ocrx_word' id='word_1_8' title='bbox 329 227 399 298; x_wconf 84' lang='lat' dir='ltr'><strong>dicit,</strong></span> <span class='ocrx_word' id='word_1_9' title='bbox 412 229 472 280; x_wconf 83' lang='lat' dir='ltr'><strong>xxu</strong></span> <span class='ocrx_word' id='word_1_10' title='bbox 489 231 581 280; x_wconf 76' lang='lat' dir='ltr'><strong>contro</strong></span> <span class='ocrx_word' id='word_1_11' title='bbox 593 231 717 281; x_wconf 81' lang='lat' dir='ltr'><strong>Fouetum</strong></span> <span class='ocrx_word' id='word_1_12' title='bbox 729 231 796 295; x_wconf 85' lang='lat' dir='ltr'><strong>(eap.</strong></span> <span class='ocrx_word' id='word_1_13' title='bbox 806 232 863 298; x_wconf 76' lang='lat'><strong>36),</strong></span> 
     </span>
    </p>

    <p class='ocr_par' dir='ltr' id='par_1_3' title="bbox 61 299 864 364">
     <span class='ocr_line' id='line_1_3' title="bbox 61 299 864 364; baseline 0.006 -15"><span class='ocrx_word' id='word_1_14' title='bbox 61 300 116 364; x_wconf 84' lang='lat' dir='ltr'><strong>qndd</strong></span> <span class='ocrx_word' id='word_1_15' title='bbox 131 318 147 350; x_wconf 81' lang='lat' dir='ltr'><strong>o</strong></span> <span class='ocrx_word' id='word_1_16' title='bbox 156 300 243 350; x_wconf 82' lang='lat' dir='ltr'><strong>Partus</strong></span> <span class='ocrx_word' id='word_1_17' title='bbox 256 312 305 354; x_wconf 86' lang='lat' dir='ltr'><strong>nnn</strong></span> <span class='ocrx_word' id='word_1_18' title='bbox 320 299 377 362; x_wconf 79' lang='lat' dir='ltr'><strong>tegit</strong></span> <span class='ocrx_word' id='word_1_19' title='bbox 386 299 450 364; x_wconf 88' lang='lat' dir='ltr'><strong>qnasi</strong></span> <span class='ocrx_word' id='word_1_20' title='bbox 468 314 515 352; x_wconf 90' lang='lat' dir='ltr'><strong>non</strong></span> <span class='ocrx_word' id='word_1_21' title='bbox 529 301 641 352; x_wconf 83' lang='lat' dir='ltr'><strong>eredendo</strong></span> <span class='ocrx_word' id='word_1_22' title='bbox 653 301 678 352; x_wconf 91' lang='lat' dir='ltr'><strong>in</strong></span> <span class='ocrx_word' id='word_1_23' title='bbox 692 302 772 364; x_wconf 84' lang='lat' dir='ltr'><strong>iteum,</strong></span> <span class='ocrx_word' id='word_1_24' title='bbox 782 303 822 354; x_wconf 85' lang='lat' dir='ltr'><strong>aed</strong></span> <span class='ocrx_word' id='word_1_25' title='bbox 834 317 864 354; x_wconf 91' lang='lat' dir='ltr'><strong>ne</strong></span> 
     </span>
    </p>

    <p class='ocr_par' dir='ltr' id='par_1_4' title="bbox 60 369 861 438">
     <span class='ocr_line' id='line_1_4' title="bbox 60 369 861 438; baseline 0.002 -19"><span class='ocrx_word' id='word_1_26' title='bbox 60 372 126 422; x_wconf 81' lang='lat' dir='ltr'><strong>deum</strong></span> <span class='ocrx_word' id='word_1_27' title='bbox 140 373 244 421; x_wconf 82' lang='lat' dir='ltr'><strong>tentaret</strong></span> <span class='ocrx_word' id='word_1_28' title='bbox 258 369 278 421; x_wconf 87' lang='lat' dir='ltr'><strong>si</strong></span> <span class='ocrx_word' id='word_1_29' title='bbox 292 370 370 432; x_wconf 76' lang='lat' dir='ltr'><strong>rogere</strong></span> <span class='ocrx_word' id='word_1_30' title='bbox 382 371 504 434; x_wconf 85' lang='lat' dir='ltr'><strong>noluisset,</strong></span> <span class='ocrx_word' id='word_1_31' title='bbox 517 370 567 421; x_wconf 82' lang='lat' dir='ltr'><strong>oium</strong></span> <span class='ocrx_word' id='word_1_32' title='bbox 581 371 614 422; x_wconf 87' lang='lat' dir='ltr'><strong>sie</strong></span> <span class='ocrx_word' id='word_1_33' title='bbox 624 371 702 435; x_wconf 73' lang='lat' dir='ltr'><strong>tegere</strong></span> <span class='ocrx_word' id='word_1_34' title='bbox 715 373 829 438; x_wconf 88' lang='lat' dir='ltr'><strong>potuisset</strong></span> <span class='ocrx_word' id='word_1_35' title='bbox 846 389 861 421; x_wconf 82' lang='lat' dir='ltr'><strong>o</strong></span> 
     </span>
    </p>

    <p class='ocr_par' dir='ltr' id='par_1_5' title="bbox 59 439 865 504">
     <span class='ocr_line' id='line_1_5' title="bbox 59 439 865 504; baseline 0.002 -12"><span class='ocrx_word' id='word_1_36' title='bbox 59 443 124 492; x_wconf 82' lang='lat' dir='ltr'><strong>Beata</strong></span> <span class='ocrx_word' id='word_1_37' title='bbox 141 439 199 492; x_wconf 84' lang='lat' dir='ltr'><strong>uerd</strong></span> <span class='ocrx_word' id='word_1_38' title='bbox 216 442 304 504; x_wconf 77' lang='lat' dir='ltr'><strong>Agatho</strong></span> <span class='ocrx_word' id='word_1_39' title='bbox 324 446 417 504; x_wconf 81' lang='lat' dir='ltr'><strong>experta</strong></span> <span class='ocrx_word' id='word_1_40' title='bbox 430 445 478 492; x_wconf 87' lang='lat' dir='ltr'><strong>erat</strong></span> <span class='ocrx_word' id='word_1_41' title='bbox 496 453 550 504; x_wconf 78' lang='lat' dir='ltr'><strong>erga</strong></span> <span class='ocrx_word' id='word_1_42' title='bbox 562 454 588 492; x_wconf 82' lang='lat' dir='ltr'><strong>ae</strong></span> <span class='ocrx_word' id='word_1_43' title='bbox 600 441 702 493; x_wconf 83' lang='lat' dir='ltr'><strong>diuinam</strong></span> <span class='ocrx_word' id='word_1_44' title='bbox 721 443 865 494; x_wconf 83' lang='lat' dir='ltr'><strong>beneuolen-</strong></span> 
     </span>
    </p>

    <p class='ocr_par' dir='ltr' id='par_1_6' title="bbox 10 509 864 578">
     <span class='ocr_line' id='line_1_6' title="bbox 10 509 864 578; baseline 0.004 -17"><span class='ocrx_word' id='word_1_45' title='bbox 10 519 11 532; x_wconf 64' lang='lat'>¹</span> <span class='ocrx_word' id='word_1_46' title='bbox 60 512 127 573; x_wconf 88' lang='lat' dir='ltr'><strong>tiam,</strong></span> <span class='ocrx_word' id='word_1_47' title='bbox 142 515 169 562; x_wconf 87' lang='lat' dir='ltr'><strong>ut</strong></span> <span class='ocrx_word' id='word_1_48' title='bbox 183 511 221 560; x_wconf 86' lang='lat' dir='ltr'><strong>uel</strong></span> <span class='ocrx_word' id='word_1_49' title='bbox 238 509 383 568; x_wconf 78' lang='lat' dir='ltr'><strong>infirmitates</strong></span> <span class='ocrx_word' id='word_1_50' title='bbox 402 524 448 562; x_wconf 90' lang='lat' dir='ltr'><strong>nou</strong></span> <span class='ocrx_word' id='word_1_51' title='bbox 467 516 582 576; x_wconf 84' lang='lat' dir='ltr'><strong>pateretur</strong></span> <span class='ocrx_word' id='word_1_52' title='bbox 599 527 639 576; x_wconf 90' lang='lat' dir='ltr'><strong>pro</strong></span> <span class='ocrx_word' id='word_1_53' title='bbox 655 513 738 576; x_wconf 83' lang='lat' dir='ltr'><strong>quihus</strong></span> <span class='ocrx_word' id='word_1_54' title='bbox 752 515 864 578; x_wconf 82' lang='lat' dir='ltr'><strong>corporali</strong></span> 
     </span>
    </p>

    <p class='ocr_par' dir='ltr' id='par_1_7' title="bbox 58 579 865 706">
     <span class='ocr_line' id='line_1_7' title="bbox 58 579 865 650; baseline 0.007 -18"><span class='ocrx_word' id='word_1_55' title='bbox 58 579 170 636; x_wconf 83' lang='lat' dir='ltr'><strong>medicint</strong></span> <span class='ocrx_word' id='word_1_56' title='bbox 197 581 325 650; x_wconf 79' lang='lat' dir='ltr'>indigeret,</span> <span class='ocrx_word' id='word_1_57' title='bbox 353 584 389 635; x_wconf 86' lang='lat' dir='ltr'><strong>uel</strong></span> <span class='ocrx_word' id='word_1_58' title='bbox 413 583 490 636; x_wconf 86' lang='lat' dir='ltr'><strong>atatim</strong></span> <span class='ocrx_word' id='word_1_59' title='bbox 515 583 610 636; x_wconf 73' lang='lat' dir='ltr'><strong>sentiret</strong></span> <span class='ocrx_word' id='word_1_60' title='bbox 635 585 716 637; x_wconf 82' lang='lat' dir='ltr'><strong>diuinae</strong></span> <span class='ocrx_word' id='word_1_61' title='bbox 740 585 865 638; x_wconf 72' lang='lat' dir='ltr'><strong>sanationis</strong></span> 
     </span>
     <span class='ocr_line' id='line_1_8' title="bbox 59 653 173 706; baseline 0 0"><span class='ocrx_word' id='word_1_62' title='bbox 59 653 173 706; x_wconf 77' lang='lat' dir='ltr'><strong>edentum.</strong></span> 
     </span>
    </p>
   </div>
   <div class='ocr_carea' id='block_1_3' title="bbox 236 761 693 943">
    <p class='ocr_par' dir='ltr' id='par_1_8' title="bbox 236 761 693 943">
     <span class='ocr_line' id='line_1_9' title="bbox 359 761 565 819; baseline 0.024 -7"><span class='ocrx_word' id='word_1_63' title='bbox 359 761 518 814; x_wconf 66' lang='lat' dir='ltr'><strong>muudum</strong></span> <span class='ocrx_word' id='word_1_64' title='bbox 533 762 565 819; x_wconf 83' lang='grc' dir='ltr'><strong>ΙΙ.</strong></span> 
     </span>
     <span class='ocr_line' id='line_1_10' title="bbox 236 884 693 943; baseline 0 -13"><span class='ocrx_word' id='word_1_65' title='bbox 236 884 324 930; x_wconf 76' lang='lat' dir='ltr'><strong>Utrum</strong></span> <span class='ocrx_word' id='word_1_66' title='bbox 334 885 426 930; x_wconf 81' lang='lat' dir='ltr'><strong>tentare</strong></span> <span class='ocrx_word' id='word_1_67' title='bbox 435 884 514 932; x_wconf 81' lang='lat' dir='ltr'><strong>Deum</strong></span> <span class='ocrx_word' id='word_1_68' title='bbox 521 885 556 930; x_wconf 78' lang='lat' dir='ltr'><strong>ait</strong></span> <span class='ocrx_word' id='word_1_69' title='bbox 564 888 693 943; x_wconf 67' lang='lat' dir='ltr'><strong>menatem.</strong></span> 
     </span>
    </p>
   </div>
   <div class='ocr_carea' id='block_1_4' title="bbox 876 837 884 864">
    <p class='ocr_par' dir='ltr' id='par_1_9' title="bbox 876 837 884 864">
     <span class='ocr_line' id='line_1_11' title="bbox 876 837 884 864; baseline 0 0"><span class='ocrx_word' id='word_1_70' title='bbox 876 837 884 864; x_wconf 73' lang='lat' dir='ltr'><strong>i</strong></span> 
     </span>
    </p>
   </div>
   <div class='ocr_carea' id='block_1_5' title="bbox 10 1001 869 2789">
    <p class='ocr_par' dir='ltr' id='par_1_10' title="bbox 10 1001 866 1504">
     <span class='ocr_line' id='line_1_12' title="bbox 10 1001 865 1076; baseline 0 -12"><span class='ocrx_word' id='word_1_71' title='bbox 10 1031 11 1074; x_wconf 54' lang='grc' dir='ltr'><strong>ς</strong></span> <span class='ocrx_word' id='word_1_72' title='bbox 88 1013 122 1064; x_wconf 75' lang='grc' dir='ltr'><strong>ιιι</strong></span> <span class='ocrx_word' id='word_1_73' title='bbox 138 1009 269 1062; x_wconf 83' lang='lat' dir='ltr'><strong>secundum</strong></span> <span class='ocrx_word' id='word_1_74' title='bbox 282 1001 316 1064; x_wconf 79' lang='lat' dir='ltr'><strong>do&#39;</strong></span> <span class='ocrx_word' id='word_1_75' title='bbox 328 1009 456 1074; x_wconf 82' lang='lat' dir='ltr'><strong>proceditur</strong></span> <span class='ocrx_word' id='word_1_76' title='bbox 463 1009 510 1076; x_wconf 83' lang='grc' dir='ltr'><strong>(ι).</strong></span> <span class='ocrx_word' id='word_1_77' title='bbox 518 1011 611 1064; x_wconf 75' lang='lat' dir='ltr'><strong>Videtur</strong></span> <span class='ocrx_word' id='word_1_78' title='bbox 623 1011 681 1076; x_wconf 82' lang='lat' dir='ltr'><strong>qnod</strong></span> <span class='ocrx_word' id='word_1_79' title='bbox 692 1014 779 1064; x_wconf 88' lang='lat' dir='ltr'><strong>tentare</strong></span> <span class='ocrx_word' id='word_1_80' title='bbox 791 1013 865 1064; x_wconf 82' lang='lat' dir='ltr'><strong>Deum</strong></span> 
     </span>
     <span class='ocr_line' id='line_1_13' title="bbox 10 1081 863 1152; baseline 0 -16"><span class='ocrx_word' id='word_1_81' title='bbox 10 1085 11 1114; x_wconf 71' lang='lat'><em>³</em></span> <span class='ocrx_word' id='word_1_82' title='bbox 58 1098 102 1136; x_wconf 89' lang='lat' dir='ltr'><strong>nou</strong></span> <span class='ocrx_word' id='word_1_83' title='bbox 120 1085 153 1136; x_wconf 84' lang='lat' dir='ltr'><strong>sit</strong></span> <span class='ocrx_word' id='word_1_84' title='bbox 167 1087 298 1147; x_wconf 81' lang='lat' dir='ltr'><strong>percarum.</strong></span> <span class='ocrx_word' id='word_1_85' title='bbox 309 1083 370 1152; x_wconf 80' lang='lat' dir='ltr'><strong>dena</strong></span> <span class='ocrx_word' id='word_1_86' title='bbox 380 1081 441 1140; x_wconf 85' lang='lat' dir='ltr'><strong>eni-m</strong></span> <span class='ocrx_word' id='word_1_87' title='bbox 456 1096 500 1134; x_wconf 88' lang='lat' dir='ltr'><strong>uon</strong></span> <span class='ocrx_word' id='word_1_88' title='bbox 510 1084 618 1149; x_wconf 77' lang='lat' dir='ltr'><strong>praeopta</strong></span> <span class='ocrx_word' id='word_1_89' title='bbox 631 1085 721 1151; x_wconf 76' lang='lat' dir='ltr'><strong>aliquod</strong></span> <span class='ocrx_word' id='word_1_90' title='bbox 736 1087 863 1149; x_wconf 81' lang='lat' dir='ltr'><strong>peecatum.</strong></span> 
     </span>
     <span class='ocr_line' id='line_1_14' title="bbox 57 1152 862 1220; baseline -0.001 -14"><span class='ocrx_word' id='word_1_91' title='bbox 57 1155 169 1220; x_wconf 79' lang='lat' dir='ltr'><strong>Praecepit</strong></span> <span class='ocrx_word' id='word_1_92' title='bbox 178 1157 255 1218; x_wconf 82' lang='lat' dir='ltr'><strong>autem</strong></span> <span class='ocrx_word' id='word_1_93' title='bbox 267 1157 291 1202; x_wconf 91' lang='lat' dir='ltr'><strong>nt</strong></span> <span class='ocrx_word' id='word_1_94' title='bbox 300 1152 405 1204; x_wconf 84' lang='lat' dir='ltr'><strong>homiues</strong></span> <span class='ocrx_word' id='word_1_95' title='bbox 413 1167 463 1204; x_wconf 87' lang='lat' dir='ltr'><strong>eum</strong></span> <span class='ocrx_word' id='word_1_96' title='bbox 473 1154 642 1219; x_wconf 67' lang='lat' dir='ltr'><strong>proderetquod</strong></span> <span class='ocrx_word' id='word_1_97' title='bbox 650 1160 743 1207; x_wconf 83' lang='lat' dir='ltr'><strong>osteum</strong></span> <span class='ocrx_word' id='word_1_98' title='bbox 753 1156 862 1220; x_wconf 85' lang='lat' dir='ltr'><strong>tentare);</strong></span> 
     </span>
     <span class='ocr_line' id='line_1_15' title="bbox 57 1221 866 1284; baseline -0.002 -6"><span class='ocrx_word' id='word_1_99' title='bbox 57 1221 216 1278; x_wconf 82' lang='lat' dir='ltr'><strong>diciturenim</strong></span> <span class='ocrx_word' id='word_1_100' title='bbox 230 1221 354 1284; x_wconf 67' lang='lat' dir='ltr'><strong>Mataei„</strong></span> <span class='ocrx_word' id='word_1_101' title='bbox 365 1225 393 1274; x_wconf 81' lang='lat' dir='ltr'><strong>ua</strong></span> <span class='ocrx_word' id='word_1_102' title='bbox 408 1240 414 1274; x_wconf 76' lang='grc' dir='ltr'><strong>ι</strong></span> <span class='ocrx_word' id='word_1_103' title='bbox 430 1243 444 1272; x_wconf 93' lang='lat'>«</span> <span class='ocrx_word' id='word_1_104' title='bbox 456 1225 542 1276; x_wconf 87' lang='lat' dir='ltr'><strong>luterte</strong></span> <span class='ocrx_word' id='word_1_105' title='bbox 556 1238 646 1276; x_wconf 89' lang='lat' dir='ltr'><strong>omnem</strong></span> <span class='ocrx_word' id='word_1_106' title='bbox 661 1226 771 1277; x_wconf 89' lang='lat' dir='ltr'><strong>decimam</strong></span> <span class='ocrx_word' id='word_1_107' title='bbox 779 1225 802 1276; x_wconf 89' lang='lat' dir='ltr'><strong>in</strong></span> <span class='ocrx_word' id='word_1_108' title='bbox 812 1227 866 1276; x_wconf 87' lang='lat' dir='ltr'><strong>hor·</strong></span> 
     </span>
     <span class='ocr_line' id='line_1_16' title="bbox 57 1295 866 1365; baseline -0.001 -16"><span class='ocrx_word' id='word_1_109' title='bbox 57 1313 120 1349; x_wconf 86' lang='lat' dir='ltr'><strong>reum</strong></span> <span class='ocrx_word' id='word_1_110' title='bbox 137 1309 232 1357; x_wconf 80' lang='lat' dir='ltr'><strong>meum,</strong></span> <span class='ocrx_word' id='word_1_111' title='bbox 251 1299 278 1346; x_wconf 91' lang='lat' dir='ltr'><strong>nt</strong></span> <span class='ocrx_word' id='word_1_112' title='bbox 295 1295 324 1348; x_wconf 90' lang='lat' dir='ltr'><strong>sit</strong></span> <span class='ocrx_word' id='word_1_113' title='bbox 337 1295 401 1348; x_wconf 78' lang='lat' dir='ltr'><strong>oum</strong></span> <span class='ocrx_word' id='word_1_114' title='bbox 414 1295 438 1346; x_wconf 87' lang='lat' dir='ltr'><strong>in</strong></span> <span class='ocrx_word' id='word_1_115' title='bbox 451 1297 518 1346; x_wconf 88' lang='lat' dir='ltr'><strong>domo</strong></span> <span class='ocrx_word' id='word_1_116' title='bbox 529 1310 596 1360; x_wconf 78' lang='lat' dir='ltr'><strong>mea3</strong></span> <span class='ocrx_word' id='word_1_117' title='bbox 607 1300 631 1348; x_wconf 89' lang='lat' dir='ltr'><strong>et</strong></span> <span class='ocrx_word' id='word_1_118' title='bbox 643 1295 735 1365; x_wconf 82' lang='lat' dir='ltr'><strong>probate</strong></span> <span class='ocrx_word' id='word_1_119' title='bbox 748 1311 785 1348; x_wconf 91' lang='lat' dir='ltr'><strong>me</strong></span> <span class='ocrx_word' id='word_1_120' title='bbox 797 1310 866 1363; x_wconf 82' lang='lat' dir='ltr'><strong>super</strong></span> 
     </span>
     <span class='ocr_line' id='line_1_17' title="bbox 57 1365 864 1434; baseline -0.002 -14"><span class='ocrx_word' id='word_1_121' title='bbox 57 1372 113 1434; x_wconf 85' lang='lat' dir='ltr'><strong>hoo,</strong></span> <span class='ocrx_word' id='word_1_122' title='bbox 130 1368 187 1419; x_wconf 83' lang='lat' dir='ltr'><strong>dictu</strong></span> <span class='ocrx_word' id='word_1_123' title='bbox 201 1365 321 1428; x_wconf 78' lang='lat' dir='ltr'><strong>Domiprus,</strong></span> <span class='ocrx_word' id='word_1_124' title='bbox 337 1366 415 1416; x_wconf 87' lang='lat' dir='ltr'><strong>sinon</strong></span> <span class='ocrx_word' id='word_1_125' title='bbox 434 1379 542 1430; x_wconf 81' lang='lat' dir='ltr'><strong>aperuero</strong></span> <span class='ocrx_word' id='word_1_126' title='bbox 562 1367 627 1418; x_wconf 87' lang='lat' dir='ltr'><strong>uobis</strong></span> <span class='ocrx_word' id='word_1_127' title='bbox 640 1372 764 1418; x_wconf 76' lang='lat' dir='ltr'><strong>cataractas</strong></span> <span class='ocrx_word' id='word_1_128' title='bbox 779 1367 864 1422; x_wconf 75' lang='lat' dir='ltr'><strong>cmii.»</strong></span> 
     </span>
     <span class='ocr_line' id='line_1_18' title="bbox 59 1437 719 1504; baseline -0.003 -14"><span class='ocrx_word' id='word_1_129' title='bbox 59 1443 117 1504; x_wconf 78' lang='lat' dir='ltr'><strong>Ergo</strong></span> <span class='ocrx_word' id='word_1_130' title='bbox 129 1437 295 1504; x_wconf 84' lang='lat' dir='ltr'><strong>videturqudd</strong></span> <span class='ocrx_word' id='word_1_131' title='bbox 309 1440 397 1488; x_wconf 86' lang='lat' dir='ltr'><strong>tentare</strong></span> <span class='ocrx_word' id='word_1_132' title='bbox 411 1439 480 1490; x_wconf 83' lang='lat' dir='ltr'><strong>iteum</strong></span> <span class='ocrx_word' id='word_1_133' title='bbox 494 1438 581 1490; x_wconf 86' lang='lat' dir='ltr'><strong>nonsit</strong></span> <span class='ocrx_word' id='word_1_134' title='bbox 593 1444 719 1503; x_wconf 85' lang='lat' dir='ltr'><strong>peceatum.</strong></span> 
     </span>
    </p>

    <p class='ocr_par' dir='ltr' id='par_1_11' title="bbox 53 1509 868 2076">
     <span class='ocr_line' id='line_1_19' title="bbox 93 1509 867 1576; baseline 0.005 -16"><span class='ocrx_word' id='word_1_135' title='bbox 93 1517 116 1562; x_wconf 71' lang='lat' dir='ltr'><strong>u.</strong></span> <span class='ocrx_word' id='word_1_136' title='bbox 128 1509 262 1573; x_wconf 76' lang='lat' dir='ltr'><strong>Praet&#39;erea,</strong></span> <span class='ocrx_word' id='word_1_137' title='bbox 278 1510 336 1562; x_wconf 86' lang='lat' dir='ltr'><strong>siout</strong></span> <span class='ocrx_word' id='word_1_138' title='bbox 347 1509 429 1575; x_wconf 82' lang='lat' dir='ltr'><strong>aliquis</strong></span> <span class='ocrx_word' id='word_1_139' title='bbox 444 1514 545 1563; x_wconf 88' lang='lat' dir='ltr'><strong>tentatur</strong></span> <span class='ocrx_word' id='word_1_140' title='bbox 556 1511 584 1559; x_wconf 88' lang='lat' dir='ltr'><strong>ad</strong></span> <span class='ocrx_word' id='word_1_141' title='bbox 596 1511 640 1561; x_wconf 89' lang='lat' dir='ltr'><strong>hoe</strong></span> <span class='ocrx_word' id='word_1_142' title='bbox 654 1510 713 1574; x_wconf 86' lang='lat' dir='ltr'><strong>quod</strong></span> <span class='ocrx_word' id='word_1_143' title='bbox 724 1511 867 1576; x_wconf 82' lang='lat' dir='ltr'><strong>experientia</strong></span> 
     </span>
     <span class='ocr_line' id='line_1_20' title="bbox 63 1580 865 1644; baseline 0 -12"><span class='ocrx_word' id='word_1_144' title='bbox 63 1589 162 1634; x_wconf 82' lang='lat' dir='ltr'><strong>sumatur</strong></span> <span class='ocrx_word' id='word_1_145' title='bbox 178 1580 315 1634; x_wconf 78' lang='lat' dir='ltr'><strong>descientia</strong></span> <span class='ocrx_word' id='word_1_146' title='bbox 330 1581 367 1630; x_wconf 84' lang='lat' dir='ltr'><strong>vel</strong></span> <span class='ocrx_word' id='word_1_147' title='bbox 382 1580 484 1644; x_wconf 84' lang='lat' dir='ltr'><strong>potentia</strong></span> <span class='ocrx_word' id='word_1_148' title='bbox 493 1580 553 1644; x_wconf 77' lang='lat' dir='ltr'><strong>ejus,</strong></span> <span class='ocrx_word' id='word_1_149' title='bbox 566 1580 596 1631; x_wconf 88' lang='lat' dir='ltr'><strong>ita</strong></span> <span class='ocrx_word' id='word_1_150' title='bbox 608 1580 677 1632; x_wconf 88' lang='lat' dir='ltr'><strong>etiam</strong></span> <span class='ocrx_word' id='word_1_151' title='bbox 686 1587 709 1632; x_wconf 88' lang='lat' dir='ltr'><strong>et</strong></span> <span class='ocrx_word' id='word_1_152' title='bbox 721 1583 749 1632; x_wconf 88' lang='lat' dir='ltr'><strong>de</strong></span> <span class='ocrx_word' id='word_1_153' title='bbox 763 1582 865 1633; x_wconf 83' lang='lat' dir='ltr'><strong>bonitate</strong></span> 
     </span>
     <span class='ocr_line' id='line_1_21' title="bbox 58 1649 866 1716; baseline 0 -12"><span class='ocrx_word' id='word_1_154' title='bbox 58 1655 95 1706; x_wconf 81' lang='lat' dir='ltr'><strong>vet</strong></span> <span class='ocrx_word' id='word_1_155' title='bbox 107 1651 316 1716; x_wconf 69' lang='lat' dir='ltr'><strong>uoluntateipsiuu,</strong></span> <span class='ocrx_word' id='word_1_156' title='bbox 325 1649 371 1702; x_wconf 84' lang='lat' dir='ltr'><strong>Sed</strong></span> <span class='ocrx_word' id='word_1_157' title='bbox 381 1650 468 1701; x_wconf 84' lang='lat' dir='ltr'><strong>linitum</strong></span> <span class='ocrx_word' id='word_1_158' title='bbox 479 1650 582 1714; x_wconf 77' lang='lat' dir='ltr'><strong>estquod</strong></span> <span class='ocrx_word' id='word_1_159' title='bbox 593 1652 676 1715; x_wconf 85' lang='lat' dir='ltr'><strong>aliquis</strong></span> <span class='ocrx_word' id='word_1_160' title='bbox 684 1653 866 1716; x_wconf 80' lang='lat' dir='ltr'><strong>experimentum</strong></span> 
     </span>
     <span class='ocr_line' id='line_1_22' title="bbox 57 1721 868 1787; baseline 0.002 -15"><span class='ocrx_word' id='word_1_161' title='bbox 57 1731 133 1778; x_wconf 71' lang='lat' dir='ltr'><strong>sumai</strong></span> <span class='ocrx_word' id='word_1_162' title='bbox 144 1725 232 1778; x_wconf 73' lang='lat' dir='ltr'><strong>divium</strong></span> <span class='ocrx_word' id='word_1_163' title='bbox 250 1723 356 1774; x_wconf 73' lang='lat' dir='ltr'><strong>odoinus</strong></span> <span class='ocrx_word' id='word_1_164' title='bbox 369 1721 418 1774; x_wconf 83' lang='lat' dir='ltr'><strong>sive</strong></span> <span class='ocrx_word' id='word_1_165' title='bbox 435 1723 504 1774; x_wconf 85' lang='lat' dir='ltr'><strong>etiarn</strong></span> <span class='ocrx_word' id='word_1_166' title='bbox 518 1722 657 1787; x_wconf 60' lang='lat' dir='ltr'><strong>redundatio,</strong></span> <span class='ocrx_word' id='word_1_167' title='bbox 673 1723 755 1775; x_wconf 75' lang='lat' dir='ltr'><strong>dieitur</strong></span> <span class='ocrx_word' id='word_1_168' title='bbox 766 1723 827 1774; x_wconf 83' lang='lat' dir='ltr'><strong>enirn</strong></span> <span class='ocrx_word' id='word_1_169' title='bbox 842 1725 868 1774; x_wconf 88' lang='lat' dir='ltr'><strong>in</strong></span> 
     </span>
     <span class='ocr_line' id='line_1_23' title="bbox 56 1788 866 1861; baseline -0.005 -11"><span class='ocrx_word' id='word_1_170' title='bbox 56 1799 154 1850; x_wconf 79' lang='lat' dir='ltr'><strong>Ponlm.</strong></span> <span class='ocrx_word' id='word_1_171' title='bbox 175 1795 271 1848; x_wconf 79' lang='lat' dir='ltr'><strong>xxxlu</strong></span> <span class='ocrx_word' id='word_1_172' title='bbox 286 1811 291 1844; x_wconf 77' lang='grc' dir='ltr'><strong>ι</strong></span> <span class='ocrx_word' id='word_1_173' title='bbox 304 1812 318 1844; x_wconf 84' lang='lat' dir='ltr'><strong>o</strong></span> <span class='ocrx_word' id='word_1_174' title='bbox 328 1788 427 1846; x_wconf 84' lang='lat' dir='ltr'><strong>Gustate&#39;</strong></span> <span class='ocrx_word' id='word_1_175' title='bbox 437 1797 461 1844; x_wconf 87' lang='lat' dir='ltr'><strong>et</strong></span> <span class='ocrx_word' id='word_1_176' title='bbox 475 1793 551 1844; x_wconf 88' lang='lat' dir='ltr'><strong>uidete</strong></span> <span class='ocrx_word' id='word_1_177' title='bbox 562 1795 759 1861; x_wconf 23' lang='lat' dir='ltr'><strong>qnoniamlouavis</strong></span> <span class='ocrx_word' id='word_1_178' title='bbox 773 1800 809 1847; x_wconf 78' lang='lat' dir='ltr'><strong>et</strong></span> <span class='ocrx_word' id='word_1_179' title='bbox 822 1795 866 1846; x_wconf 83' lang='lat' dir='ltr'><strong>Do·</strong></span> 
     </span>
     <span class='ocr_line' id='line_1_24' title="bbox 53 1865 867 1932; baseline -0.005 -10"><span class='ocrx_word' id='word_1_180' title='bbox 53 1873 147 1928; x_wconf 65' lang='lat' dir='ltr'><strong>minum</strong></span> <span class='ocrx_word' id='word_1_181' title='bbox 161 1885 178 1916; x_wconf 80' lang='lat' dir='ltr'><strong>n</strong></span> <span class='ocrx_word' id='word_1_182' title='bbox 193 1871 218 1918; x_wconf 90' lang='lat' dir='ltr'><strong>et</strong></span> <span class='ocrx_word' id='word_1_183' title='bbox 231 1867 267 1916; x_wconf 84' lang='lat' dir='ltr'><strong>nd</strong></span> <span class='ocrx_word' id='word_1_184' title='bbox 282 1869 361 1922; x_wconf 74' lang='lat' dir='ltr'><strong>Rom„</strong></span> <span class='ocrx_word' id='word_1_185' title='bbox 378 1865 418 1917; x_wconf 77' lang='grc' dir='ltr'><strong>ΧΗ</strong></span> <span class='ocrx_word' id='word_1_186' title='bbox 433 1881 439 1914; x_wconf 90' lang='lat'>:</span> <span class='ocrx_word' id='word_1_187' title='bbox 456 1881 469 1914; x_wconf 90' lang='lat' dir='ltr'><strong>o</strong></span> <span class='ocrx_word' id='word_1_188' title='bbox 485 1866 514 1915; x_wconf 87' lang='lat' dir='ltr'><strong>Ut</strong></span> <span class='ocrx_word' id='word_1_189' title='bbox 527 1865 629 1928; x_wconf 81' lang='lat' dir='ltr'><strong>probetis</strong></span> <span class='ocrx_word' id='word_1_190' title='bbox 646 1880 696 1932; x_wconf 78' lang='lat' dir='ltr'><strong>qum</strong></span> <span class='ocrx_word' id='word_1_191' title='bbox 709 1867 740 1917; x_wconf 84' lang='lat' dir='ltr'><strong>sit</strong></span> <span class='ocrx_word' id='word_1_192' title='bbox 762 1865 867 1918; x_wconf 84' lang='lat' dir='ltr'><strong>volontas</strong></span> 
     </span>
     <span class='ocr_line' id='line_1_25' title="bbox 53 1935 864 2003; baseline -0.007 -9"><span class='ocrx_word' id='word_1_193' title='bbox 53 1945 93 1994; x_wconf 79' lang='lat' dir='ltr'><strong>liei</strong></span> <span class='ocrx_word' id='word_1_194' title='bbox 109 1943 191 2002; x_wconf 82' lang='lat' dir='ltr'><strong>bona,</strong></span> <span class='ocrx_word' id='word_1_195' title='bbox 206 1941 231 1988; x_wconf 88' lang='lat' dir='ltr'><strong>et</strong></span> <span class='ocrx_word' id='word_1_196' title='bbox 246 1937 413 2002; x_wconf 85' lang='lat' dir='ltr'><strong>beneplacens,</strong></span> <span class='ocrx_word' id='word_1_197' title='bbox 426 1938 449 1986; x_wconf 86' lang='lat' dir='ltr'><strong>et</strong></span> <span class='ocrx_word' id='word_1_198' title='bbox 461 1935 571 2000; x_wconf 83' lang='lat' dir='ltr'><strong>pertenta.</strong></span> <span class='ocrx_word' id='word_1_199' title='bbox 591 1953 605 1984; x_wconf 83' lang='lat' dir='ltr'><strong>n</strong></span> <span class='ocrx_word' id='word_1_200' title='bbox 620 1938 679 2003; x_wconf 80' lang='lat' dir='ltr'><strong>Ergo</strong></span> <span class='ocrx_word' id='word_1_201' title='bbox 691 1941 778 1995; x_wconf 86' lang='lat' dir='ltr'><strong>tentare</strong></span> <span class='ocrx_word' id='word_1_202' title='bbox 793 1939 864 1990; x_wconf 84' lang='lat' dir='ltr'><strong>ttenm</strong></span> 
     </span>
     <span class='ocr_line' id='line_1_26' title="bbox 53 2005 317 2076; baseline -0.023 -10"><span class='ocrx_word' id='word_1_203' title='bbox 53 2018 152 2066; x_wconf 83' lang='lat' dir='ltr'><strong>nonest</strong></span> <span class='ocrx_word' id='word_1_204' title='bbox 170 2005 317 2076; x_wconf 78' lang='lat' dir='ltr'><strong>peecatum</strong></span> 
     </span>
    </p>

    <p class='ocr_par' dir='ltr' id='par_1_12' title="bbox 51 2079 869 2789">
     <span class='ocr_line' id='line_1_27' title="bbox 85 2079 867 2144; baseline -0.005 -8"><span class='ocrx_word' id='word_1_205' title='bbox 85 2091 112 2136; x_wconf 79' lang='grc'><strong>3.</strong></span> <span class='ocrx_word' id='word_1_206' title='bbox 127 2085 264 2142; x_wconf 81' lang='lat' dir='ltr'><strong>Praeterea‚</strong></span> <span class='ocrx_word' id='word_1_207' title='bbox 279 2079 354 2130; x_wconf 82' lang='lat' dir='ltr'><strong>uultus</strong></span> <span class='ocrx_word' id='word_1_208' title='bbox 367 2079 509 2144; x_wconf 79' lang='lat' dir='ltr'><strong>vituperatur</strong></span> <span class='ocrx_word' id='word_1_209' title='bbox 524 2079 548 2129; x_wconf 86' lang='lat' dir='ltr'><strong>in</strong></span> <span class='ocrx_word' id='word_1_210' title='bbox 561 2080 677 2144; x_wconf 63' lang='lat' dir='ltr'><strong>Scriptura</strong></span> <span class='ocrx_word' id='word_1_211' title='bbox 691 2095 720 2132; x_wconf 83' lang='lat' dir='ltr'><strong>ex</strong></span> <span class='ocrx_word' id='word_1_212' title='bbox 735 2095 763 2132; x_wconf 90' lang='lat' dir='ltr'><strong>eo</strong></span> <span class='ocrx_word' id='word_1_213' title='bbox 779 2079 867 2144; x_wconf 80' lang='lat' dir='ltr'><strong>quddd</strong></span> 
     </span>
     <span class='ocr_line' id='line_1_28' title="bbox 51 2151 867 2222; baseline -0.011 -13"><span class='ocrx_word' id='word_1_214' title='bbox 51 2161 151 2222; x_wconf 85' lang='lat' dir='ltr'><strong>peooato</strong></span> <span class='ocrx_word' id='word_1_215' title='bbox 163 2157 256 2214; x_wconf 81' lang='lat' dir='ltr'><strong>cessat,</strong></span> <span class='ocrx_word' id='word_1_216' title='bbox 269 2151 309 2207; x_wconf 79' lang='lat' dir='ltr'><strong>sed</strong></span> <span class='ocrx_word' id='word_1_217' title='bbox 324 2152 397 2216; x_wconf 80' lang='lat' dir='ltr'><strong>magis</strong></span> <span class='ocrx_word' id='word_1_218' title='bbox 407 2151 427 2202; x_wconf 87' lang='lat' dir='ltr'><strong>si</strong></span> <span class='ocrx_word' id='word_1_219' title='bbox 439 2156 560 2216; x_wconf 86' lang='lat' dir='ltr'><strong>peecatum</strong></span> <span class='ocrx_word' id='word_1_220' title='bbox 573 2151 708 2209; x_wconf 80' lang='lat' dir='ltr'><strong>committat.</strong></span> <span class='ocrx_word' id='word_1_221' title='bbox 720 2152 867 2215; x_wconf 80' lang='lat' dir='ltr'><strong>vituperatur</strong></span> 
     </span>
     <span class='ocr_line' id='line_1_29' title="bbox 52 2220 866 2287; baseline -0.007 -8"><span class='ocrx_word' id='word_1_222' title='bbox 52 2233 131 2280; x_wconf 88' lang='lat' dir='ltr'><strong>autem</strong></span> <span class='ocrx_word' id='word_1_223' title='bbox 147 2226 241 2284; x_wconf 72' lang='lat' dir='ltr'><strong>donau,</strong></span> <span class='ocrx_word' id='word_1_224' title='bbox 259 2222 300 2287; x_wconf 90' lang='lat' dir='ltr'><strong>qui</strong></span> <span class='ocrx_word' id='word_1_225' title='bbox 311 2223 406 2272; x_wconf 78' lang='lat' dir='ltr'><strong>Domino</strong></span> <span class='ocrx_word' id='word_1_226' title='bbox 417 2223 502 2274; x_wconf 85' lang='lat' dir='ltr'><strong>dicenti</strong></span> <span class='ocrx_word' id='word_1_227' title='bbox 518 2238 525 2273; x_wconf 73' lang='grc' dir='ltr'><strong>ι</strong></span> <span class='ocrx_word' id='word_1_228' title='bbox 541 2241 555 2272; x_wconf 92' lang='lat'>«</span> <span class='ocrx_word' id='word_1_229' title='bbox 565 2225 621 2274; x_wconf 85' lang='lat' dir='ltr'><strong>Pete</strong></span> <span class='ocrx_word' id='word_1_230' title='bbox 633 2221 674 2274; x_wconf 81' lang='lat' dir='ltr'><strong>tini</strong></span> <span class='ocrx_word' id='word_1_231' title='bbox 689 2223 779 2286; x_wconf 84' lang='lat' dir='ltr'><strong>signum</strong></span> <span class='ocrx_word' id='word_1_232' title='bbox 793 2221 806 2272; x_wconf 89' lang='lat' dir='ltr'><strong>&#39;a</strong></span> <span class='ocrx_word' id='word_1_233' title='bbox 822 2220 866 2273; x_wconf 81' lang='lat' dir='ltr'><strong>Ito-</strong></span> 
     </span>
     <span class='ocr_line' id='line_1_30' title="bbox 52 2295 868 2359; baseline -0.004 -9"><span class='ocrx_word' id='word_1_234' title='bbox 52 2302 118 2352; x_wconf 89' lang='lat' dir='ltr'><strong>mino</strong></span> <span class='ocrx_word' id='word_1_235' title='bbox 133 2299 184 2348; x_wconf 84' lang='lat' dir='ltr'><strong>Deo</strong></span> <span class='ocrx_word' id='word_1_236' title='bbox 200 2300 286 2357; x_wconf 45' lang='lat' dir='ltr'><strong>tuoqn</strong></span> <span class='ocrx_word' id='word_1_237' title='bbox 307 2295 422 2359; x_wconf 85' lang='lat' dir='ltr'><strong>respoudit</strong></span> <span class='ocrx_word' id='word_1_238' title='bbox 442 2310 447 2345; x_wconf 93' lang='lat'>:</span> <span class='ocrx_word' id='word_1_239' title='bbox 465 2313 478 2344; x_wconf 82' lang='lat' dir='ltr'><strong>a</strong></span> <span class='ocrx_word' id='word_1_240' title='bbox 493 2297 542 2346; x_wconf 87' lang='lat' dir='ltr'><strong>Non</strong></span> <span class='ocrx_word' id='word_1_241' title='bbox 562 2299 654 2358; x_wconf 86' lang='lat' dir='ltr'><strong>petam,</strong></span> <span class='ocrx_word' id='word_1_242' title='bbox 669 2299 692 2345; x_wconf 89' lang='lat' dir='ltr'><strong>et</strong></span> <span class='ocrx_word' id='word_1_243' title='bbox 710 2307 755 2345; x_wconf 90' lang='lat' dir='ltr'><strong>uon</strong></span> <span class='ocrx_word' id='word_1_244' title='bbox 773 2295 868 2347; x_wconf 85' lang='lat' dir='ltr'><strong>tentabo</strong></span> 
     </span>
     <span class='ocr_line' id='line_1_31' title="bbox 52 2362 869 2430; baseline -0.005 -8"><span class='ocrx_word' id='word_1_245' title='bbox 52 2371 181 2424; x_wconf 81' lang='lat' dir='ltr'><strong>dominnm</strong></span> <span class='ocrx_word' id='word_1_246' title='bbox 192 2384 199 2430; x_wconf 81' lang='lat'>3</span> <span class='ocrx_word' id='word_1_247' title='bbox 212 2383 227 2414; x_wconf 82' lang='lat' dir='ltr'><strong>n</strong></span> <span class='ocrx_word' id='word_1_248' title='bbox 251 2369 274 2416; x_wconf 84' lang='lat' dir='ltr'><strong>et</strong></span> <span class='ocrx_word' id='word_1_249' title='bbox 291 2367 376 2416; x_wconf 84' lang='lat' dir='ltr'><strong>dietum</strong></span> <span class='ocrx_word' id='word_1_250' title='bbox 394 2369 430 2416; x_wconf 88' lang='lat' dir='ltr'><strong>est</strong></span> <span class='ocrx_word' id='word_1_251' title='bbox 444 2363 466 2416; x_wconf 92' lang='lat' dir='ltr'><strong>ei</strong></span> <span class='ocrx_word' id='word_1_252' title='bbox 480 2381 489 2416; x_wconf 86' lang='lat'>:</span> <span class='ocrx_word' id='word_1_253' title='bbox 508 2362 650 2430; x_wconf 75' lang='lat' dir='ltr'><strong>«Numquid</strong></span> <span class='ocrx_word' id='word_1_254' title='bbox 663 2379 741 2430; x_wconf 85' lang='lat' dir='ltr'><strong>parurn</strong></span> <span class='ocrx_word' id='word_1_255' title='bbox 756 2367 820 2418; x_wconf 83' lang='lat' dir='ltr'><strong>robis</strong></span> <span class='ocrx_word' id='word_1_256' title='bbox 832 2371 869 2419; x_wconf 82' lang='lat' dir='ltr'><strong>eat</strong></span> 
     </span>
     <span class='ocr_line' id='line_1_32' title="bbox 51 2434 867 2508; baseline -0.005 -14"><span class='ocrx_word' id='word_1_257' title='bbox 51 2444 168 2496; x_wconf 83' lang='lat' dir='ltr'><strong>molestos</strong></span> <span class='ocrx_word' id='word_1_258' title='bbox 184 2451 238 2489; x_wconf 86' lang='lat' dir='ltr'><strong>esse</strong></span> <span class='ocrx_word' id='word_1_259' title='bbox 253 2434 397 2499; x_wconf 85' lang='lat' dir='ltr'><strong>hominibus,</strong></span> <span class='ocrx_word' id='word_1_260' title='bbox 410 2439 464 2502; x_wconf 87' lang='lat' dir='ltr'><strong>quia</strong></span> <span class='ocrx_word' id='word_1_261' title='bbox 479 2439 569 2489; x_wconf 82' lang='lat' dir='ltr'><strong>molesti</strong></span> <span class='ocrx_word' id='word_1_262' title='bbox 579 2438 636 2489; x_wconf 87' lang='lat' dir='ltr'><strong>estis</strong></span> <span class='ocrx_word' id='word_1_263' title='bbox 650 2443 672 2488; x_wconf 83' lang='lat' dir='ltr'><strong>et</strong></span> <span class='ocrx_word' id='word_1_264' title='bbox 685 2439 732 2489; x_wconf 81' lang='lat' dir='ltr'><strong>[teo</strong></span> <span class='ocrx_word' id='word_1_265' title='bbox 744 2439 810 2507; x_wconf 85' lang='lat' dir='ltr'><strong>meo?</strong></span> <span class='ocrx_word' id='word_1_266' title='bbox 820 2456 834 2485; x_wconf 78' lang='lat' dir='ltr'><strong>o</strong></span> <span class='ocrx_word' id='word_1_267' title='bbox 843 2443 867 2508; x_wconf 85' lang='lat' dir='ltr'><strong>nt</strong></span> 
     </span>
     <span class='ocr_line' id='line_1_33' title="bbox 51 2509 867 2574; baseline -0.01 -8"><span class='ocrx_word' id='word_1_268' title='bbox 51 2517 139 2566; x_wconf 85' lang='lat' dir='ltr'><strong>dicitur</strong></span> <span class='ocrx_word' id='word_1_269' title='bbox 157 2509 301 2572; x_wconf 72' lang='lat' dir='ltr'><strong>1sa1.,v11.</strong></span> <span class='ocrx_word' id='word_1_270' title='bbox 317 2511 348 2560; x_wconf 89' lang='lat' dir='ltr'><strong>[te</strong></span> <span class='ocrx_word' id='word_1_271' title='bbox 366 2509 479 2560; x_wconf 72' lang='lat' dir='ltr'><strong>Abraham</strong></span> <span class='ocrx_word' id='word_1_272' title='bbox 495 2514 572 2560; x_wconf 86' lang='lat' dir='ltr'><strong>autem</strong></span> <span class='ocrx_word' id='word_1_273' title='bbox 590 2509 684 2574; x_wconf 78' lang='lat' dir='ltr'><strong>legitur,</strong></span> <span class='ocrx_word' id='word_1_274' title='bbox 703 2511 800 2571; x_wconf 69' lang='lat' dir='ltr'><strong>Genea,</strong></span> <span class='ocrx_word' id='word_1_275' title='bbox 817 2511 867 2573; x_wconf 82' lang='lat' dir='ltr'><strong>XV,</strong></span> 
     </span>
     <span class='ocr_line' id='line_1_34' title="bbox 51 2579 868 2651; baseline -0.007 -13"><span class='ocrx_word' id='word_1_276' title='bbox 51 2588 116 2651; x_wconf 82' lang='lat' dir='ltr'><strong>quod</strong></span> <span class='ocrx_word' id='word_1_277' title='bbox 132 2583 197 2636; x_wconf 83' lang='lat' dir='ltr'><strong>dixit</strong></span> <span class='ocrx_word' id='word_1_278' title='bbox 208 2583 236 2632; x_wconf 89' lang='lat' dir='ltr'><strong>ad</strong></span> <span class='ocrx_word' id='word_1_279' title='bbox 253 2579 391 2632; x_wconf 81' lang='lat' dir='ltr'><strong>domiuum:</strong></span> <span class='ocrx_word' id='word_1_280' title='bbox 406 2581 497 2632; x_wconf 79' lang='lat' dir='ltr'><strong>atinde</strong></span> <span class='ocrx_word' id='word_1_281' title='bbox 511 2581 569 2630; x_wconf 82' lang='lat' dir='ltr'><strong>sono</strong></span> <span class='ocrx_word' id='word_1_282' title='bbox 584 2593 677 2644; x_wconf 74' lang='lat' dir='ltr'><strong>possum</strong></span> <span class='ocrx_word' id='word_1_283' title='bbox 696 2581 755 2646; x_wconf 79' lang='lat' dir='ltr'><strong>qnod</strong></span> <span class='ocrx_word' id='word_1_284' title='bbox 773 2595 868 2647; x_wconf 78' lang='lat' dir='ltr'><strong>posses-</strong></span> 
     </span>
     <span class='ocr_line' id='line_1_35' title="bbox 53 2651 868 2717; baseline -0.009 -8"><span class='ocrx_word' id='word_1_285' title='bbox 53 2672 122 2710; x_wconf 76' lang='lat' dir='ltr'><strong>surus</strong></span> <span class='ocrx_word' id='word_1_286' title='bbox 140 2657 189 2707; x_wconf 90' lang='lat' dir='ltr'><strong>sim</strong></span> <span class='ocrx_word' id='word_1_287' title='bbox 201 2652 295 2706; x_wconf 76' lang='lat' dir='ltr'><strong>eamd»</strong></span> <span class='ocrx_word' id='word_1_288' title='bbox 314 2651 411 2714; x_wconf 81' lang='lat' dir='ltr'><strong>(seilicet</strong></span> <span class='ocrx_word' id='word_1_289' title='bbox 422 2657 508 2704; x_wconf 85' lang='lat' dir='ltr'><strong>terram</strong></span> <span class='ocrx_word' id='word_1_290' title='bbox 521 2653 680 2716; x_wconf 87' lang='lat' dir='ltr'><strong>repromissam</strong></span> <span class='ocrx_word' id='word_1_291' title='bbox 693 2653 705 2704; x_wconf 83' lang='lat' dir='ltr'><strong>d</strong></span> <span class='ocrx_word' id='word_1_292' title='bbox 719 2653 775 2716; x_wconf 84' lang='lat' dir='ltr'><strong>Deo)</strong></span> <span class='ocrx_word' id='word_1_293' title='bbox 785 2669 794 2717; x_wconf 79' lang='lat'>3</span> <span class='ocrx_word' id='word_1_294' title='bbox 803 2653 868 2703; x_wconf 86' lang='lat' dir='ltr'><strong>simi·</strong></span> 
     </span>
     <span class='ocr_line' id='line_1_36' title="bbox 52 2722 869 2789; baseline -0.01 -8"><span class='ocrx_word' id='word_1_295' title='bbox 52 2731 105 2783; x_wconf 79' lang='lat' dir='ltr'><strong>liter</strong></span> <span class='ocrx_word' id='word_1_296' title='bbox 130 2728 207 2782; x_wconf 81' lang='lat' dir='ltr'><strong>etiam</strong></span> <span class='ocrx_word' id='word_1_297' title='bbox 230 2724 326 2776; x_wconf 84' lang='lat' dir='ltr'><strong>Gedeon</strong></span> <span class='ocrx_word' id='word_1_298' title='bbox 349 2723 439 2788; x_wconf 80' lang='lat' dir='ltr'><strong>signum</strong></span> <span class='ocrx_word' id='word_1_299' title='bbox 456 2723 469 2774; x_wconf 85' lang='lat' dir='ltr'><strong>d</strong></span> <span class='ocrx_word' id='word_1_300' title='bbox 489 2725 536 2775; x_wconf 85' lang='lat' dir='ltr'><strong>Deo</strong></span> <span class='ocrx_word' id='word_1_301' title='bbox 552 2722 620 2789; x_wconf 86' lang='lat' dir='ltr'><strong>petiit</strong></span> <span class='ocrx_word' id='word_1_302' title='bbox 637 2725 665 2776; x_wconf 91' lang='lat' dir='ltr'><strong>de</strong></span> <span class='ocrx_word' id='word_1_303' title='bbox 683 2725 777 2776; x_wconf 81' lang='lat' dir='ltr'><strong>uictoria</strong></span> <span class='ocrx_word' id='word_1_304' title='bbox 791 2736 869 2787; x_wconf 88' lang='lat' dir='ltr'><strong>repro-</strong></span> 
     </span>
    </p>
   </div>
   <div class='ocr_carea' id='block_1_6' title="bbox 84 2873 656 2958">
    <p class='ocr_par' dir='ltr' id='par_1_13' title="bbox 84 2873 656 2958">
     <span class='ocr_line' id='line_1_37' title="bbox 84 2873 656 2958; baseline -0.019 -27"><span class='ocrx_word' id='word_1_305' title='bbox 84 2881 120 2948; x_wconf 78' lang='lat'><strong>(1)</strong></span> <span class='ocrx_word' id='word_1_306' title='bbox 135 2884 173 2931; x_wconf 79' lang='lat' dir='ltr'><strong>lto</strong></span> <span class='ocrx_word' id='word_1_307' title='bbox 188 2878 228 2929; x_wconf 79' lang='lat' dir='ltr'><strong>nis</strong></span> <span class='ocrx_word' id='word_1_308' title='bbox 238 2875 311 2926; x_wconf 83' lang='lat' dir='ltr'><strong>etiem</strong></span> <span class='ocrx_word' id='word_1_309' title='bbox 325 2876 348 2926; x_wconf 88' lang='lat'><strong>1.</strong></span> <span class='ocrx_word' id='word_1_310' title='bbox 362 2879 436 2946; x_wconf 78' lang='lat' dir='ltr'><strong>part,</strong></span> <span class='ocrx_word' id='word_1_311' title='bbox 453 2887 494 2958; x_wconf 84' lang='lat' dir='ltr'><strong>qu.</strong></span> <span class='ocrx_word' id='word_1_312' title='bbox 508 2873 563 2935; x_wconf 77' lang='lat' dir='ltr'><strong>iet,</strong></span> <span class='ocrx_word' id='word_1_313' title='bbox 577 2879 620 2924; x_wconf 86' lang='lat' dir='ltr'><strong>ort.</strong></span> <span class='ocrx_word' id='word_1_314' title='bbox 631 2873 656 2945; x_wconf 71' lang='lat'><strong>²4·</strong></span> 
     </span>
    </p>
   </div>
   <div class='ocr_carea' id='block_1_7' title="bbox 0 0 972 3284">
    <p class='ocr_par' dir='ltr' id='par_1_14' title="bbox 0 0 972 3284">
     <span class='ocr_line' id='line_1_38' title="bbox 0 0 972 3284; baseline 0 1"><span class='ocrx_word' id='word_1_315' title='bbox 0 0 972 3284; x_wconf 95' lang='lat' dir='ltr'><strong> </strong></span> 
     </span>
    </p>
   </div>
  </div>
 </body>
</html>
