1934 3284
240 215 275 258 nu
286 216 444 260 semmurum
458 221 488 258 nr
504 219 641 260 urrouursr.
796 193 846 262 ιιι

48 297 193 361 nteit-xxxi
210 295 313 351 hoaut,
328 297 388 360 quod
407 309 546 360 «nmquam
560 299 615 362 quid
627 303 711 362 agant,
726 299 767 352 sed
784 315 842 366 quo·

48 371 109 419 nodo
123 370 149 418 de
165 368 255 418 actione
267 368 369 431 qnalihet
381 367 511 418 hominihus
525 369 614 433 possint
625 369 726 434 placere,
738 373 841 424 conside-

48 445 101 490 rant.
117 459 131 488 ιι
146 443 190 491 Sed
210 439 325 490 simulatio
339 454 386 490 non
399 441 507 492 consistit
517 441 540 490 in
555 441 603 491 sola
614 442 754 505 intentione,
764 445 805 495 sed
816 444 841 494 in

47 513 147 564 exteriori
161 513 313 576 operatione3
335 513 396 562 onde
412 524 482 577 snper
499 512 553 562 iilud
567 513 626 567 dod,
641 515 733 564 XXXVI
749 531 753 563 :
771 533 784 563 n
804 516 841 566 Si·

48 587 164 636 ιιιιίιῑιιιιιι
178 588 203 634 et
216 583 290 634 collidi
303 589 429 648 provocant
441 585 499 634 iram
513 585 567 646 hei,
577 601 592 632 ιι
607 585 661 636 dicit
676 587 764 650 Glossa,
782 587 842 651 qnid

48 656 192 707 «simulator
210 655 271 705 ahod
289 656 391 718 simulat,
405 657 466 707 aliud
487 654 535 720 agit
553 672 559 705 ι
576 658 702 707 castitatem
720 659 809 723 praefert
822 663 845 710 et

47 729 159 779 lasciuiam
176 728 293 792 seqnitur,
310 732 411 779 ostentat
429 733 587 794 paupertatem
610 735 634 780 et
652 731 788 796 marsupium
809 745 844 782 re-

47 801 97 862 ptet.
114 817 129 847 ιι
142 801 202 863 Ergo
218 799 346 863 hypocrisis
360 813 407 850 non
416 805 451 850 est
463 800 523 850 idern
537 802 597 864 quod
608 800 729 852 simulatio.

73 871 116 920 Sed
127 874 208 920 oonha
221 874 270 932 est,
282 871 342 932 qnod
355 871 455 919 Isidorus
469 870 523 920 dicit
536 871 559 919 iu
572 871 612 922 lih.
627 869 773 936 Elymniop.
793 873 844 936 (vel

47 943 155 1004 Oripr'n„
175 941 216 991 iih.
231 942 265 1002 X,
279 941 317 990 tit.
335 942 385 1004 lt)
401 957 408 991 ς
426 959 440 990 ιι
456 942 580 1006 hypocrita
598 953 669 1006 graeco
688 956 807 1007 sermone,
819 945 843 994 in

45 1013 111 1064 irhno
121 1013 243 1063 simulator
255 1011 423 1076 interpretatur,
435 1013 474 1076 qui
486 1013 538 1063 chun
548 1014 610 1064 inths
622 1015 693 1064 malus
707 1015 751 1078 sit,
767 1018 793 1064 ut
803 1016 843 1065 ho·

46 1099 94 1134 nnm
111 1099 138 1135 se
156 1083 234 1149 palam
247 1084 360 1148 ostendit3
375 1085 440 1148 hypo
458 1085 520 1136 enim
534 1085 629 1150 falsum,
645 1088 721 1136 crisis
733 1087 843 1150 judicium

46 1155 212 1221 interpretatur.
228 1171 242 1202 ιι

73 1230 234 1292 (Concnosro.
247 1250 277 1264 -
286 1226 420 1292 Hypocrisis
430 1227 504 1277 omnis
516 1228 632 1281 simulatio
646 1232 697 1292 est3
711 1243 759 1280 non
770 1230 845 1280 omnis
881 1261 885 1266 -
926 1281 929 1290 ,

46 1305 118 1350 antem
132 1298 252 1350 simulatio
268 1298 413 1362 hypocrisis,
427 1299 467 1348 sed
479 1312 507 1348 ea
518 1298 608 1349 tantum
624 1312 668 1364 qua
682 1299 775 1352 alterins
791 1315 844 1366 per-

45 1385 118 1422 sonam
133 1371 190 1435 quis
206 1371 306 1421 simulat
314 1373 322 1434 )

73 1444 214 1508 despondeo
239 1442 373 1505 dicendum,
388 1441 447 1506 quhd
469 1442 527 1493 siout
551 1443 650 1494 isidorus
669 1443 723 1497 dicit
745 1444 843 1509 ibidem,

48 1532 58 1560 n
67 1518 155 1566 nomen
167 1513 293 1578 hypocrita
305 1517 401 1563 tractum
413 1513 473 1564 esth
486 1515 561 1578 speeie
575 1527 652 1566 eornm
666 1515 706 1578 qui
716 1517 740 1564 io
758 1520 846 1580 speeta-

47 1589 97 1638 eniis
109 1586 220 1638 contecta
235 1587 293 1637 taric
307 1586 426 1648 incedunt,
439 1585 605 1649 distinguentes
621 1587 709 1636 vultum
725 1586 788 1637 vario
801 1601 846 1639 co-

47 1658 95 1722 lore,
110 1664 137 1709 ut
154 1659 183 1709 ad
192 1671 295 1722 personae
304 1670 371 1720 quam
381 1656 489 1707 simulam
497 1658 596 1708 colorem
608 1659 744 1722 perueniant
757 1675 763 1708 :
779 1657 847 1708 modh

48 1730 66 1780 in
79 1731 163 1796 specie
181 1730 240 1792 riri,
254 1729 321 1779 modo
335 1729 360 1778 in
370 1729 446 1792 specie
462 1729 573 1792 loemioae,
588 1735 614 1779 ut
626 1729 650 1779 in
668 1730 727 1780 ludis
738 1731 847 1795 populum

47 1802 129 1853 idiunt.
139 1818 158 1849 ιι
174 1802 240 1851 Unde
252 1800 391 1863 Augustinus
403 1801 458 1850 dicit
472 1801 496 1851 in
510 1799 549 1850 iih.
565 1803 602 1851 Da
614 1815 725 1850 sermone
733 1801 846 1850 -Doma'm'

47 1876 182 1933 tumente,
196 1872 258 1936 qohd
271 1890 286 1919 ιι
299 1872 359 1922 siunt
371 1871 511 1936 hypocrite,
527 1873 670 1922 simulatores
684 1872 778 1923 aharons
793 1883 848 1936 per-

47 1959 152 1997 sonarum
167 1947 239 2009 agam
249 1947 326 2009 partes
334 1943 395 1994 iilius
404 1945 464 2008 quod
477 1957 525 1994 non
539 1947 592 1994 sunt
604 1945 665 2008 (uon
675 1943 736 1996 enim
745 1942 786 2007 qni
799 1942 845 2006 agit

47 2023 118 2078 partes
131 2015 327 2081 Agamemnonis,
337 2015 393 2065 rerh
403 2015 453 2080 ipse
464 2021 512 2079 est,
522 2015 562 2066 sed
572 2014 666 2065 omnint
676 2015 744 2076 enm)
757 2031 762 2063 :
774 2013 806 2064 sic
819 2015 848 2066 in

47 2090 147 2140 ecelesiis
160 2092 186 2139 et
198 2088 224 2137 in
233 2086 296 2137 omni
305 2086 351 2136 rita
359 2088 478 2148 hnmana,
492 2085 593 2149 quisquis
605 2098 630 2136 se
641 2085 690 2134 uult
700 2085 771 2135 videri
785 2085 844 2150 quod

47 2175 88 2211 non
100 2167 155 2222 est,
166 2152 286 2224 hypo'orita
295 2163 341 2223 est3
349 2158 441 2208 simulat
448 2159 511 2208 enirn
521 2171 545 2208 se
554 2157 654 2221 justum,
664 2156 847 2208 poposuimus

48 2235 81 2283 Sic
100 2234 174 2297 igitur
194 2231 316 2281 dicendum
329 2236 365 2280 est
380 2229 439 2293 qudd
455 2229 582 2294 hypocrisis
605 2227 719 2278 simulatio
735 2233 783 2290 est,
801 2239 848 2278 non

48 2312 119 2357 anum
138 2305 217 2356 omnis
236 2302 367 2365 simulatio,
379 2303 418 2353 sed
431 2301 504 2352 solhnr
518 2302 556 2351 illa
567 2314 612 2365 qua
626 2299 677 2364 quis
693 2301 784 2350 simulat
798 2311 850 2363 por·

48 2392 124 2429 sonam
139 2375 251 2435 alterins,
265 2374 324 2423 sicut
336 2374 389 2423 chun
402 2378 506 2437 peecatm
519 2373 610 2422 simulat
623 2385 742 2436 personam
750 2371 821 2436 justi.

75 2452 108 2500 hd
121 2449 224 2514 primum
235 2458 290 2509 ergo
307 2444 440 2508 dimotum,
456 2444 516 2508 qnhd
527 2457 585 2508 opos
603 2443 703 2494 exterius
718 2441 852 2494 naturaliter

49 2522 162 2585 significat
174 2517 334 2568 intentionem.
347 2517 442 2576 Quando
450 2529 503 2580 ergo
513 2515 594 2579 aliquis
605 2529 645 2579 per
654 2515 713 2564 hona
722 2527 790 2578 opera
801 2527 852 2578 qrrau

50 2594 101 2643 tacit
118 2607 151 2643 ex
164 2604 206 2641 sno
222 2601 306 2652 genere
320 2590 348 2638 ad
362 2588 403 2637 hei
416 2587 536 2638 servitium
551 2585 700 2650 pertinentia,
716 2598 763 2636 non
772 2586 853 2649 querit

49 2664 91 2714 deo
99 2665 201 2730 placere,
214 2662 254 2711 sed
265 2659 407 2720 hominihus,
419 2659 511 2709 simulat
521 2663 605 2708 rectam
616 2657 769 2708 intentionem
783 2670 828 2721 qua
838 2673 853 2706 n

52 2749 94 2785 non
109 2736 189 2785 hahet.
200 2733 265 2783 Unde
277 2731 398 2793 Gregorius
407 2731 473 2791 dicit
481 2731 553 2780 XXXi
567 2728 659 2780 Monoi.
661 2728 740 2791 ,qudi
755 2746 769 2776 ιι
778 2730 852 2792 hyph-

49 2808 108 2859 critu
122 2820 167 2873 per
187 2819 267 2856 musas
283 2804 325 2855 hei
345 2802 475 2854 deserviunt
491 2802 612 2854 intentioni
629 2802 706 2852 saculi
716 2802 790 2883 ‚quia
811 2815 854 2871 per

49 2880 259 2945 ipuquoquoqnau
268 2890 294 2927 se
307 2881 374 2940 agere
388 2880 470 2926 sancta
479 2875 613 2936 ostendunt,
625 2887 669 2924 non
678 2874 852 2942 conversionem

50 2956 154 3014 quarunt
165 2951 293 3014 hominumn,
302 2947 343 3002 sed
355 2960 421 3000 auras
434 2949 546 2999 fanorum.
557 2965 571 2998 ιι
582 2943 620 2998 ut
624 2947 657 2998 ita
668 2947 775 2999 simulant
785 2937 852 3004 merr-

717 3047 759 3095 10
