1934 3284
252 169 294 208 nu
308 168 396 209 eterra
413 169 466 209 srrr
482 167 653 210 omrrrnnrns.
811 163 855 212 ΒΜ

52 249 115 300 otor
128 247 159 297 ad
174 259 201 297 se
210 249 309 310 spectet,
322 249 347 296 et
359 245 424 298 nobis
437 247 539 310 prodest,
551 247 604 307 nula
615 247 682 299 alim
695 247 739 298 sibi
751 249 857 314 prodesse

54 333 98 370 uon
107 321 207 382 potest,
219 330 247 368 so
259 317 318 371 mihi
327 317 377 368 loeo
387 318 505 370 habendus
515 317 613 381 uidetur,
623 333 667 382 qno
676 321 714 383 qni
725 321 801 384 penori
816 335 857 372 sinn

2 416 4 425 ν
54 391 163 454 pohntom
176 388 324 452 prospicit.»
340 389 430 438 litmox
440 388 502 452 (nep.
514 389 571 452 lt)=
587 408 601 438 u
610 391 635 442 Si
647 391 713 442 mndd
722 405 758 442 me
767 391 790 441 iu
802 403 856 442 non·
910 420 923 439 t

55 462 149 512 sortium
162 460 268 522 admisit,
282 459 302 508 si
315 460 373 509 duos
386 459 508 523 oscitavit,
523 460 626 525 ingratus
644 476 709 526 sum,
723 475 769 516 non
783 463 857 514 sollsm

53 533 166 596 injustus,
182 530 229 580 nisi
242 530 329 594 gaudeo
340 532 383 581 hoo
397 530 431 581 illi
441 529 570 595 proluisse,
583 533 643 596 qnod
659 535 764 596 prodeest
782 533 854 598 mihi;

55 617 150 654 mmmm
173 600 322 664 malignitatis
338 606 374 652 ost
399 615 446 653 non
462 615 543 656 rosere
564 602 713 668 hominium,
728 605 773 656 nisi
796 603 856 669 qnod

56 675 148 726 drumm
160 673 238 736 altono
248 671 395 731 incommodo
407 672 512 724 allinit.»

85 745 123 808 ld
137 747 246 808 quartum
263 743 397 806 dissutum,
414 743 473 808 quod
488 743 546 796 siout
565 746 650 798 seneca
670 747 761 798 dioillo
774 748 805 798 lll
822 748 856 798 De

57 817 179 881 dertefiet't's
189 817 255 880 (sap.
268 819 297 864 hl
311 816 332 879 l,
348 817 482 879 oqnamdtu
496 830 577 868 sorum
586 819 678 880 prestet
696 820 755 880 qnod
767 818 780 868 h
791 831 857 870 soron

57 888 117 950 exigi
128 887 198 947 solet,
210 884 361 938 ministerium
370 889 420 949 est3
431 887 469 937 nbi
481 888 602 951 plusquam
612 888 671 950 qnod
681 901 747 940 mero
760 903 857 942 neeesse

56 962 99 1021 est,
111 957 248 1009 heneddom
257 961 306 1022 ost,
316 958 424 1012 uhiemm
436 957 462 1010 iu
470 959 577 1012 edentum
587 957 654 1008 amini
662 959 757 1022 transit,
770 960 855 1011 desinit

57 1029 132 1080 rooari
149 1028 339 1080 ministerium.»
353 1031 382 1079 un
394 1029 446 1081 ideo
460 1029 529 1082 etiam
544 1029 616 1080 serris
629 1029 686 1078 ultra
703 1030 804 1082 debdum
820 1031 855 1081 ls-

57 1099 171 1152 cientibus
183 1101 262 1164 gratiae
277 1103 330 1151 suut
343 1102 461 1154 habendae.

87 1173 120 1223 nd
133 1171 239 1235 quintum
250 1171 369 1223 dicendum
374 1210 383 1236 ,
392 1173 454 1236 qnod
464 1173 532 1224 etiarn
543 1185 629 1238 pauper
641 1173 742 1238 ingratus
755 1177 856 1238 nonest,

57 1243 159 1294 simiel
175 1244 237 1307 qnod
251 1244 332 1308 possit.
350 1243 489 1294 sicutenim
503 1244 639 1296 beneficium
652 1245 725 1308 magis
740 1245 766 1294 iu
777 1245 859 1296 affeetu

57 1314 161 1366 mesistit
177 1313 245 1378 quim
260 1315 285 1364 in
303 1314 399 1376 edeotn,
415 1316 448 1366 ita
467 1316 537 1366 etiam
543 1315 732 1380 recompensatio
746 1315 819 1379 magis
836 1316 860 1366 in

56 1386 141 1439 adnoto
148 1386 263 1441 munnio.
271 1387 336 1439 Unde
342 1388 429 1441 &nona
435 1387 492 1440 dioil
499 1387 524 1438 in
530 1388 551 1438 ll
560 1387 729 1452 Dedenefioiis
735 1387 858 1452 (εαρλψ

2 1510 3 1513 ,
57 1458 125 1518 «Qui
138 1457 202 1521 grati
212 1456 349 1509 heneficium
361 1457 457 1522 nnoiph,
466 1457 563 1522 primam
574 1459 626 1522 ejus
638 1459 770 1522 pensionem
780 1459 858 1520 solvit3

2 1524 3 1547 ¹
58 1528 861 1598 qoddgmtdanternadrosbeoellsioperronerint‚indioensusedens

58 1599 193 1663 edemihom
209 1601 269 1664 quod
282 1613 328 1651 oon
341 1601 392 1665 ipso
407 1600 495 1652 tnothrn
511 1603 627 1664 audiente,
637 1603 676 1654 sed
690 1601 772 1666 utrique
789 1605 860 1654 teste·

2 1676 3 1681 ’
55 1687 115 1722 mor.
128 1688 142 1719 n
154 1671 190 1721 Ex
206 1673 250 1721 hoo
263 1673 326 1734 patet
342 1671 402 1734 oudd
419 1675 574 1736 quantumque
592 1672 618 1724 in
632 1672 738 1725 lelio-itate
755 1672 861 1726 existenti

55 1748 133 1808 potest
148 1741 330 1806 recompensatio
352 1742 457 1793 heuehoii
477 1737 539 1806 deri,
559 1757 599 1806 pen
615 1743 776 1796 exhibitionem
796 1756 862 1796 rene·

53 1814 135 1866 reuda
156 1818 180 1865 et
202 1812 389 1876 lionoris31mde
408 1812 562 1876 Philosophus
586 1813 642 1865 dicit
658 1813 684 1864 in
703 1815 753 1866 lllll
776 1814 858 1866 stite.

2 1894 3 1897 ’
56 1890 122 1951 (nep.
140 1884 210 1947 ult),
221 1883 284 1948 qnod
298 1884 511 1948 nsupereuoelleuti
522 1883 613 1948 quidem
627 1885 696 1936 debet
706 1885 754 1938 heri
768 1886 861 1936 honoris

54 1957 194 2017 retributio,
205 1954 319 2018 indigenti
330 1959 407 2006 numm
418 1955 535 2006 retrihnlin
554 1955 627 2018 lncri;
643 1971 657 2006 n
671 1959 695 2008 et
707 1957 793 2008 Senem
806 1955 861 2007 dieii

51 2029 77 2080 in
90 2031 122 2082 Vl
135 2030 174 2078 De
182 2026 310 2090 beneflciis
319 2027 380 2092 (esp.
390 2026 432 2090 2⁹)
444 2041 450 2077 ι
462 2027 553 2076 nldulln
563 2030 665 2091 soniper
676 2040 737 2092 qun,
751 2027 859 2090 quiequid

52 2100 177 2162 dehemus,
197 2095 333 2148 redderent
355 2097 458 2148 lelioiltns
477 2111 620 2162 possumus:
638 2095 703 2151 lldele
723 2097 856 2160 enuntiem,

52 2171 148 2223 assidm
157 2169 311 2230 conuersatio,
317 2183 392 2221 sermo
401 2169 473 2220 onmis
479 2172 503 2220 et
512 2167 561 2219 sine
569 2167 701 2219 adulatione
710 2167 833 2230 jucundus.
845 2185 859 2214 n

52 2243 145 2295 Elidos
156 2255 202 2294 non
212 2243 302 2306 oportet
314 2243 339 2292 nt
353 2242 421 2295 homo
435 2243 498 2304 optet
507 2239 657 2304 indigentiam
671 2238 722 2302 ejus
736 2251 776 2288 seu
790 2237 861 2290 mise-

52 2315 111 2365 riam
125 2314 167 2378 qni
183 2310 321 2366 herodotum
337 2311 415 2377 dedit,
433 2311 462 2361 nd
477 2313 521 2362 hon
538 2310 599 2376 qood
618 2308 754 2362 heneficium
772 2323 861 2362 renom-

52 2387 179 2449 pensetnr3
191 2382 246 2446 quia
259 2385 284 2433 nt
297 2382 384 2433 Seneca
393 2381 448 2432 dicit
462 2382 488 2432 in
500 2383 529 2432 ill
547 2384 581 2432 De
590 2379 717 2444 beneflciis
726 2381 734 2446 (
742 2394 793 2444 sap.
804 2385 833 2430 ns
842 2380 859 2446 ),

55 2474 68 2504 u
83 2456 105 2507 si
118 2453 395 2520 menisminorum
408 2452 495 2504 mum
512 2451 647 2514 beneficium
667 2451 778 2513 haberes,
793 2451 862 2504 inhn-

53 2538 151 2581 manum
164 2523 420 2591 nonnumquam
437 2523 583 2575 inhumanihs
598 2523 620 2577 ei
639 2526 706 2588 optas
725 2523 762 2577 oni
775 2523 862 2574 henes-

54 2601 115 2649 dom
133 2595 243 2648 debesln
257 2595 283 2645 Si
291 2599 368 2646 nutem
377 2595 416 2646 ille
426 2595 466 2658 qni
474 2595 610 2646 heneficium
623 2593 685 2644 dedit
696 2592 721 2644 iu
732 2594 799 2658 peius
811 2609 861 2647 mu·

55 2673 116 2723 utus
124 2672 173 2732 est,
185 2667 255 2720 dehet
266 2670 343 2719 emen
356 2665 436 2718 eideri
445 2665 627 2730 recompensatio
639 2663 763 2716 seeundhm
776 2667 859 2715 statum

55 2738 138 2805 ipsios,
154 2742 179 2790 ut
190 2735 279 2788 seilicet
290 2733 435 2801 nduir'tutem
445 2737 479 2802 (l)
494 2737 613 2788 reducatur
627 2736 647 2786 si
662 2735 692 2788 sit
703 2736 826 2802 possibile3
841 2736 864 2788 si

87 2881 124 2949 (l)
138 2884 193 2935 Non
205 2881 236 2930 ad
249 2867 390 2954 soliditatem
403 2880 463 2927 siout
474 2878 542 2954 pride
553 2878 693 2952 exemplaris
703 2877 815 2939 quedem.
847 2933 849 2938 ,
