1934 3284
120 120 170 171 tte
229 132 334 171 mennon
350 120 477 182 sncnsns',
493 130 587 175 oum.
602 132 693 183 cnm,
708 132 768 171 ns.
784 134 823 172 m.

409 314 569 367 sustentus
586 315 624 366 tlt.

218 441 304 487 Utrum
314 440 406 487 Potitus
413 442 441 487 io
452 445 525 496 raptu
533 441 622 485 viderit
635 442 835 490 mesenensem.

152 569 184 620 tt
196 569 287 621 tertium
301 569 334 620 sio
347 568 475 633 proceditur
483 568 527 631 (ti.
537 568 635 618 Videtnr
647 568 710 632 qndd
724 571 817 622 Penius
831 573 855 623 in
864 578 927 635 mptu

120 654 167 691 non
182 640 262 690 videvit
274 640 315 691 uei
327 640 459 691 essentiam.
475 638 539 689 Sient
557 638 618 689 enim
633 640 663 690 de
679 641 755 692 Penio
769 644 857 707 tegitur
873 646 927 707 quivi

122 717 181 764 uest
195 717 272 777 raptus
284 724 355 776 usqne
369 712 396 761 nd
411 712 504 761 tertium
514 711 754 774 solummundo
768 716 840 767 Petro
852 716 928 778 tegitur

122 789 188 845 Act,
199 786 228 845 x,
241 784 300 848 quod
313 801 326 831 o
337 784 420 834 cecidit
429 794 556 847 supereum
565 782 652 833 mentis
665 797 817 837 excessus.»
832 788 877 839 Sed
891 792 928 838 Pe-

122 862 171 909 tvns
188 856 212 907 iu
231 869 273 907 suo
291 870 387 907 excessu
402 869 449 906 non
468 854 526 905 vidit
541 855 583 905 Dei
594 856 736 920 essentiam,
754 862 797 910 sed
814 864 929 925 quamdam

124 929 278 993 imaginarium
292 929 411 978 visionem.
426 928 485 992 tingo
497 927 587 979 videtur
599 926 662 993 qudd
675 942 721 980 neo
733 932 828 984 Penius
844 935 887 985 itei
900 949 931 984 es

124 1003 221 1051 sentium
234 1000 325 1051 videvit.
954 1031 956 1042 .

155 1078 179 1122 s.
198 1074 307 1123 Praeterea
317 1110 324 1135 ‚
335 1072 394 1122 visio
412 1071 452 1121 Dei
465 1070 521 1121 tacit
537 1070 655 1123 hominem
669 1072 780 1122 beatum.
795 1075 845 1125 Sed
858 1076 932 1125 Paetis

123 1145 147 1195 in
160 1144 199 1193 itio
209 1146 276 1208 raptu
291 1156 336 1193 non
350 1142 393 1192 tuit
403 1142 500 1205 beutns3
515 1140 615 1206 alioquin
625 1156 747 1206 nunquam
756 1147 789 1196 ad
802 1146 862 1199 vitoe
872 1151 933 1210 huin

124 1216 239 1267 miseriam
249 1215 370 1277 rediisset,
383 1214 422 1265 sed
438 1228 520 1278 mrpus
535 1214 587 1279 ejus
598 1214 681 1266 fuisset
695 1230 740 1279 per
758 1220 933 1269 redundantiam

124 1288 152 1339 ab
168 1288 242 1338 enimn
258 1287 420 1351 glorificotnm,
433 1286 492 1337 sient
507 1287 550 1336 evit
568 1286 592 1336 iu
608 1287 694 1337 sanetis
714 1293 772 1353 post
786 1293 934 1342 resurrecti·-

124 1372 193 1423 nem3
208 1360 268 1423 qnod
282 1362 344 1423 patet
357 1370 406 1409 esse
422 1356 515 1408 salsum.
529 1358 589 1421 Ergo
599 1358 683 1408 Paulus
697 1356 724 1408 in
738 1366 814 1425 raptu
827 1363 933 1414 nonviiit

124 1434 164 1485 ttei
178 1431 309 1484 essentiam.

157 1510 179 1555 3.
195 1506 322 1563 preterea,
336 1502 391 1553 tides
404 1506 428 1553 et
439 1515 493 1567 spes
508 1515 619 1553 essenon
635 1507 737 1566 possunt
752 1505 831 1557 simut
842 1522 895 1558 enm
906 1508 934 1554 vi·

126 1578 189 1629 sione
200 1576 281 1626 divinae
290 1574 407 1636 essentiae,
418 1578 443 1623 ut
454 1574 550 1625 hebetur
561 1575 579 1623 1.
589 1574 625 1623 ad
635 1575 708 1632 Com,
721 1577 787 1627 xlii.
799 1579 848 1630 Sed
862 1582 934 1630 Penius

124 1650 149 1700 in
161 1650 222 1699 statu
234 1647 273 1698 itio
287 1646 367 1697 hebuit
380 1645 446 1697 iidem
460 1650 483 1697 et
500 1660 572 1711 spem.
583 1647 645 1710 Engo
658 1660 705 1697 non
720 1648 786 1700 vidit
802 1651 847 1701 Dei
861 1665 933 1702 essen·

124 1720 189 1770 tium.

158 1795 180 1842 t.
202 1792 331 1852 preterea,
351 1790 409 1841 sicut
426 1790 568 1853 Augustinus
585 1789 656 1851 dicit,
674 1791 729 1840 xit.
750 1794 846 1859 Super
858 1796 934 1846 Genu.
954 1811 956 1852 Ι

126 1862 161 1915 od
173 1862 215 1913 lit.
225 1862 285 1927 (cup.
296 1868 319 1925 6,
328 1862 394 1926 ete),
402 1860 526 1913 secundiim
535 1861 647 1912 visionem
656 1860 831 1924 imaginarium
841 1870 935 1931 qnaedan

125 1933 285 1985 similitudines
300 1946 420 1997 tomorum
438 1933 555 1983 videntur.
567 1934 612 1983 Sed
625 1932 712 1982 Paulus
733 1934 761 1983 in
775 1942 851 2003 raptu
864 1940 935 1988 dicium

125 2006 233 2069 quasdam
247 2004 405 2055 similitudines
414 2002 515 2066 vidisse,
531 2004 587 2068 pnti
600 2003 660 2053 tostii
674 2003 728 2054 eoeli
743 2010 769 2056 et
783 2010 902 2070 numdisi,
914 2015 932 2054 ut

125 2077 220 2127 habetur
233 2077 262 2127 ii.
277 2076 347 2131 Cor..
361 2077 411 2126 iiii.
427 2076 484 2139 drgo
496 2075 587 2126 videtur
605 2088 657 2125 esse
671 2078 755 2140 motus
769 2081 803 2129 ed
824 2081 934 2145 imagina-

124 2146 181 2198 rium
193 2148 304 2199 visionem
320 2148 392 2210 magis
406 2146 473 2211 qutun
487 2149 515 2198 ad
529 2148 641 2198 visionem
651 2146 738 2199 divinae
751 2153 879 2208 essentie.

157 2220 200 2270 Sed
215 2224 294 2270 contra
309 2222 358 2282 est,
374 2220 434 2282 quod
448 2218 589 2281 Augustinus
601 2219 778 2270 determinatim
795 2223 843 2275 lib.
860 2226 935 2273 Devi-

125 2291 208 2341 dendo
222 2292 318 2348 Deum,
334 2290 369 2340 ad
382 2290 518 2341 Paulinum
533 2289 626 2355 (Epist.
640 2290 713 2352 cxli,
728 2304 786 2356 cap.
797 2298 833 2343 23
844 2297 870 2360 )‚
880 2295 932 2360 quii

127 2380 140 2411 u
152 2363 204 2427 ipsu
216 2364 258 2413 Dei
278 2362 403 2413 substantia
420 2361 433 2412 'u
450 2362 585 2427 quibusdum
603 2361 676 2411 videri
693 2363 775 2425 potuit
788 2365 818 2415 in
836 2368 932 2418 naevis

125 2435 217 2499 positis,
232 2434 315 2485 sicuti
328 2434 406 2499 Moyse
423 2438 446 2485 et
459 2433 539 2496 Paulo,
554 2433 594 2497 qui
606 2436 686 2495 ruptus
700 2434 795 2485 audivit
813 2436 934 2489 ineffabilis

125 2507 210 2571 verbe,
228 2518 279 2571 que
299 2518 344 2557 non
360 2506 415 2556 lieet
428 2506 515 2558 homini
531 2505 629 2569 loqui.»

158 2578 321 2643 (Commune.
330 2604 361 2617 -
370 2579 455 2629 Penius
469 2592 541 2642 nsque
555 2578 579 2627 in
594 2577 686 2629 tertium
694 2578 784 2630 ooelnm
802 2581 885 2633 divint
897 2582 934 2631 vir-

23 2637 24 2646 ’
125 2650 175 2699 tuto
188 2652 279 2715 ruptus,
295 2651 368 2701 iteum
382 2662 424 2715 pon
442 2649 567 2701 essentiam
581 2646 661 2712 vidit.)

158 2797 191 2861 (1)
204 2800 237 2847 its
253 2802 289 2849 tiit
307 2805 380 2851 otium
394 2816 435 2863 qn.
452 2804 482 2853 to
496 2804 525 2851 do
540 2806 620 2864 vonit,
635 2810 679 2852 stt.
699 2804 746 2865 11,
761 2813 816 2853 tum
828 2810 855 2855 in
865 2822 931 2866 corp..

127 2864 176 2907 tum
194 2861 222 2907 td
233 2862 261 2919 ¹5
276 2866 459 2929 otuu.18‚ont.
470 2868 496 2923 Ξῖ
507 2873 531 2917 ot
544 2869 575 2917 11.
587 2872 656 2921 dom,
668 2868 798 2931 X11,leot.
812 2871 839 2933 t,
854 2874 903 2936 ⁴etot.
912 2871 931 2915 5.
