1934 3284
101 159 147 206 son
208 165 459 212 emesenorum,
476 164 668 212 cumeum,
684 164 739 202 nr.
757 164 793 201 ru.

132 249 156 294 e.
170 245 294 302 Propterea,
305 240 415 292 sobrietas
424 240 532 306 importat
540 240 701 295 tbstineutim
709 239 723 290 l
731 240 830 305 uinoll)
840 255 848 291 c
858 242 901 292 sed

101 315 179 366 vinum
190 313 332 364 interdicitur
343 312 449 376 regibus,
462 312 502 375 qui
513 315 594 362 teuent
607 325 721 362 munium
735 313 811 363 locum
824 312 851 364 in
860 314 905 364 bu·
951 354 953 373 ,

100 385 175 436 monis
189 385 273 448 rebus3
288 384 419 436 conceditur
432 388 508 434 eutem
524 383 561 432 bis
575 383 616 446 qui
635 386 690 433 sunt
704 383 729 433 in
744 387 806 434 stetu
817 385 905 435 desult-

100 456 185 520 bonis,
196 455 322 508 secundini
334 456 388 507 illud
401 458 486 512 Proc..
502 455 574 506 lllll
588 471 593 505 ι
606 472 621 503 r
637 455 691 506 Noli
702 455 796 519 regibus
805 457 861 507 dere
871 457 906 508 ri·

101 529 225 594 nunciet»
240 529 269 580 lit
282 532 362 592 postea
379 527 456 580 subdit
470 543 476 576 ε
493 545 508 576 u
520 528 576 578 licto
589 527 685 578 omnm
701 528 869 593 intuentibus,
883 532 907 580 et

100 601 178 652 riuum
193 599 231 652 luis
238 599 277 664 qui
287 613 362 651 omaro
375 599 519 650 suntanimo.
530 615 545 647 o
554 600 614 664 lquu
621 598 733 651 sobrietos
744 599 820 664 magis
829 600 907 665 requi-

101 673 158 725 ritur
175 673 200 724 in
213 671 410 726 excellentioribus
424 671 539 736 personis.

105 741 108 746 '
133 745 179 797 Sed
188 750 265 798 conire
277 749 322 809 est,
338 747 397 810 qnod
413 743 536 809 Apostolus
549 743 605 795 dicit
617 745 638 794 l.
651 744 728 807 Tine„
740 745 815 794 1112«
828 744 910 796 llnlio·

102 831 138 869 res
149 819 254 869 similiter
264 817 364 882 pudicus,
379 817 473 878 solidas,
487 819 534 867 etc.
550 831 565 865 o
580 817 611 867 llt
622 815 659 865 od
673 816 822 879 Titum.,ll,
831 816 906 868 dicit:

104 891 226 944 «iuuenes
239 889 344 940 similiter
356 890 447 940 hortere
461 891 489 938 ut
498 887 568 940 sobrii
580 888 635 939 sint.
650 903 665 935 s

952 708 954 809 l

137 961 292 1025 (Coumueuo.
310 987 341 998 -
358 957 489 1010 llulieribus
508 963 532 1010 et
552 959 692 1024 juvenibus,
711 958 734 1010 si
753 959 910 1023 respiciemus
953 994 955 1013 r

103 1033 238 1100 pronitatem
255 1033 282 1084 nd
294 1033 424 1095 uoluptates
440 1032 542 1096 eorporis
554 1033 730 1092 consectandus,
743 1032 841 1083 senibus
853 1032 910 1084 rerd

103 1109 129 1158 et
145 1105 261 1158 lnonorutis
273 1104 389 1170 personis,
403 1103 424 1154 si
438 1104 588 1168 respiciemus
601 1105 726 1169 rationem
736 1119 783 1170 qur
793 1105 842 1157 ille
854 1120 911 1171 per·

105 1173 303 1314 mimam
322 1176 400 1240 rigere
422 1176 523 1238 debent,
547 1176 658 1228 mbrietrs
672 1175 746 1240 mgis
767 1180 805 1228 est
824 1189 911 1229 necm-

136 1322 271 1386 ltespondeo
281 1320 410 1382 dicendum,
425 1318 564 1384 quddvirtns
574 1319 806 1372 hebethebitudinem
814 1322 844 1372 ed
853 1323 931 1373 dno'

105 1395 155 1446 Uuo
165 1395 256 1457 quidem
276 1393 343 1444 ruodo
359 1392 388 1442 ad
398 1391 509 1442 contraria
521 1391 579 1442 uilia
592 1405 642 1455 que
655 1392 773 1454 excludit,
785 1395 809 1442 et
826 1407 913 1444 coucu-

104 1465 227 1532 piscentius
237 1477 294 1529 quos
311 1464 425 1515 rclraennt.
439 1462 490 1514 llio
506 1464 585 1526 modo,
601 1465 628 1514 ad
645 1463 714 1514 linem
729 1462 753 1512 in
771 1475 842 1527 quern
857 1480 914 1530 per·

106 1537 175 1588 ducit.
189 1537 227 1588 Sic
241 1549 295 1599 ergo
311 1535 385 1599 eliqua
399 1535 471 1586 virtus
487 1535 560 1599 magis
574 1534 696 1598 requiritur
706 1533 731 1584 iu
741 1534 858 1599 aliquibus
872 1539 913 1588 du·

105 1607 158 1673 plici
167 1608 263 1658 ratione.
273 1607 323 1658 Uno
333 1607 408 1668 ruodo,
419 1606 473 1670 quie
482 1605 509 1656 iu
520 1608 555 1656 eis
568 1611 603 1656 est
612 1608 685 1671 major
696 1607 800 1670 pronitas
809 1610 839 1658 nd
854 1623 912 1661 con·
925 1597 929 1606 ’

106 1679 272 1744 cupisceuties,
285 1693 341 1744 ques
355 1682 443 1743 oportet
456 1691 499 1742 per
510 1678 616 1728 rututem
632 1678 757 1738 relterari,
773 1681 838 1730 etad
853 1682 912 1733 uitia

106 1765 157 1816 quo
169 1764 209 1815 per
219 1750 326 1802 virtutem
340 1751 457 1802 tolluntur.
467 1751 496 1800 Et
501 1750 678 1802 secundinmlnoc
688 1750 799 1801 sobrietas
807 1752 912 1804 maximi

107 1823 228 1887 requiritur
242 1822 266 1872 in
277 1822 401 1886 juvenibus
417 1826 441 1873 et
453 1820 595 1883 mulieribus
609 1821 696 1886 quirin
711 1821 913 1888 juvenibusviqet

108 1895 290 1960 concupiscentia
303 1893 452 1956 delectabilis,
464 1896 557 1958 prepter
568 1892 681 1944 fervorem
692 1892 776 1944 aetrbs.
787 1894 816 1943 ln
828 1896 912 1948 mulie·

108 1968 171 2020 ribus
184 1971 261 2018 nutem
274 1967 320 2018 no'n
333 1971 370 2018 est
383 1965 500 2017 sufficiens
512 1966 580 2016 robur
588 1964 712 2016 mentioued
725 1966 769 2015 boo
777 1963 842 2028 qudd
857 1980 912 2018 con·

109 2038 255 2105 cupiscentiis
277 2038 398 2103 resistunt3
417 2038 478 2088 unde
502 2035 627 2086 secuudim
648 2036 763 2086 Valerium
784 2037 911 2090 blaximuur

29 2121 61 2169 dt,
78 2147 84 2160 ·
107 2113 215 2165 mulieres
232 2111 289 2176 opud
304 2111 418 2162 Romanos
431 2107 556 2172 antiquitus
569 2121 615 2159 nou
632 2107 741 2159 bibebant
753 2107 845 2161 ninum
861 2112 911 2162 ulio

66 2182 80 2226 ι·
106 2183 162 2234 veri
178 2183 244 2236 modo
266 2181 377 2234 sobrietas
395 2181 467 2244 magis
488 2179 609 2242 requiritur
631 2179 658 2229 in
676 2179 809 2243 aliquibus,
829 2185 912 2247 utpote

108 2256 180 2321 magis
199 2253 326 2306 necessaria
344 2255 372 2304 ed
392 2253 508 2317 propriam
525 2250 680 2316 operationem
698 2251 811 2315 ipsorum.
825 2253 912 2305 Vinum

107 2329 184 2378 eutem
197 2324 344 2377 immoderate
358 2327 472 2388 sumptum
486 2321 600 2387 precipue
615 2320 710 2386 impedit
723 2335 791 2373 usum
804 2324 911 2378 udonis.

107 2398 136 2448 llt
150 2398 201 2449 ideo
211 2398 304 2449 senibus
315 2397 340 2448 in
356 2396 439 2460 quibus
451 2395 510 2444 ratio
527 2395 597 2445 debet
608 2395 686 2458 uigere
700 2393 730 2444 ud
747 2394 845 2446 eliorum
860 2411 912 2449 eru·

107 2470 230 2535 ditionem,
243 2474 266 2520 et
277 2468 389 2534 episeopis
400 2480 441 2518 seu
454 2467 593 2531 quibuslibet
605 2467 713 2518 Ecclesiae
726 2467 855 2533 ministris,
871 2469 911 2535 qui

141 2638 172 2745 111)
189 2643 259 2745 Itum
279 2641 396 2699 propriam
414 2641 522 2688 vocabuli
545 2639 737 2711 significetiouern
755 2643 806 2699 lem
824 2649 870 2691 ert.
895 2645 909 2692 1

108 2715 153 2759 exp
163 2714 197 2746 reo
210 2715 257 2746 nm.

141 2769 174 2829 (b)
189 2773 232 2815 libi
247 2772 316 2816 etinrn
330 2773 359 2818 ud
371 2775 483 2829 mojorem
494 2773 623 2830 emplurslm
636 2775 783 2830 geminetur:
797 2777 858 2823 Nolo·
870 2789 910 2822 re·

109 2832 197 2890 pibus,
211 2835 224 2874 tt
241 2834 355 2884 domuel,
368 2837 422 2880 ooli
440 2837 540 2894 reqiirrr
558 2837 618 2882 dm
629 2837 727 2884 vinum.
741 2841 772 2885 nt
782 2851 838 2885 mox
852 2841 908 2887 red.

110 2895 169 2941 ditur
183 2905 254 2940 ceusu
266 2895 364 2943 interibo
376 2899 495 2946 uotum.-
