1934 3284
342 208 344 214 .
369 167 400 206 ns
415 167 524 208 eruum.
799 160 849 211 ate

37 246 122 296 licitum
138 247 187 298 est,
204 245 242 295 lta
255 246 334 296 umen
348 244 409 308 onhd
422 245 482 296 desit
494 245 591 298 mtenho
602 246 727 312 emptionis
739 247 779 299 nel
793 261 851 300 ven-

40 317 146 380 ditionis,
162 319 189 368 et
211 314 276 380 qued
302 314 331 366 ab
355 315 433 367 inritis
453 329 501 367 non
517 315 620 380 empsim
640 331 683 383 per
697 319 850 385 spiritualium
944 322 956 341 '

39 388 239 449 subtractionem,
251 399 305 450 qne
318 389 373 440 sunt
386 387 527 453 exhibenda,
538 389 652 440 hccenim
665 391 759 445 baberet
768 405 849 455 qnam·

41 462 85 510 daur
95 458 248 512 venditionis
258 459 370 523 speciem,
380 459 449 523 petis
459 462 535 510 tamen
546 459 702 524 spiritualibus
710 461 775 528 pride
784 462 850 514 exbi-

40 533 102 598 bitis,
117 531 187 584 licite
201 534 302 595 possunt
311 534 402 582 statuta
412 535 437 582 et
446 535 562 586 consuete
577 533 736 585 obhtioueset
745 534 850 598 pmcnm·

41 617 79 667 que
93 603 137 657 alit
156 604 289 668 proventus
305 601 395 665 exigit
412 603 542 654 nolentibus
554 606 578 654 et
593 603 724 656 urentibus
742 607 848 670 soluere,

41 676 178 727 auctoritate
196 673 323 738 superioris
337 673 513 726 interueniente.

69 748 101 798 nd
119 746 226 811 primum
239 757 294 808 ergo
310 745 438 808 dicendum,
454 743 516 810 qued
533 745 683 811 Hieronymus
695 747 753 798 dicit
771 763 849 814 seper

13 815 14 866 l
42 817 128 879 etich„
143 829 245 880 munera
255 816 361 879 quedam
372 819 452 880 sponte
466 816 632 868 exhibebuntur
641 817 706 869 bonis
719 821 847 884 prophetin,

13 893 14 924 t
42 891 67 938 ad
82 887 285 942 sustentationem
301 887 415 952 ipsorum,
425 888 546 952 nonquasi
555 889 584 939 ad
593 890 714 940 emendum
723 891 849 955 prophetin

13 991 14 1018 2
42 975 121 1024 usum,
131 973 205 1024 quem
216 961 295 1010 umen
303 960 507 1024 pseudoprophete
521 959 682 1024 retorquebant
688 962 716 1012 ad
727 965 848 1024 quaestum.

70 1033 103 1083 td
125 1030 258 1083 secundum
274 1029 409 1094 dicendum,
423 1030 484 1094 dudd
507 1030 540 1080 illi
555 1031 595 1094 qui
615 1031 672 1082 dant
691 1031 849 1097 eleemosynas

13 1125 14 1128 ¹
43 1103 193 1168 pauperibus,
210 1105 238 1151 ut
248 1100 377 1154 orationum
391 1102 418 1152 ab
428 1101 484 1166 ipsis
498 1100 605 1165 snbmgia
616 1103 746 1168 impetrent,
760 1117 807 1157 non
821 1117 849 1156 eu

45 1183 118 1227 tenore
132 1175 191 1226 dent
205 1173 273 1238 qnasi
285 1173 430 1226 intendentes
435 1173 555 1226 orationes
562 1187 652 1238 emere;
666 1176 755 1239 sedper
763 1175 848 1240 pratui·

43 1251 89 1296 tam
100 1245 283 1298 beneficentiam
302 1258 428 1310 pauperum
442 1245 531 1296 animm
547 1249 673 1310 provocant
684 1247 713 1298 ad
729 1247 773 1297 hoc
785 1247 847 1312 qndd

13 1315 14 1318 ’
43 1333 82 1382 pro
98 1319 133 1370 eis
148 1317 225 1380 gratis
237 1322 262 1368 et
274 1330 302 1368 ex
315 1317 426 1370 charitate
436 1321 510 1369 orent.
525 1317 699 1369 Predieantibns
710 1319 780 1371 etiarn
791 1322 849 1371 tent-

45 1390 126 1453 poralia
142 1390 260 1442 debentur
270 1388 301 1438 ad
314 1388 503 1440 sustentationem
516 1389 704 1453 predicantium,
717 1403 763 1442 uon
773 1394 849 1442 antem

45 1464 68 1510 ad
86 1461 215 1514 emendum
232 1459 400 1524 predicationis
424 1461 535 1523 uerhnm3
548 1461 609 1511 unde
630 1474 700 1526 super
719 1460 775 1513 illud
789 1464 799 1512 l
812 1464 849 1513 od

48 1532 166 1588 Tincollo„
183 1531 226 1581 V:
247 1547 262 1578 u
277 1529 321 1591 Qui
336 1529 395 1580 bend
414 1535 516 1594 presunt
535 1530 675 1596 presbyteri,
688 1537 746 1596 eto,
763 1550 777 1581 a
792 1533 847 1584 dicit

45 1606 120 1654 Glossa
137 1601 283 1668 (Augustini,
296 1609 322 1650 at
336 1601 430 1666 suprilt
444 1601 616 1654 uNeeessitatis
626 1606 663 1654 est
676 1604 779 1668 accipere
787 1606 848 1656 unde

46 1677 138 1740 uiuitur,
152 1673 276 1726 charitatis
285 1677 322 1725 est
334 1673 451 1738 praebere,
460 1687 507 1724 uon
518 1678 595 1724 tamen
605 1675 733 1726 uenaleest
744 1677 847 1740 Euange-

45 1747 95 1796 linm
104 1750 131 1796 nt
146 1759 190 1810 pro
202 1742 241 1795 his
253 1745 398 1808 predicetur.
413 1744 507 1797 sienim
521 1745 789 1810 detenduntmapnam
799 1759 849 1796 rem

46 1820 83 1868 uili
91 1819 202 1870 rendunt
211 1817 294 1880 pretio.
309 1831 323 1863 o
336 1815 446 1867 Similiter
458 1816 528 1868 etiam
539 1817 613 1880 aliqua
623 1817 755 1881 temporalia
768 1818 850 1869 dantur

46 1892 113 1942 benni
127 1889 279 1940 laudantium
294 1888 318 1938 in
333 1888 487 1940 celebratione
501 1888 650 1939 ecclesiastici
664 1889 735 1941 oiflcii
748 1888 798 1940 siue
808 1903 851 1954 pro

45 1963 147 2026 momnis,
162 1975 212 2012 non
225 1959 291 2024 qussi
302 1958 416 2024 pretinm,
431 1960 470 2014 sed
487 1960 553 2024 qnasi
565 1959 738 2010 sustentationis
754 1960 846 2024 stipen-

13 2085 14 2102 ,
45 2035 113 2087 dium.
125 2034 156 2084 Et
173 2045 202 2086 ec
213 2032 283 2082 etiam
293 2035 371 2082 tenore
381 2043 422 2094 pro
431 2030 613 2096 processionibus
620 2029 846 2093 iadendisinaliquu

13 2111 14 2154 t
46 2108 121 2158 iuuere
128 2144 138 2171 ,
153 2105 241 2170 alique
253 2103 405 2166 eleemosynas
420 2103 576 2168 recipiuntur,
590 2102 612 2151 si
625 2105 702 2152 autem
716 2100 850 2164 hujusmodi

46 2182 107 2242 pacto
124 2174 299 2228 interveniente
313 2175 385 2237 liant,
395 2177 435 2223 aut
446 2173 515 2224 etiem
527 2187 580 2223 cunr
591 2171 716 2225 inmutione
725 2169 849 2234 emptionis

46 2251 78 2300 rel
85 2247 241 2310 venditionis,
251 2245 400 2297 simoniacum
410 2249 480 2296 esset.
491 2246 555 2296 Unde
562 2244 642 2294 illicita
652 2246 713 2294 esset
725 2241 847 2306 ordinatio,

13 2327 14 2342 ¹
47 2320 62 2368 si
76 2320 101 2370 iu
118 2319 199 2384 atqua
216 2315 314 2368 ecelesia
329 2319 465 2368 statueretrn
477 2315 538 2379 qued
556 2327 603 2366 nou
617 2314 683 2365 tieret
697 2311 811 2378 processio
825 2312 851 2364 iu

46 2393 121 2444 iuuere
145 2389 263 2453 alicujus,
282 2387 327 2438 uisi
342 2388 441 2438 solveret
460 2390 547 2437 certam
568 2384 861 2453 pecuniamtutamet,

13 2499 14 2534 ,
46 2465 94 2527 qnia
107 2477 152 2530 per
170 2462 220 2512 tale
233 2462 343 2510 statutum
355 2459 532 2524 maeelnderetur
547 2457 585 2507 uia
602 2456 673 2521 gratis
689 2456 787 2508 cilicium
802 2456 852 2520 pie·

13 2583 14 2588 ,
46 2537 94 2587 tatis
107 2532 231 2598 aliquibus
238 2530 402 2596 impendendi;
414 2528 487 2593 magis
496 2533 576 2580 autem
584 2527 647 2579 licita
656 2531 717 2579 meet
729 2525 851 2591 ordinatio,

46 2609 63 2658 si
74 2607 219 2659 statueretur
229 2602 290 2666 qnbd
301 2601 407 2653 omnibns
416 2603 502 2651 certam
510 2600 677 2666 eleemosynam
687 2599 792 2651 dantibus
801 2599 853 2650 talis

13 2685 14 2728 t
46 2679 114 2731 bonor
126 2675 295 2739 exhiberetur,
309 2673 363 2738 quia
379 2687 419 2738 per
437 2673 481 2722 hoc
493 2684 540 2722 nun
556 2672 730 2736 praecluderetur
749 2670 787 2724 ria
800 2669 852 2720 aliis

13 2733 14 2808 l
47 2747 186 2810 exhibendi3
203 2749 230 2800 et
245 2748 363 2811 preterea,
377 2744 450 2810 prima
464 2744 578 2796 ordinatio
592 2745 662 2796 babet
672 2743 773 2809 speciem
783 2753 851 2792 emc-

13 2813 14 2900 l
47 2822 121 2888 tionis,
138 2817 247 2872 secunda
266 2821 346 2870 antem'
359 2817 428 2868 habet
445 2813 544 2880 speciem
566 2813 668 2880 gratuite
690 2823 851 2878 recompensa-

13 2907 15 2978 *
46 2893 122 2946 tionis.
