1934 3284
130 181 177 232 aas
240 191 350 232 mennon
365 187 495 244 sanusne,
512 191 604 238 enm.
621 191 695 242 nonu,
708 189 764 240 aas.
780 191 817 232 iv.

130 267 192 320 undo
208 267 289 320 dicitnr
303 268 327 318 in
341 267 436 320 Poatm.
447 267 506 320 llll
519 284 526 318 :
542 268 630 318 «Sient
643 267 732 333 annino
744 268 818 323 write
830 270 855 320 et
867 269 935 320 obtu-

131 341 202 395 rantis
215 353 282 392 aures
295 353 361 401 suas,
375 354 425 405 qua
440 353 487 390 non
501 338 605 392 exaudiet
621 353 700 392 uocem
716 338 895 403 incantantium,
912 345 938 392 et

132 411 229 472 venelici
245 411 384 462 incantantis
401 412 554 476 unienter.»
570 409 629 476 Ergo
644 410 699 462 licet
712 411 851 476 smuentom
871 425 940 464 meua

134 484 202 533 uerba
221 483 249 532 ad
266 481 391 534 remedium
406 482 533 533 hominnm.

168 557 191 606 a..
211 555 337 616 emmau,
352 553 445 609 ventum
459 552 501 606 tlei
515 557 607 606 nonest
621 553 718 607 minoris
729 554 857 605 sanctitatis
868 553 940 618 quim

135 623 237 689 reliquia
257 629 400 682 sanctorum
415 625 476 675 unde
495 625 635 687 Augustinus
654 625 709 676 dicit
727 625 780 686 (lin.
801 626 939 685 intenuit„

137 697 208 754 lion.
216 696 308 760 lxvi),
318 695 379 760 qnid
389 713 403 745 o
414 709 459 747 non
470 697 547 747 minus
558 701 594 747 est
606 698 700 748 verbnm
711 698 768 760 liei,
778 697 847 761 mam
855 711 943 764 corpus

137 767 231 836 Christi.
247 784 261 816 u
275 767 320 818 Sed
334 767 441 832 reliquias
455 771 586 819 unctorum
600 767 653 820 licet
664 768 754 820 homini
770 769 829 827 nolo
844 783 943 835 snspen-

138 839 205 902 tere,
220 839 257 890 vel
270 839 463 904 qualitercumque
474 844 564 902 nouare
577 840 606 890 ad
616 851 682 900 suam
692 840 866 905 nentmtnnem.
881 842 942 907 Ergo

137 910 186 973 pani
198 910 284 977 natione
296 909 446 964 licetnouini
457 911 534 975 (vernn
545 912 583 962 vet
597 911 691 976 scripto)
702 912 771 963 aena
779 925 852 966 mete
865 913 944 980 Serip-

137 985 193 1050 turae
207 983 236 1033 ad
250 997 315 1034 sunm
328 983 421 1036 tutelam
433 996 557 1035 assumere.

169 1053 214 1105 Sed
230 1059 307 1106 eontra
325 1059 373 1119 est,
388 1056 447 1118 quod
468 1055 644 1119 chrysostomus
656 1055 711 1107 dicit
726 1070 802 1123 ευμεν
823 1057 944 1108 Multa:

140 1125 262 1186 «Quinam
280 1125 377 1189 aliquam
399 1131 486 1191 nantem
506 1126 626 1190 Evangelii
645 1128 752 1191 moinum
773 1127 835 1179 eirca
857 1130 945 1183 collum

137 1199 237 1262 portant.
252 1199 295 1250 Sci
314 1211 390 1250 noune
406 1198 508 1260 qnotidie
524 1199 673 1262 Euangelinm
689 1199 714 1249 in
727 1199 831 1250 Ecclesia
847 1200 944 1265 legiam,

139 1271 163 1318 et
174 1267 262 1318 auditne
275 1269 304 1318 ali
317 1267 439 1320 omnibus?
455 1269 498 1320 Cui
511 1282 566 1333 engo
580 1269 604 1320 in
616 1269 710 1320 auribus
730 1270 805 1334 posita
818 1270 948 1335 Evangelia

139 1339 196 1394 nihil
213 1343 323 1403 prosulit,
338 1341 452 1404 quomodo
468 1345 566 1405 possunt
579 1354 632 1392 oum
649 1341 708 1392 cirea
724 1343 808 1392 collum
828 1356 947 1407 suspensa

139 1410 243 1462 savam?
258 1411 342 1463 lleiude
356 1411 395 1464 nbi
404 1415 440 1464 est
449 1413 522 1464 virtus
533 1413 666 1475 Evangelii?
677 1413 702 1467 in
712 1413 790 1476 ligneis
798 1412 943 1480 litterarum,

141 1494 171 1532 an
190 1482 214 1532 in
229 1482 347 1534 intellectu
364 1484 489 1537 sensuum?
502 1483 526 1536 si
547 1484 571 1535 in
589 1484 686 1547 figuris,
700 1484 759 1542 hene
780 1484 843 1536 circa
860 1487 949 1538 collum

140 1553 275 1617 suspendis3
291 1555 310 1605 si
323 1555 349 1606 in
363 1555 491 1619 iuitelleutn,
511 1569 565 1620 engo
580 1553 663 1616 meliis
678 1555 703 1606 in
713 1556 780 1608 mado
793 1557 873 1620 posita
887 1574 945 1624 pro-

141 1628 207 1688 sunt,
220 1625 288 1689 qnim
301 1626 360 1678 cirea
371 1628 453 1680 collum
469 1641 588 1691 suspensa.
599 1643 614 1674 n

173 1697 334 1760 (Conconne.
350 1697 467 1748 -Verba
485 1698 562 1750 divina
579 1701 610 1751 ad
630 1700 713 1750 collnm
728 1700 883 1764 suspendere,
900 1706 950 1755 nisi

141 1768 225 1834 aliquid
240 1770 345 1821 salsitatis
364 1771 400 1820 vel
413 1769 476 1819 dubii
489 1770 637 1834 contineant,
658 1784 704 1821 non
722 1770 828 1821 illinitum
849 1776 949 1827 omnino

141 1843 193 1900 est.
211 1854 339 1906 quanquam
350 1841 484 1900 laudabilius
494 1847 555 1893 esset
569 1843 596 1893 ab
606 1842 644 1894 tais
653 1841 792 1907 ¹abstinere)

172 1913 306 1976 Respondeo
322 1912 458 1972 dicendum.
469 1913 530 1977 laod
543 1913 567 1963 in
580 1910 687 1966 omnibns
697 1914 897 1969 incantationibus
913 1921 950 1971 vel

141 1983 260 2050 seripturis
280 1983 398 2048 catenensis
416 1983 460 2034 dno
477 1986 578 2036 canenda
597 1986 711 2042 videntne.
737 1985 816 2037 Primo
837 1993 951 2052 quodem,

142 2055 198 2120 quid
216 2055 246 2107 sit
258 2057 318 2119 qnod
337 2055 451 2119 profertur
461 2055 503 2107 ¹net
520 2057 641 2119 εεειιεὶιιεη
660 2058 713 2120 qnia
727 2058 746 2109 si
760 2061 796 2108 est
813 2059 903 2124 aliquid
922 2065 951 2113 ad

141 2127 298 2182 invocationes
310 2127 438 2184 demonum
458 2127 591 2190 pertinens,
611 2128 732 2181 mamona
748 2137 784 2180 est
802 2133 955 2194 susperstitio-

142 2213 192 2250 snm
211 2202 235 2251 et
247 2198 360 2256 illinitum.
374 2198 482 2250 Similiter
498 2200 569 2251 etiam
587 2199 676 2250 udatur
694 2213 745 2252 esse
763 2201 913 2265 canentum,
934 2205 965 2255 si:

141 2270 258 2324 contineat
269 2271 346 2336 ignota
361 2269 469 2332 nomina,
484 2283 514 2322 ne
526 2272 571 2323 snb
587 2271 633 2323 illis
638 2271 730 2345 aliquid
741 2271 847 2322 illicitum
858 2273 954 2339 lateat3
963 2318 965 2331 ,

141 2345 201 2394 unde
214 2344 389 2409 chrysostomus
407 2341 460 2392 linit
472 2357 550 2407 anper
559 2329 649 2394 natali.
652 2341 734 2406 ,quon
751 2343 956 2396 «pharisaerum

143 2414 336 2478 magnificantium
349 2415 448 2468 linarias
462 2427 516 2467 suas
529 2415 648 2480 exemplo,
660 2427 720 2464 nune
733 2413 799 2466 multi
812 2414 894 2478 aliqua
908 2434 955 2470 nn-

143 2485 206 2536 mina
218 2486 324 2538 nemeina
338 2487 469 2550 angelorum
487 2486 634 2550 contingunt,
648 2489 673 2534 et
682 2483 783 2539 sunihnnt
796 2489 822 2535 et
833 2486 952 2551 alligant·
948 2530 965 2552 ‚.

144 2569 195 2621 qua
212 2570 257 2609 non
273 2557 453 2622 intelligentibus
471 2557 592 2609 metuenda
608 2555 722 2607 vitentur.
736 2572 751 2604 n
767 2557 809 2606 Est
827 2557 905 2608 etiam
920 2575 965 2625 eq·-

143 2629 282 2679 nondumne
296 2628 381 2693 aliquid
399 2627 503 2680 falsitatis
515 2626 648 2688 continent,
662 2625 716 2691 quia
735 2626 769 2676 sie
785 2627 838 2690 ejus
855 2630 960 2682 effeetus

144 2711 190 2750 nnn
212 2702 290 2764 pmset
309 2700 424 2764 emactari
444 2699 458 2750 a
477 2701 537 2762 Deo,
553 2699 593 2764 qni
616 2712 662 2757 non
682 2703 719 2750 est
739 2698 807 2748 testis
828 2698 957 2754 talsitatis.

144 2769 245 2833 Deinde,
259 2772 386 2822 nuendum
402 2770 565 2835 unisonantia,
580 2785 610 2822 ne
623 2784 676 2821 enm
691 2769 767 2823 ambis
788 2771 862 2824 meris
879 2777 965 2826 conti·¹

144 2843 241 2894 neantnr
257 2840 332 2904 aliqua
344 2855 418 2908 vona,
432 2842 489 2908 puta
498 2842 570 2906 aliqui
579 2843 721 2899 matteras
733 2840 856 2906 mseripti,
871 2851 965 2910 praten

43 2937 46 2944 ·
145 2912 235 2978 nquam
253 2912 340 2979 emtis3
356 2917 396 2976 ant
416 2915 439 2969 ai
455 2927 510 2980 snos
528 2915 641 2970 noum
653 2914 680 2968 iu
694 2915 762 2972 moto
778 2912 900 2973 numenei
920 2925 965 2979 aut
