1934 3284
344 195 374 234 us
387 193 540 236 cernimur.
645 211 649 215 ·
795 166 843 235 riu

3 331 4 346 ξ
36 273 119 325 dieitur
132 273 154 324 li
166 270 274 334 nette).
286 269 382 325 obedire
396 276 471 324 aulem
481 271 592 338 superiori
601 272 702 325 debitum
710 275 746 326 eet
758 285 841 326 secun·

36 348 88 398 dim
99 345 208 409 ιιιιίιιιιιι
217 345 320 397 ordinem
331 345 400 396 rebus
409 345 523 408 inditum,
531 350 557 396 ut
569 349 687 398 ostensum
695 350 731 398 est
741 347 795 413 (art.
806 347 840 412 ι);

36 423 56 470 et
70 432 114 482 per
132 429 277 480 consequens
290 419 324 466 eet
337 417 492 481 bunum‚ei1ur
506 418 592 468 bonum
602 421 692 469 cuusmt
702 434 717 466 ιι
727 418 754 469 in
767 420 842 485 modo,
896 403 906 424 ’

37 491 111 554 specie
133 492 160 540 et
176 488 269 548 ordine,
292 504 306 535 u
325 491 351 538 nl
367 488 506 553 Augustinus
522 489 579 540 dicit
598 488 623 540 iu
635 489 676 540 lib.
691 491 729 540 De
744 495 842 542 notura

38 562 93 612 boui
111 563 183 624 (cap.
201 557 243 630 t).
260 559 333 610 iisbet
352 563 427 610 autem
446 560 485 610 irio
506 563 571 610 artus
587 561 708 625 specialem
731 561 842 614 rationem

38 634 109 684 leudis
129 645 161 682 eu
174 630 269 696 speciali
283 630 387 696 obp'eeto3
401 630 453 682 cum
470 631 663 700 enimjnleriores
675 633 722 684 suis
735 633 843 698 superio-

38 704 96 756 u'bus
118 702 194 754 multa
215 702 313 754 debeant
332 702 454 766 exhibere,
475 703 534 754 inter
553 706 636 754 cetere
652 705 696 755 boc
714 707 750 754 est
769 716 841 754 unum

40 775 152 839 speciale,
164 772 228 842 pnbd
246 776 354 824 mnentur
362 783 446 826 ‘eornm
456 774 578 839 preceptis
591 774 690 826 obedire.
708 775 774 827 Unde
786 777 842 828 olmOE

39 847 122 898 denne
137 848 175 898 est
189 843 297 908 specialis
311 845 395 907 ιιιιιιι,
408 845 491 909 eteius
504 844 601 909 speciale
611 844 725 906 obiectum
739 850 775 897 est
785 858 841 911 pru·

40 921 127 982 ceptum
139 917 237 966 taciturn
253 915 291 966 uel
299 928 432 980 expressum
444 931 450 966 ε
462 917 569 968 uoluntas
580 915 641 966 eninr
652 917 774 981 superioris
786 931 842 981 quo-

38 1001 132 1054 cumque
144 987 214 1038 modo
227 987 361 1049 innotescat,
375 991 411 1038 est
425 987 539 1052 quoddam
549 990 642 1037 mettum
652 991 803 1052 preceptum
818 992 843 1040 et

40 1060 98 1112 nuto
111 1059 208 1112 uidetur
223 1059 353 1110 obedientia
367 1060 505 1124 promptior,
518 1059 606 1124 quantb
627 1071 762 1124 expressum
779 1073 840 1125 pre·

40 1137 128 1197 ceptum
142 1131 275 1182 obediendo
288 1130 406 1194 prevenit
421 1131 538 1182 uoluntate
552 1131 676 1196 superioris
689 1131 814 1184 intellecta.

66 1206 99 1255 id
111 1204 217 1268 primum
233 1215 288 1265 ergo
304 1202 437 1266 dicendum,
449 1203 510 1266 quod
523 1203 580 1253 nibil
596 1203 701 1269 probibet
717 1205 773 1254 duas
790 1217 843 1269 spe-

40 1276 103 1326 dues
118 1274 236 1336 rationes,
252 1273 281 1323 ed
298 1287 355 1336 quas
369 1274 419 1326 dum
430 1275 542 1338 speciales
555 1274 651 1326 uirtume
663 1274 806 1341 respiciunt,
818 1275 843 1326 in

3 1399 4 1404 χ
40 1361 80 1398 uno
94 1350 120 1398 et
139 1345 224 1396 eodem
240 1344 352 1394 materiali
365 1344 454 1408 objectu
467 1358 622 1397 concurrere:
640 1345 700 1397 sicut
720 1346 786 1396 miles
803 1347 843 1397 du·

40 1418 152 1469 tendendo
167 1417 268 1466 castrum
285 1415 352 1479 regis,
366 1415 445 1480 impiet
459 1419 483 1468 et
500 1431 557 1482 opus
571 1417 708 1468 tortitudinis
722 1431 768 1468 uon
782 1419 844 1468 reiu-

40 1491 100 1553 giens
111 1487 196 1540 mortis
207 1485 309 1550 pericula
321 1491 414 1552 propior
424 1489 523 1552 bunum,
534 1492 626 1554 etopus
637 1489 732 1555 justitia
741 1490 842 1540 debitum

41 1561 157 1612 uminum
167 1558 264 1610 domiuo
278 1570 319 1608 ruo
329 1559 435 1610 reddens,
449 1559 567 1622 sicigitur
579 1560 638 1611 ratio
648 1560 765 1625 precepti,
774 1574 842 1625 quam

41 1633 135 1684 stendit
145 1629 294 1691 obedientia,
311 1629 423 1680 concurrit
436 1643 488 1680 eum
501 1630 587 1681 acubus
600 1631 703 1682 omnium
716 1631 841 1693 uirtutum,

41 1718 83 1755 uun
102 1711 184 1754 tamen
198 1714 251 1752 uum
269 1699 373 1753 omuibus
391 1702 500 1752 uirtutum
513 1703 616 1767 actibus,
635 1703 689 1767 quia
702 1717 749 1756 non
762 1717 842 1757 omues

41 1780 100 1828 actus
116 1775 233 1825 mrtutum
245 1776 299 1823 sunt
313 1772 337 1822 iu
347 1777 469 1836 precepto,
480 1777 506 1822 ut
521 1772 590 1838 suprd
603 1775 705 1826 babitnnu
721 1780 756 1826 eet
777 1777 808 1840 (t,
817 1780 841 1839 ι,

39 1862 74 1910 pu.
91 1853 134 1909 96,
151 1847 196 1896 art.
209 1843 256 1909 t);
270 1845 374 1896 similiter
385 1845 452 1896 etiam
466 1847 569 1909 quedam
589 1847 722 1912 mundoque
733 1847 776 1898 sub
786 1861 843 1913 pue

40 1923 103 1984 cepto
123 1919 224 1979 cadunt,
241 1922 292 1979 qno
312 1916 340 1968 ad
358 1917 442 1968 nullam
458 1916 526 1967 aliam
548 1916 654 1968 uirtutem
673 1919 803 1984 pertinent,
818 1921 844 1968 ut

39 1994 100 2053 patet
118 1989 144 2040 in
157 1989 197 2038 bis
210 2001 262 2052 qum
276 2000 323 2039 nun
337 1990 389 2038 suut
400 1988 457 2038 mna
467 1986 514 2038 uisi
529 1989 584 2052 quia
595 1989 718 2053 prohibite.
732 1991 772 2040 Sic
780 2005 843 2056 ergo,

38 2059 206 2114 siobedientla
221 2057 312 2124 proprie
326 2059 450 2124 accipiatur
467 2061 592 2110 secundnm
610 2059 670 2123 quod
688 2061 780 2126 respicit
805 2075 847 2126 per

39 2133 194 2188 mentonem
205 2132 323 2183 formalem
341 2132 452 2183 rationem
466 2131 584 2196 precepti,
600 2133 643 2182 erit
652 2133 755 2197 specium
765 2132 844 2194 uitus,

40 2208 61 2255 et
75 2203 236 2257 inobedientia
254 2206 372 2268 peccatum
391 2203 491 2268 speciale
511 2218 517 2252 :
534 2201 659 2254 secundini
672 2206 716 2254 luoc
736 2205 798 2254 enim
815 2205 844 2256 ad

39 2275 195 2328 obedientiam
216 2272 339 2338 requiritur
357 2273 416 2338 quod
437 2273 531 2340 impleat
551 2273 633 2338 aliquis
652 2277 727 2326 actum
747 2274 844 2339 justitie

39 2351 76 2402 uel
87 2347 186 2399 alterius
199 2346 301 2408 ditatis,
311 2343 432 2398 intendens
445 2347 539 2410 implere
552 2349 704 2412 preceptum
720 2349 743 2398 et
756 2348 783 2397 ad
794 2347 845 2399 inu-

38 2420 182 2473 bedteutiam
201 2418 319 2483 reponitur
333 2418 393 2482 qudd
412 2417 530 2469 actualiter
548 2422 678 2470 mntemuat
695 2423 843 2484 preceptum.

39 2493 62 2542 Si
82 2491 142 2544 verb
169 2489 298 2542 obediemia
320 2489 382 2554 large
404 2489 529 2553 accipiatur
546 2503 587 2554 pro
607 2488 740 2541 executione
763 2491 845 2556 cujus-

39 2577 141 2628 cumque
153 2561 213 2626 quod
226 2563 391 2626 potestcedere
403 2561 582 2625 suppremus,
596 2564 620 2612 et
633 2562 788 2614 inobedientia
800 2576 843 2628 pro

39 2634 169 2686 omimiuue
186 2633 290 2698 ejusdem
309 2647 337 2684 ex
353 2643 495 2698 quacumque
509 2632 649 2696 intentione,
662 2631 696 2684 sic
716 2633 844 2686 obedientia

40 2704 84 2756 erit
102 2703 219 2770 generalis
232 2701 315 2767 ulmus,
326 2707 349 2754 et
362 2703 521 2755 inobedientia
530 2705 636 2767 generale
647 2709 774 2772 peceatum.

69 2779 106 2830 ad
125 2775 252 2828 secundum
275 2775 411 2840 dicendum,
430 2775 493 2840 qudd
514 2774 642 2828 obedientie
659 2790 705 2828 non
721 2779 757 2828 est
775 2777 848 2826 uirtus

3 2869 4 2876 ι
40 2849 186 2914 theolegium
202 2861 249 2900 uon
273 2848 335 2900 enim
349 2861 391 2914 per
411 2859 436 2898 se
457 2847 574 2912 objectum
589 2848 642 2912 ejus
657 2851 693 2900 est
713 2850 787 2910 bene,
804 2847 847 2897 sed

40 2923 184 2987 praeceptum
201 2919 326 2988 superioris
345 2919 576 2986 cujuscumque„uel
596 2931 744 2988 expressum,
762 2917 799 2968 uel
811 2917 847 2968 in-
