1934 3284
340 139 371 176 bs
385 137 565 182 manaae.
806 127 851 176 ³⁸⁸

54 211 111 262 sicin
121 225 199 279 opere
210 216 234 264 ct
245 214 314 276 poti.
330 215 382 266 Non
397 220 433 266 ert
446 219 523 266 anem
535 215 596 266 idem
613 214 749 280 principium
770 213 853 279 agendi

54 286 78 332 ct
87 284 204 348 patiendi:
217 285 281 336 unde
294 285 347 349 qun
356 285 480 338 liberalitas
491 291 528 336 esi
536 285 672 351 principiam
685 285 854 346 abstinuissem

54 355 153 419 pertinet
165 357 195 407 ad
207 355 323 407 liberalem
334 361 360 407 nt
367 357 399 410 sit
408 360 526 423 promptus
536 359 564 409 ab
572 358 737 423 recipiendum,
749 363 772 410 et
783 355 853 408 multb

55 425 130 480 ninus
140 428 170 478 ad
180 429 321 493 peandum3
336 430 398 481 unde
414 443 510 482 remus:

155 549 190 587 «si
200 549 243 598 quir
252 551 272 587 in
280 549 397 588 boemundo
404 553 446 589 vult
455 553 521 590 multis
529 557 592 600 gratur
598 551 676 598 haberi,

150 607 196 653 Dat,
206 608 275 657 capiat,
286 617 366 658 queant,
375 611 468 659 plurima,
482 621 551 659 pauca,
562 607 608 648 nibil
619 609 672 659 (1).»

53 716 147 768 ordinat
156 721 241 779 ‚autem
252 719 280 768 ad
289 719 389 769 dandum
402 719 478 783 aliqua
493 719 616 772 mundum
630 719 811 770 convenientiam
823 720 853 769 li-

54 787 193 852 beralitatis,
212 789 300 840 scilicet
322 790 410 840 fructus
433 791 572 856 propriarum
590 791 855 856 possessionumque
910 839 912 844 ,

53 860 138 912 scilicet
155 865 263 924 procurat
276 865 344 912 ateis
358 861 480 913 liberaliter
490 867 575 913 utatur.

82 933 117 982 Ab
138 937 245 996 quartum
258 933 387 996 dicendum,
405 933 466 998 qnbd
479 935 509 984 ad
526 935 701 999 expendendum
712 935 735 984 in
748 935 848 999 seipsum

53 1009 133 1054 natura
148 1003 243 1054 inclinat
258 1021 264 1054 ι
277 1007 337 1056 unde
350 1004 411 1069 pubi
420 1006 542 1071 pecuniam
553 1006 605 1070 quis
613 1005 734 1072 profundat
747 1005 771 1054 in
781 1006 851 1069 alios,

54 1074 94 1125 boc
103 1076 207 1140 pertinet
219 1075 310 1140 proprie
323 1078 351 1127 ad
361 1077 478 1129 nimutem.

356 1256 513 1308 nantelinus
529 1257 556 1306 V.

231 1381 316 1426 Utrrlm
327 1382 460 1427 liberalitas
469 1382 501 1426 sit
509 1393 568 1438 pars
576 1383 683 1431 iustitia.

84 1511 117 1560 ld
128 1507 235 1572 quintum
249 1508 283 1558 sic
295 1508 424 1572 proceditur
433 1511 477 1570 (a).
493 1509 587 1560 Videtur
600 1508 659 1572 qubd
672 1507 795 1558 liberalitas
810 1522 857 1559 non

54 1581 82 1630 sit
100 1594 157 1644 pars
168 1580 275 1644 justitia.
294 1580 385 1631 lustitia
404 1581 464 1631 enim
478 1580 572 1644 respicit
584 1581 697 1631 debitum.
713 1581 757 1631 Sed
771 1578 856 1644 quiantb

54 1657 88 1702 est
97 1652 186 1715 aliqmd
199 1653 272 1716 magis
285 1653 400 1715 debitum,
413 1652 478 1703 tantb
489 1651 565 1703 minias
577 1652 697 1703 liberaliter
708 1653 780 1702 datur.
797 1653 857 1714 Ergo

54 1723 179 1780 liberalitas
192 1730 283 1774 nonest
296 1724 462 1789 parsjustitiae,
472 1726 511 1775 sed
529 1725 551 1774 ei
565 1727 684 1788 repugnat·

84 1803 108 1846 a.
126 1797 256 1856 Praeterea,
268 1795 358 1860 justitia
371 1798 407 1846 est
422 1796 481 1845 circa
499 1796 658 1860 operationes,
671 1799 697 1846 nt
710 1793 779 1859 snpra
791 1795 859 1846 babis
955 1837 956 1844 ,

55 1871 101 1918 tum
117 1871 158 1920 cst
168 1867 223 1932 (qu.
238 1871 281 1928 58,
294 1870 338 1917 art.
353 1867 397 1930 9).
414 1867 460 1917 Sed
477 1867 598 1918 liberalitas
611 1872 646 1918 cst
659 1865 775 1930 precipue
797 1867 857 1917 circa

55 1950 154 1990 amorem
171 1942 195 1991 et
208 1938 414 2002 concupiscentiam
427 1938 589 2003 pecuniarum,
599 1951 650 2002 que
662 1941 716 1988 eunt
729 1937 855 2000 passiones.
955 1971 956 1974 ,

56 2011 113 2075 Ergo
127 2011 202 2074 magis
209 2011 300 2061 videon
308 2011 431 2062 liberalitas
441 2011 469 2061 ad
481 2012 656 2074 temperantiam
665 2010 779 2074 pertinere
788 2007 857 2072 qulnr

56 2083 81 2131 an
93 2082 218 2146 inertum.

87 2160 110 2204 a.
125 2157 250 2220 Praeterea,
258 2155 288 2205 ad
297 2154 455 2206 liberalitatem
462 2153 683 2218 perlinetpraecipub
695 2153 857 2204 conuenienter

57 2225 117 2290 iare,
129 2227 250 2278 uidictnm
260 2230 297 2277 est
307 2230 362 2290 (art.
376 2230 405 2290 i,
419 2227 493 2289 aba).
508 2227 552 2277 Sed
562 2226 726 2276 convenienter
741 2225 794 2275 dare
806 2237 858 2288 per·
955 2261 956 2276 r

57 2297 114 2349 tinet
136 2300 166 2350 ud
185 2297 359 2350 beneficentiam
379 2304 404 2349 et
423 2297 613 2360 misericordiam,
632 2311 682 2362 qua
698 2297 812 2362 pertinent
829 2297 857 2346 ad
955 2307 956 2324 ¹

57 2413 77 2459 ia
94 2417 206 2463 afferatur
214 2391 243 2463 ut
256 2419 366 2475 probetur
377 2419 440 2474 qnod
453 2430 482 2463 eo
493 2423 556 2464 textu
569 2416 598 2462 17
615 2417 757 2474 propositum
770 2415 857 2475 iuerat,
955 2447 956 2484 p

59 2479 164 2525 uirtutem
178 2493 231 2526 esse
245 2480 428 2540 dispositionem
443 2481 475 2526 od
489 2480 586 2538 aliquid
601 2481 729 2540 optimam.

89 2548 120 2611 (l)
134 2553 174 2598 'Sic
185 2566 270 2610 nempe
284 2555 439 2600 construendo
451 2572 457 2599 :
471 2555 516 2600 Det
525 2555 658 2612 plurimo,
672 2553 754 2610 capiat
766 2564 859 2610 perrea,
955 2593 956 2596 ,

60 2619 150 2668 onerat
158 2615 227 2661 aibat
242 2614 295 2677 (sen
309 2617 365 2662 nibil
380 2613 470 2676 petat).

90 2682 124 2746 (2)
139 2689 172 2732 lle
183 2687 298 2733 bisetium
308 2689 387 2748 snpra,
396 2700 437 2745 qu.
446 2687 487 2744 58,
498 2694 541 2733 art.
553 2687 592 2744 12,
601 2689 631 2734 ad
641 2687 667 2740 13
681 2687 737 2733 etin
750 2687 793 2732 hae
807 2687 858 2745 ipsa
955 2725 956 2730 ,

61 2756 151 2816 quest,
163 2755 208 2794 art.
219 2751 245 2811 2,
256 2752 286 2796 arl
295 2751 318 2808 3,
331 2759 356 2796 et
369 2757 413 2796 art.
424 2750 448 2808 3,
457 2751 487 2795 ad
495 2751 524 2805 23
534 2756 557 2795 et
567 2751 636 2810 inira,
651 2763 691 2809 qu.
704 2749 759 2805 lar,
773 2757 817 2795 art.
832 2749 856 2808 1,

60 2819 167 2868 tneorp.;
183 2818 208 2857 et
219 2815 263 2872 111,
273 2814 352 2864 Seni„
365 2814 419 2860 (list.
430 2812 471 2874 ΞΤ,
482 2824 522 2870 qu.
535 2814 563 2871 Ξ,
578 2821 622 2859 art.
635 2813 660 2874 l,
675 2815 816 2870 quaestione.
829 2814 855 2867 ἲς

62 2877 84 2915 et
95 2885 135 2931 qn.
146 2873 186 2934 13,
198 2875 227 2921 tle
237 2877 307 2938 malo,
324 2883 368 2922 art.
383 2876 407 2922 l.
