1934 3284
115 121 162 172 ‘loe
225 126 335 170 sacrum
351 109 587 178 smnuonjounsr.
604 124 688 177 ιιιιιι,
703 125 764 166 ιιι.
780 126 812 166 ιι.

115 213 180 260 vetur
192 210 269 258 eontra
279 205 334 256 uitia
354 203 476 256 mcunddro
490 203 591 254 ordinem
603 200 700 254 rationis
714 219 722 253 ι
735 206 760 254 et
772 204 830 255 baec
844 204 912 255 iraest

113 281 186 342 boue,
197 292 246 343 que
255 277 340 328 dieitur
350 277 390 325 iro
401 291 452 342 per
465 277 556 326 zetum.
570 275 635 326 Unde
646 274 776 338 Gregorius
789 275 847 325 dicit
859 277 911 328 inl.

114 349 205 402 ltorot.
221 350 230 414 (
238 361 288 412 cap.
304 351 343 410 tt,
357 346 406 398 sive
418 349 463 410 dit)
478 346 649 399 :adoraudum
659 359 817 410 summopere
830 352 877 411 est,
890 362 913 397 oa

114 413 147 472 ira
159 434 210 485 que
221 424 246 470 nt
255 421 429 470 instrumentum
439 418 531 469 uirtutis
545 417 679 481 assumitur,
685 419 768 482 menti
779 420 911 482 dominetur

114 507 143 546 ne
159 492 224 557 quasi
236 491 327 544 domina
340 493 437 555 preest,
452 490 493 540 sed
508 489 570 540 velut
583 489 664 540 ancilla
682 489 711 540 ad
726 488 868 555 obsequium
881 505 915 555 pa·

116 570 165 616 rata
179 563 192 614 d
203 563 297 614 rationis
310 567 373 628 tergo
386 575 502 625 uunquam
513 563 610 612 recedat.
619 577 633 608 a
644 562 699 612 llec
710 565 797 612 autem
811 563 859 625 ira,
871 563 915 613 etsi

116 636 141 688 iu
152 635 202 702 ipsa
215 635 349 686 executione
359 633 423 685 actds
433 633 543 699 judicium
554 633 647 684 rationis
657 633 793 696 aliqualiter
804 634 914 700 impediat,

116 721 162 760 noo
177 714 254 758 tamen
264 706 422 759 rectitudinem
436 705 531 756 rationis
544 705 610 754 tollit.
626 703 690 754 Unde
700 704 835 768 Gregorius
843 706 916 756 ibidem

116 779 169 832 dicit
182 779 242 844 quod
255 779 310 829 aira
321 791 361 843 per
372 778 444 827 zelum
456 777 531 826 turbat
541 775 747 834 rationisocolum;
757 777 803 827 sed
817 777 916 841 perirem

117 849 194 901 uitium
209 853 316 902 excecat.
326 865 340 897 ι)
351 850 401 899 Non
415 851 450 898 est
464 851 541 898 autem
554 850 633 897 matra
644 845 763 896 rationem
777 847 917 910 uirtutis,ut

117 921 277 974 intermittetur
288 919 418 972 deliberatio
432 919 527 970 rationis
539 918 562 967 in
577 918 712 968 executione
722 917 778 980 ejus
789 920 857 982 quod
864 919 918 970 esti

118 994 203 1044 ratiorm
219 991 379 1056 deliberatum
395 990 449 1053 quia
462 991 530 1040 etiam
547 1003 585 1040 ars
600 988 749 1052 impertiretur
760 989 786 1039 iu
799 1003 846 1042 suo
859 996 917 1050 actu,

117 1065 136 1116 si
149 1065 201 1116 dum
216 1065 283 1115 debet
297 1077 377 1128 agere,
390 1062 524 1113 deliberaret
534 1063 561 1113 de
574 1061 675 1124 agendis.

150 1135 183 1186 ld
196 1136 286 1186 tertium
296 1134 429 1192 dicendum,
442 1132 503 1197 qood
512 1137 620 1197 appetere
631 1131 754 1182 uindictam
770 1137 870 1198 propter
879 1146 919 1183 ma-

119 1209 165 1260 lum
182 1209 232 1273 ejus
250 1207 290 1271 qui
302 1206 430 1272 puniendus
443 1209 488 1268 est,
506 1204 610 1255 illicitum
623 1208 666 1256 est.
681 1204 727 1255 Sed
740 1211 859 1270 appetere
873 1207 921 1256 rio-

119 1280 202 1330 dietam
212 1283 302 1344 propter
314 1277 419 1328 vitiorum
433 1276 615 1340 correptionem,
630 1276 745 1328 etbouum
758 1278 865 1341 justitiae
874 1292 920 1328 oon

118 1353 266 1412 morandum,
277 1349 387 1400 laudabile
403 1353 459 1399 est:
472 1353 496 1400 et
505 1349 529 1398 in
540 1350 585 1399 boc
599 1351 675 1412 potest
694 1347 792 1400 madere
805 1351 921 1415 appetitus

118 1422 253 1485 sensitirus,
271 1422 295 1470 in
317 1423 424 1485 querutum
444 1425 551 1472 movetur
563 1419 577 1470 d
589 1420 685 1470 ratione.
700 1421 731 1470 nt
745 1422 803 1471 dum
823 1423 921 1474 uindicta

118 1493 242 1545 eorundum
259 1493 360 1545 ordinem
375 1493 456 1558 judicii
470 1493 510 1555 iit,
529 1492 543 1543 b
562 1494 609 1543 neo
624 1492 664 1556 titg
684 1493 750 1556 eujus
764 1492 877 1546 minister
891 1499 921 1546 est

120 1568 221 1629 potestas
234 1563 345 1628 puniens,
356 1568 383 1614 nt
395 1564 477 1616 dicitur
490 1567 571 1625 Rom„
582 1565 642 1615 llll.

151 1636 185 1686 ld
204 1639 308 1699 quartum
327 1634 465 1698 dicendum,
481 1637 542 1700 oubd
554 1638 601 1689 Deo
623 1635 743 1688 assimilari
761 1651 892 1700 possumus
903 1643 923 1689 et

120 1708 227 1758 debemus
244 1708 268 1758 iu
286 1707 389 1772 appetitu
402 1707 464 1759 boni.
478 1709 522 1760 sed
537 1709 561 1759 iu
574 1710 641 1760 modo
653 1710 778 1774 appetendi
793 1710 817 1761 ei
831 1712 923 1762 omuino

121 1779 242 1831 assimilari
255 1793 300 1830 uon
314 1793 452 1844 possumos;
467 1781 519 1844 quia
532 1781 555 1830 iu
569 1782 615 1832 lleo
628 1795 674 1832 uon
692 1784 728 1832 est
737 1781 861 1845 appetitus
872 1797 924 1834 sen·

121 1851 202 1904 sitires
220 1851 278 1902 sicut
297 1853 321 1902 iu
339 1852 416 1916 nobis;
433 1851 499 1916 cujus
518 1856 591 1902 metus
608 1853 675 1903 debet
692 1852 778 1904 radoni
793 1854 923 1906 deserum.

122 1925 184 1978 Unde
193 1924 312 1989 Gregorius
323 1924 379 1976 dieit
389 1924 413 1974 in
422 1923 514 1974 dierat.
529 1924 571 1987 (ut
581 1923 664 1988 sopra)
674 1924 734 1988 qudd
745 1943 759 1974 o
769 1929 827 1976 tuuc
840 1927 924 1978 robus-

121 1997 167 2050 tids
178 1997 210 2049 iia
225 2000 304 2048 contra
319 1996 373 2047 uitia
383 1995 490 2060 erigitur,
502 1995 553 2047 edm
566 1995 655 2047 subdita
663 1996 748 2047 rationi
760 1998 898 2050 famulatam.
909 2014 922 2045 a

417 2173 575 2226 lacteolus
590 2175 620 2224 ll.

362 2300 495 2346 Utricma'ra
503 2300 536 2346 ott
544 2304 674 2358 peecatum.

152 2428 186 2479 ld
196 2427 318 2478 meandum
328 2426 360 2477 sic
372 2426 509 2491 proceditur.
522 2425 617 2477 Videtur
629 2427 692 2491 quod
703 2425 737 2477 ira
751 2441 799 2478 non
811 2429 843 2479 sit
863 2442 923 2494 pee-

122 2503 197 2548 catum
214 2514 220 2548 :
236 2499 353 2550 Peccaudo
372 2497 433 2549 cuim
453 2497 602 2549 demeremur.
617 2499 661 2548 Sed
675 2516 690 2547 o
708 2499 857 2562 passionibus
874 2513 923 2550 nou

121 2568 276 2632 demeremur,
287 2569 346 2620 sicut
356 2582 400 2620 uee
415 2568 609 2634 uituperamor3u
624 2574 649 2620 ut
662 2569 744 2620 dieitur
757 2569 782 2620 iu
792 2572 823 2622 ll.
835 2571 922 2621 ldtbic.

122 2639 181 2698 Ergo
193 2640 253 2688 nulla
264 2639 338 2702 passio
349 2643 384 2691 est
394 2644 520 2704 peccatum.
531 2643 567 2689 lra
577 2643 653 2692 autem
662 2647 698 2691 est
707 2642 800 2705 passio,
811 2644 838 2690 ut
851 2653 923 2706 supra

122 2706 223 2756 habitum
237 2712 272 2760 est
286 2711 325 2770 (1,
336 2714 359 2772 ι,
372 2725 410 2784 qo.
423 2713 460 2773 tt,
473 2715 515 2760 art.
529 2710 568 2776 l),
577 2711 629 2762 cbm
642 2712 670 2764 de
683 2713 828 2776 passionibus
839 2726 921 2777 agere·

122 2779 166 2826 tur.
180 2777 237 2840 Ergo
249 2779 282 2828 ira
296 2793 342 2829 non
356 2785 391 2830 est
404 2785 531 2845 peceatum.

153 2849 176 2894 s.
192 2847 316 2910 Pretema,
330 2849 355 2900 in
369 2851 431 2901 orani
447 2856 539 2916 peccato
552 2858 588 2905 est
601 2854 719 2907 concamio
729 2855 758 2906 ad
769 2855 863 2922 aliquod
878 2857 920 2908 bo·
