1934 3284
109 172 156 231 toi
233 180 488 241 sumministratione,
505 181 599 236 oiim.
616 182 669 240 etv,
686 188 742 228 aar.
760 185 786 229 v.

110 272 138 321 acl
145 266 319 333 dispositionem
327 270 416 317 actuum
425 270 448 317 et
456 280 530 318 rerum
539 269 698 330 normannum,
704 270 793 317 tenetur
802 266 901 321 sulditns

110 356 151 393 suo
163 340 274 406 superiori
286 339 386 403 obedire,
395 338 519 389 seurndirm
532 340 644 389 rationem
657 337 821 403 superioritntin
830 356 836 389 :
846 340 902 391 sieut

110 414 176 465 miles
191 410 242 463 iuni
257 410 371 463 exercitiis
385 411 409 461 in
425 410 462 460 lris
474 424 525 474 qun
541 410 657 474 pertinent
669 411 698 460 arl
715 410 799 461 bellum
809 450 816 473 ,
825 424 902 463 serras

110 484 200 535 domino
221 483 245 533 in
263 484 300 533 lris
319 496 370 546 que
389 483 506 547 pertinent
523 482 552 532 ad
569 481 662 532 seruilia
674 494 744 546 opera
758 484 902 546 exequenda,

110 554 170 605 tilius
181 558 240 619 patri
252 554 278 605 in
288 554 324 604 lris
334 566 385 619 que
399 554 515 618 pertinent
525 554 555 603 ad
569 553 712 618 disciplinam
725 553 779 604 vite
796 558 819 605 et
829 567 904 605 euram

110 626 271 690 domesticam,
287 625 355 677 etsie
369 626 397 675 de
414 624 474 676 aliis.
893 622 898 632 ⁴

142 700 174 747 nd
190 698 286 761 primum
301 710 355 759 ergo
364 697 497 760 moenium,
510 696 570 760 quod
584 698 629 747 hoe
641 696 702 760 quod
716 695 836 761 Apostolus
848 694 903 746 ‹lieit

111 770 282 834 intelligendum
297 774 332 820 est
345 770 490 834 peremnia
509 772 619 833 quamam
632 770 660 819 ad
670 768 709 819 illa
724 783 775 833 quae
792 769 904 833 pertinent

111 842 139 892 erl
154 842 194 906 jus
206 842 285 906 patriae
295 840 330 907 (l)
343 842 380 891 rel
399 840 541 891 dominalirae
554 840 683 905 potestatis.

143 914 175 964 lld
192 914 317 963 seeundum
329 912 458 973 (linearium,
474 912 535 975 qnod
547 913 593 962 lieo
606 910 726 975 subjicitor
739 911 808 960 homo
821 910 907 975 simpli-

112 984 168 1035 eiter
181 988 290 1047 quantum
308 984 335 1033 ad
351 984 425 1033 omnia
442 986 465 1033 et
483 983 593 1034 interiora
605 979 629 1032 e't
639 983 767 1045 exteriora3
781 984 805 1031 et
815 980 866 1031 ileo
879 981 907 1031 in

111 1056 217 1106 omnibns
230 1055 252 1105 ei
272 1054 361 1106 obedue
379 1057 479 1105 tenetur.
493 1055 582 1108 Subdiu
600 1056 738 1104 autemnon
758 1052 908 1116 snbjiciuntur

112 1129 160 1179 suis
175 1128 326 1191 superioribus
340 1130 450 1191 qnantum
467 1128 496 1177 erl
509 1128 600 1191 omnia,
613 1127 653 1177 sed
665 1134 773 1190 quantum
795 1125 823 1175 arl
834 1125 911 1189 aliqua

111 1198 267 1248 determinate,
285 1199 313 1247 lit
335 1200 443 1260 quantum
461 1198 490 1247 art
509 1198 547 1247 illa
561 1196 631 1249 medii
646 1200 699 1247 sunt
717 1195 778 1247 inter
792 1192 868 1245 Deum
884 1199 911 1245 et

112 1269 226 1333 subditos3
241 1272 349 1332 quantum
364 1270 392 1319 ud
408 1270 453 1320 alia
467 1266 522 1337 verli
539 1268 668 1320 immediate
683 1268 809 1319 subduntur
821 1266 880 1330 lieo,
896 1264 912 1317 l

111 1353 157 1403 quo
171 1340 313 1391 instruuntur
326 1354 366 1404 per
378 1342 453 1405 legem
462 1342 588 1392 naturalem
600 1340 638 1391 vel
650 1339 765 1403 seriptum.

143 1411 176 1461 nl
187 1412 277 1462 tertium
288 1412 416 1474 dieemlum,
426 1412 486 1477 qnod
498 1412 595 1477 religiosi
609 1412 764 1463 obedientiam
776 1408 913 1473 profitentur

112 1486 221 1545 qnantum
237 1485 265 1534 ad
277 1484 400 1547 regularem
418 1484 625 1547 conversationem,
640 1482 763 1534 secundnm
777 1494 846 1545 qnam
863 1481 913 1532 suis

112 1554 209 1619 prelatis
223 1555 356 1605 subduntur.
371 1556 400 1605 lit
412 1557 478 1620 ideo,
494 1560 602 1620 quantum
615 1556 643 1606 ad
653 1555 692 1605 illa
703 1555 752 1605 sola
767 1552 859 1604 obedire
871 1556 912 1603 te-

112 1630 203 1688 nentur,
217 1640 267 1691 que
282 1630 376 1691 possunt
390 1629 418 1677 ed
431 1628 556 1692 regularem
570 1625 764 1678 conversationem
777 1622 912 1689 pertinerer

113 1700 137 1747 et
149 1698 198 1748 leo
216 1704 251 1749 est
269 1698 396 1749 ohedientia
410 1699 526 1751 sufficiens
547 1700 575 1750 ad
588 1698 696 1761 salutem;
713 1697 732 1747 si
746 1701 822 1747 autem
840 1695 913 1746 etiam

120 1768 198 1819 nuliis
211 1770 304 1820 obedire
316 1770 441 1831 voluerint,
457 1772 500 1821 hoe
511 1770 633 1835 pertinebit
646 1770 673 1819 arl
687 1768 802 1818 cumulum
823 1768 914 1831 perien-

113 1840 197 1903 tionis‚
213 1840 265 1891 dnm
280 1845 355 1907 tamen
368 1841 405 1891 illa
421 1854 468 1893 non
482 1844 528 1893 sint
543 1846 622 1893 eontra
635 1843 705 1891 iteum
714 1844 753 1890 aut
762 1842 840 1890 eontra
859 1852 915 1903 pro-

113 1912 234 1963 tensionem
249 1912 344 1975 regulae3
358 1913 412 1977 quia
428 1913 481 1964 talis
495 1913 623 1965 obedientia
636 1918 695 1963 esset
707 1911 792 1961 illicita.
806 1910 915 1974 sicergo

114 1987 187 2048 potest
201 1984 283 2050 triplex
302 1984 429 2036 obedientia
444 1986 552 2050 distingui
565 2002 572 2034 r
587 1998 634 2035 nna
653 1984 779 2049 sufficiens
790 1982 827 2032 ud
842 1982 917 2033 salu-

116 2060 178 2113 tem,
194 2070 244 2121 que
259 2056 344 2108 scilieet
357 2058 432 2108 obedit
446 2059 469 2108 in
482 2058 521 2110 his
534 2059 562 2109 ad
577 2072 627 2121 que
641 2056 765 2120 obligatum
785 2055 830 2105 alia
851 2070 917 2119 per-

113 2130 195 2193 feeto,
209 2142 259 2192 quae
277 2128 352 2181 obedit
367 2130 391 2179 ln
412 2130 517 2181 omuibus
535 2129 620 2193 linitis3
635 2128 677 2179 alia
693 2126 849 2184 inda'ncretu,
863 2140 918 2191 qum

114 2200 180 2251 etiam
199 2200 223 2250 in
237 2200 324 2252 illinitis
337 2200 422 2252 obedit.

147 2348 182 2413 (l)
194 2354 237 2398 Seu
248 2356 373 2411 peterere,
383 2350 528 2411 subintellige
538 2335 678 2411 potestatis,
686 2350 747 2409 quod
756 2364 785 2399 ex
795 2350 917 2408 enjnnetis

113 2410 260 2535 gnaer'rgfmm
280 2416 365 2463 resumi
378 2416 461 2477 (tebet,
475 2426 506 2463 ue
523 2416 576 2475 quis
595 2417 752 2475 requireretur
769 2415 794 2460 in
818 2416 920 2462 nornine
