1934 3284
324 146 326 156 ι
387 141 420 179 ns
434 139 602 182 aarum.
849 133 896 181 ιιι

88 218 251 270 ιιιιιιιιιιιιι
264 217 362 282 pertinet
376 217 465 270 mnam
486 217 587 269 animum
600 221 678 270 eunus
691 219 788 273 daroma
804 219 819 268 t
835 219 897 274 bono

88 289 189 342 rsiimie
200 289 345 354 repellentes.
363 290 392 339 nt
404 289 455 340 ideo
468 287 527 340 sient
536 289 586 340 laus
598 289 737 341 tortitudinis
750 290 855 342 wnsistit
868 291 894 344 in

88 361 192 425 quodam
204 372 316 418 annasse,
327 364 351 412 et
363 373 393 410 ex
407 362 451 411 boe
465 359 639 411 denominantur
653 375 735 412 omnes
752 370 831 426 partes
848 362 896 415 lor-

91 430 219 494 titudinis,
233 432 266 482 itu
280 432 408 482 stantuna
424 432 583 495 temperantia
593 432 730 484 comistitin
740 435 838 497 quodam
854 435 896 486 ds-

91 503 352 567 leetu‚ete1boeipsa
362 507 387 554 et
397 508 477 556 omnes
486 507 563 568 partes
574 504 624 568 ejus
635 505 818 556 denominantur.
830 505 896 558 iinde

92 579 120 627 et
132 574 284 636 abstinentia,
296 575 350 639 prtia
365 579 400 626 est
415 589 467 640 pars
479 576 649 640 temperantia,
660 576 820 627 denominatur
828 576 843 627 i
852 579 897 629 de-

93 648 176 710 iectu,
189 652 213 698 et
223 650 300 698 tannen
314 647 417 700 consuit
430 648 455 698 in
466 649 556 710 medio,
565 647 591 699 in
601 652 711 713 quantnnn
721 652 757 700 est
770 649 896 700 seeundum

93 719 207 772 milonem
219 723 311 770 reamur.

127 792 161 842 dd
172 793 276 854 quadum
293 791 425 856 dicendum,
439 791 498 857 qudd
511 791 551 843 ilia
560 792 615 842 sitia
625 791 766 857 proueniunt
781 806 810 843 er
823 792 896 843 absti-

92 863 188 924 nentia,
203 866 272 926 prout
285 877 330 915 non
341 867 375 915 est
385 860 509 916 seoundbm
518 865 629 917 rationem
640 868 736 916 restam.
752 865 818 916 Ratio
832 865 895 916 enim

91 937 157 990 reeta
170 933 224 984 lauit
235 935 348 986 abstinere
361 936 420 986 siem
428 940 516 1000 oportet
527 936 630 998 (saliret
643 950 694 986 eum
704 936 818 986 hilaritate
828 949 894 986 rnen-

90 1005 157 1068 iis),
170 1011 195 1056 ei
207 1011 300 1070 propter
314 1007 374 1070 qnod
396 1010 499 1072 oportet,
513 1007 600 1059 mibeet
619 1009 713 1073 propter
728 1006 822 1072 gloriam
837 1007 896 1070 liei,
953 1008 955 1013 '

90 1089 141 1128 neu
155 1081 247 1142 propter
258 1077 351 1141 piorum
365 1091 438 1130 snanr.

396 1255 556 1309 inuenitis
569 1256 599 1310 11.

255 1382 340 1428 viram
349 1382 495 1428 adementia
505 1383 538 1427 sit
546 1382 656 1440 specialia
663 1382 750 1428 υιτιιιι.

81 1529 82 1536 ¹
128 1511 162 1561 id
177 1511 301 1562 emundans
317 1510 351 1561 sie
367 1510 503 1575 proceditur.
517 1509 612 1561 Videtur
622 1509 685 1574 quiid
703 1510 840 1561 ιιιιίιιιιιὶι
853 1521 899 1561 ιιι

91 1582 126 1633 nii
139 1581 245 1646 apeoislis
260 1584 343 1634 sirius.
355 1581 433 1633 Omnis
442 1582 505 1634 enirn
517 1581 590 1632 vinus
608 1581 735 1633 seeundbnn
753 1582 852 1646 seipsam
864 1585 900 1633 est

91 1652 223 1704 laudabilis.
244 1655 289 1704 Sed
304 1654 442 1706 abstinentia
454 1667 508 1708 ‚non
522 1659 558 1706 est
574 1653 699 1706 seeundim
715 1667 741 1705 se
759 1653 895 1717 laudabilis;

92 1725 152 1776 dieii
170 1725 233 1776 euim
245 1727 365 1791 Gregorius
384 1727 409 1776 in
423 1728 523 1776 Pastor.
544 1727 621 1791 (part.
639 1727 684 1789 iti,
704 1724 815 1776 admonit.
836 1725 899 1789 ιο),

92 1795 158 1860 quiid
173 1811 188 1842 ι
200 1795 273 1850 virtus
281 1796 426 1849 abstinentia
439 1809 486 1846 non
496 1796 540 1848 nisi
551 1811 580 1848 ex
590 1795 770 1847 aliissirtutibns
781 1809 899 1847 commen·

93 1868 172 1918 datur.
187 1883 201 1914 ι
214 1869 274 1931 lingo
287 1867 424 1920 abadsentia
438 1881 484 1918 nun
499 1872 538 1920 est
550 1868 659 1934 specialia
667 1868 748 1918 mrtns.

129 1943 153 1988 a.
169 1940 296 2003 Praeterea,
317 1940 457 2001 Augustinus
477 1940 534 1990 dieii
555 1940 583 1990 de
606 1940 650 1990 lide
670 1940 698 1989 ad
719 1940 825 2002 Petrum,
840 1938 901 2002 pudd

98 2010 261 2062 «abstinentia
269 2014 398 2064 sanctorum
407 2014 442 2062 esi
451 2009 465 2060 l
473 2011 523 2062 cibo
533 2015 556 2062 et
564 2014 629 2076 potu,
637 2023 682 2062 non
693 2010 746 2074 quia
756 2009 830 2073 aliqua
839 2022 902 2060 erea-

94 2087 149 2134 tura
162 2083 203 2134 bei
218 2083 249 2134 ait
265 2084 339 2147 maia,
354 2084 394 2134 ssd
407 2097 448 2148 pro
469 2085 518 2136 sota
534 2083 635 2148 eorporis
648 2081 805 2146 castigatione.
823 2097 838 2129 ι
853 2083 901 2132 lion

97 2160 175 2208 autem
186 2155 285 2220 pertinet
293 2158 322 2206 ad
335 2156 460 2208 mediatem
469 2195 475 2218 ,
485 2161 512 2206 ιι
520 2170 550 2207 ex
558 2157 610 2221 ipso
622 2155 713 2206 nomine
723 2157 827 2218 apparet.
841 2154 901 2218 Erpa

97 2225 235 2277 abstinentia
250 2229 341 2278 nonest
355 2225 543 2294 rumespeoialis
556 2225 684 2278 icasiitaie
699 2225 815 2276 distincta.

131 2301 154 2347 3.
166 2299 288 2360 areuna,
299 2299 360 2352 sieut
370 2299 439 2350 bomo
449 2297 575 2349 debetesse
583 2299 705 2348 contentus
715 2296 830 2346 moderato
839 2295 900 2360 eibo,
961 2302 965 2353 ζ

96 2369 130 2419 ita
148 2373 173 2418 st
184 2367 299 2420 moderati
311 2372 388 2436 veste,
402 2368 526 2422 meantium
538 2369 595 2421 illud
608 2371 630 2420 1.
648 2368 684 2418 od
697 2366 817 2426 Timoli„
830 2367 872 2418 ult.
890 2381 897 2416 :
960 2406 963 2427 ,

98 2440 236 2492 «Habentes
249 2441 356 2492 alimenta
367 2445 390 2492 et
404 2439 487 2505 quibua
502 2445 618 2506 tegamur,
633 2441 669 2491 bia
679 2437 781 2491 conanti
795 2439 874 2489 simus.
884 2455 899 2486 s
960 2436 963 2447 '

96 2515 124 2564 ln
138 2513 292 2563 moderatione
307 2517 383 2570 antem
397 2513 494 2564 vestium
509 2526 555 2574 non
565 2517 600 2566 esi
612 2513 687 2579 aliqua
698 2509 805 2575 specialis
818 2510 900 2561 visus.

97 2585 157 2652 Ergo
171 2596 245 2648 neque
259 2584 410 2646 abstinentia,
429 2599 479 2648 qua
497 2589 532 2634 esi
546 2584 685 2637 moderatius
699 2583 868 2635 alimentorum.
957 2606 960 2625 ·

130 2653 175 2706 Sed
190 2659 266 2705 contra
281 2659 329 2718 est,
341 2655 399 2720 qudi
415 2656 542 2708 Macrobius
556 2655 600 2721 (ut
613 2654 696 2720 sopri)
705 2653 772 2720 ponit
785 2653 902 2717 abstinen-
956 2712 959 2719 Δ

96 2727 154 2780 tiam
174 2724 295 2791 specialem
309 2733 394 2792 partem
408 2726 571 2790 temperantiae.

133 2799 331 2864 (Concipere-
341 2798 481 2850 distinentis
494 2803 530 2849 est
542 2798 648 2865 specialis
664 2797 753 2861 virtus,
766 2810 811 2862 qua
825 2795 902 2846 mode-

98 2885 176 2924 ramur
188 2871 288 2925 ubsrum
302 2869 491 2936 delectationes.)
538 2899 542 2906 -
573 2903 576 2911 -

948 2968 955 3052 i
