1934 3284
140 196 186 248 lot
261 201 369 246 sumum
383 203 513 258 scemam,
527 202 619 252 otiose⁸
633 198 704 257 xcvi,
717 203 772 245 naa.
785 200 804 244 t.

136 283 261 337 munium
273 283 329 334 illuri
343 283 399 333 lod
414 285 483 343 cor„
496 283 554 333 lili:
571 281 640 332 «llil
653 280 746 347 quidem
756 283 821 332 intur
832 293 873 348 per
886 280 932 346 spi-

137 357 205 407 ritum
219 367 293 406 nerum
305 354 437 419 sapientie,
448 355 487 405 olii
496 365 570 404 sereno
577 353 680 405 sciente
691 352 816 406 secontiam
827 353 931 404 eumdem

136 427 256 491 spiritum3
272 441 286 474 a
300 431 323 477 et
337 431 416 490 postea
431 425 551 477 suhditur:
568 423 645 475 «llaec
661 425 736 474 omnia
751 427 857 488 operatur
875 437 933 473 uuus

137 502 205 563 utque
220 497 278 550 idem
292 497 393 562 spiritus,
406 497 512 548 dividens
523 496 695 560 nugulisprout
706 496 789 545 vult.»
804 495 837 547 llil
852 497 934 546 daemo

138 583 179 621 nes
192 575 267 621 autem
283 581 330 620 non
345 569 443 634 pertinet
456 568 583 618 illuminare
595 567 745 630 intellectum,
753 572 779 617 ot
788 567 893 617 halitum
905 571 936 616 est

138 641 162 690 in
173 641 244 706 prima
256 640 325 705 hrrjus
335 639 411 706 operis
421 643 484 703 parte
499 639 548 704 (qur.
560 643 615 699 liti,
629 643 673 687 nrt.
686 638 850 702 i);ncouisitio
861 644 935 688 eutem

138 713 239 764 scientie
251 713 274 762 et
285 710 402 776 sapientire
416 713 441 760 tit
455 723 495 774 per
504 709 694 759 illuminationem
704 707 833 760 intellectis
842 725 848 760 :
858 715 882 762 et
891 710 936 760 ideo

138 781 213 834 nrrllus
225 795 324 848 uuquam
339 795 379 848 per
397 783 511 834 demones
523 781 643 830 scientiam
658 780 778 844 aequisivit
793 795 800 831 ε
815 783 876 832 uncle
897 784 936 832 lu-

139 855 244 920 guntinus
258 854 312 906 dicit
324 856 348 905 in
361 855 382 905 x
394 855 430 904 De
445 853 521 904 ciui.
544 853 593 901 Dei
603 854 613 916 (
621 865 672 917 cap.
692 854 724 915 5)
738 869 744 902 :
762 853 936 918 «Porphyrium

138 927 205 978 lateri
217 926 339 990 theurgicis
350 925 425 976 teletis
437 924 477 987 (id
487 927 524 974 est
530 923 699 988 operationibus
708 924 846 987 demonum}
860 926 937 975 anime

140 998 286 1050 intellectuali
304 997 358 1049 nihil
374 996 516 1060 purgationis
529 997 649 1059 acceiere,
665 995 725 1058 quod
743 1008 793 1046 enm
812 996 884 1048 iaciat
896 998 939 1047 iio·

140 1085 206 1122 neam
220 1071 248 1122 ed
264 1071 386 1122 uidendum
401 1071 470 1119 heum
484 1082 564 1131 suurn,
575 1071 599 1118 et
614 1068 770 1132 perspicienda
782 1082 809 1118 ee
822 1085 876 1134 quic
892 1083 938 1120 uera

141 1148 209 1204 snut,
223 1159 236 1189 u
251 1141 325 1206 qualit
343 1143 397 1190 sunt
415 1140 490 1190 omnia
510 1139 657 1189 scientiarum
679 1140 827 1190 theoremata.
844 1142 938 1193 Possent

141 1217 215 1262 tamen
233 1213 360 1266 demones.
383 1211 512 1261 hominihus
532 1209 699 1274 colloquentes,
718 1210 846 1274 exprimere
870 1213 940 1263 ucrhis

142 1281 217 1347 aliqua
226 1282 370 1348 scientiarum
383 1282 534 1344 documenta3
544 1281 635 1332 scclhoo
643 1294 689 1331 non
701 1282 812 1346 queritur
818 1297 863 1348 per
874 1289 939 1335 arten

141 1353 261 1406 uotorinrn.

176 1427 208 1476 hd
221 1425 319 1490 numum
329 1437 381 1489 ergo
391 1425 524 1488 licendum,
532 1424 590 1488 quiid
605 1424 720 1490 acquirere
728 1425 849 1477 scientiam
861 1427 940 1479 honour

143 1501 193 1561 est3
209 1497 248 1548 cccl
270 1498 384 1562 acquirere
405 1511 455 1548 eam
475 1498 541 1548 modo
559 1497 674 1560 indebito,
687 1511 734 1548 uon
751 1504 787 1548 est
803 1499 908 1566 honum,
922 1505 941 1550 et

142 1569 204 1619 hunc
217 1568 285 1618 huon
299 1567 397 1619 intendit
411 1577 447 1618 ars
457 1569 554 1618 notoria.

176 1639 341 1691 sesecundum
351 1639 487 1704 dicendum,
497 1639 557 1704 quil
570 1639 635 1704 pueri
648 1640 736 1692 illinon
749 1641 899 1694 abstinebant
912 1657 942 1694 sc-

144 1711 243 1761 cundhm
265 1723 344 1760 riantur
367 1711 533 1762 ohserurnthrn
556 1712 611 1761 artis
632 1711 739 1775 uohriae,
759 1714 800 1763 sed
820 1716 943 1767 mcuudhm

144 1783 300 1832 auctoritatem
317 1781 373 1845 legis
387 1781 480 1842 divinoe,
495 1783 599 1832 nolentes
613 1783 727 1846 inquinari
741 1783 800 1834 cibis
813 1788 940 1848 gentilicum

145 1857 169 1904 et
183 1853 235 1904 ideo
252 1851 331 1903 merito
348 1852 483 1902 ohedientia
502 1854 619 1904 consecuti
640 1858 694 1904 suot
710 1854 724 1904 l
742 1856 789 1906 lieo
810 1857 944 1919 selemiam,

146 1921 269 1974 secundior
287 1923 343 1972 illud
364 1924 460 1974 Psalm.
478 1925 564 1974 cxvtll
584 1941 590 1974 :
610 1941 624 1974 u
643 1926 719 1991 Super
736 1939 803 1977 senes
828 1927 945 1991 intellexi,

146 1994 199 2058 quie
215 1995 318 2043 mundate
337 1997 376 2043 tua
386 1995 492 2058 quaesiui.
507 2012 522 2042 n

178 2065 209 2114 hcl
223 2062 313 2113 tertium
324 2064 450 2124 licendum,
458 2066 516 2128 quid
526 2066 645 2129 exquirere
652 2067 805 2130 coguitionem
817 2069 948 2120 futurorum

147 2135 160 2186 i
173 2135 326 2195 demonibus,
340 2148 385 2186 nron
401 2134 473 2186 solium
490 2140 526 2186 est
536 2141 652 2200 peccatum
665 2143 756 2202 propter
769 2139 814 2189 hoc
827 2139 891 2204 quid
906 2140 948 2205 ipsi

143 2207 220 2258 lutura
232 2218 277 2257 nou
287 2211 440 2269 cognoscunt,
451 2208 492 2256 secl
502 2212 595 2270 propter
604 2208 735 2260 societatem
745 2223 795 2260 cum
805 2210 839 2260 eis
853 2210 947 2276 initam,

145 2291 196 2340 qne
208 2279 277 2330 etiam
288 2279 313 2328 in
326 2275 442 2342 proposito
453 2279 522 2327 hahet
533 2279 616 2328 locum.
946 2282 947 2285 ’
