1934 3284
135 212 181 265 tat
248 218 357 266 arnmot
373 209 503 277 nemra,
518 224 613 271 wasa.
629 226 686 276 xcv,
699 225 757 265 rur.
774 226 811 263 nr.

136 302 329 367 pronuntiandum
344 302 434 366 lutnra;
449 307 472 355 et
483 304 533 355 bec
548 303 635 367 species
649 307 741 354 vocatur
753 302 933 367 pmotipiom,

135 387 203 426 exeo
217 374 276 439 qudd
291 376 351 426 oculi
365 376 483 426 bominum
501 376 691 441 perstringuntur.
702 376 796 433 Quando
811 387 840 425 ue
852 378 933 424 auteur

134 446 283 510 persennia,
298 450 321 497 et
330 440 784 499 baeorocatardiuinatiooomoioram.
793 446 938 511 Quandoque

135 517 188 569 verb
208 532 249 582 per
262 523 399 569 monitorum
412 518 538 581 aliquarum
550 518 714 582 apparltionem
730 518 767 569 rel
781 518 935 581 locutionem,

136 591 160 639 et
168 590 217 640 bno
227 588 313 654 specics
328 594 422 640 voratur
435 590 619 652 necromantia·
631 587 693 653 qnia,
704 592 730 639 ut
736 588 792 639 dicit
799 587 901 639 Isidorus
911 589 937 639 in

135 660 175 709 lib.
191 660 303 725 Etymol.
320 661 362 725 (ut
378 660 478 725 suprd)‚
494 672 576 710 aaron
598 660 669 723 prend
683 664 834 719 mortuam,
848 661 938 712 mantia

136 730 189 783 reri
208 731 336 783 divinatio
357 735 514 795 nuncupatur,
528 731 582 793 qnia
596 747 610 779 «
625 730 760 794 quibusdam
774 732 939 795 praenotatio-

135 801 218 863 nibus‚
233 802 332 853 adhibita
346 802 455 865 sangnine
466 801 586 862 ,ridemur
597 800 824 853 roeascdati‘nnortui
834 802 939 853 divinare

137 876 200 929 etad
215 875 351 939 interrogata
369 874 514 939 respondere.
530 890 543 920 n
558 873 699 937 Quandoque
717 872 771 923 rerd
786 875 862 924 tntnra
873 888 940 939 pre-

138 947 226 997 nuntiat
244 961 284 1011 per
297 946 403 997 homines
414 945 493 1008 viros,
505 945 566 995 sicat
582 945 607 993 iu
622 942 743 1009 arreptitiis
757 948 833 1008 patet,
847 951 876 995 et
888 948 939 999 baec

138 1020 172 1068 cel
190 1018 316 1067 divinatio
327 1032 373 1083 per
387 1014 526 1080 Ppttonec;
540 1018 563 1066 et
579 1020 605 1064 ut
619 1015 719 1066 Isidorus
732 1014 788 1065 dicit
802 1016 937 1082 (ibidem),

141 1106 154 1136 a
169 1088 308 1154 Pythones‘a
323 1086 405 1151 Pythio
422 1086 524 1149 Apolline
539 1090 594 1138 sunt
616 1086 685 1146 dicti,
699 1085 739 1150 qui
755 1085 873 1137 dicebatur
889 1102 941 1141 esse

140 1163 218 1208 auctor
232 1158 357 1207 divinandi.
373 1172 386 1203 n
407 1157 544 1221 Quandoque
558 1153 613 1207 verb
630 1156 705 1205 latura
725 1156 883 1221 praenuntiant
902 1173 942 1224 per
964 1173 966 1176 ·

140 1228 195 1277 allas
207 1230 289 1291 ligrrras
299 1228 336 1277 vcl
349 1226 412 1289 sigua
428 1240 479 1291 quar
491 1229 514 1277 ia
526 1228 594 1279 rebus
603 1227 736 1278 inanimatis
749 1233 871 1293 appareat.
887 1231 942 1288 Quae

139 1298 230 1361 qnidam
245 1298 264 1348 si
276 1304 384 1363 apparent
395 1298 420 1349 in
430 1298 507 1365 aliquo
521 1311 614 1361 corpore
627 1298 727 1349 terrestri
741 1298 813 1363 (pati
827 1300 854 1349 in
868 1300 941 1365 ligno,

139 1370 177 1420 vel
191 1370 258 1431 ferro,
271 1372 307 1419 rel
322 1370 396 1435 lapide
411 1369 509 1434 potito),
519 1373 612 1421 uocatur
624 1372 782 1434 peonrnnlia5
795 1370 816 1421 si
825 1374 907 1424 auteur
921 1372 945 1420 in

140 1454 210 1504 aqna,
220 1441 400 1505 hydromantia
407 1459 415 1495 ‚·
428 1441 447 1491 si
458 1442 564 1493 autemin
575 1454 635 1504 acre,
647 1443 807 1491 aeromantiu
814 1458 823 1504 ;
835 1443 855 1493 si
868 1450 945 1497 autent

140 1512 163 1561 in
179 1512 246 1573 iane,
258 1514 422 1577 pyromantia
430 1530 438 1575 ;
453 1512 473 1563 si
488 1517 563 1564 auteur
578 1512 603 1561 in
617 1512 741 1563 visceribus
755 1512 892 1566 animalium
903 1517 945 1567 int·

140 1584 275 1634 melodorum
290 1586 313 1633 in
323 1584 368 1636 aris
378 1585 514 1647 damonum,
532 1587 626 1634 vocatur
639 1586 809 1648 aruspicium,

172 1653 286 1706 Divinatio
296 1660 371 1705 autern
386 1670 436 1718 quae
453 1656 477 1705 lit
489 1657 692 1721 absqneexpressa
702 1656 829 1707 domorrum
848 1659 945 1712 invoca·

142 1726 217 1789 tione,
236 1726 260 1775 in
277 1726 320 1778 duo
337 1740 418 1788 genera
433 1726 548 1777 dividitur.
564 1727 663 1785 Quorum
681 1727 778 1790 primurn
792 1734 840 1790 est,
853 1732 946 1794 quando

143 1798 170 1848 ad
185 1798 371 1862 prenosccndarn
391 1800 467 1848 lutura
486 1796 570 1861 aliquid
585 1798 754 1849 consideramus
769 1800 794 1849 in
810 1801 947 1865 dispositio·

142 1868 209 1920 nibus
223 1869 347 1931 aliquarum
365 1882 449 1921 rerum.
465 1870 495 1917 Et
514 1868 534 1917 si
549 1869 640 1932 qnidam
657 1868 738 1931 aliquis
758 1875 855 1922 conetur
872 1873 947 1923 lutura
964 1897 966 1908 =

142 1952 281 2003 prenoscere
305 1953 334 1989 ex
352 1940 531 1991 consideratione
553 1940 612 1989 sitis
630 1944 654 1989 et
672 1940 748 1989 ruotris
764 1939 884 2007 siderum,
906 1946 966 1995 boo=

86 2066 91 2075 ¹
144 2012 265 2074 pertineret
283 2012 311 2061 ad
327 2012 451 2073 astrologos
465 2013 505 2075 qui
520 2015 543 2061 et
553 2010 705 2075 peoetdlinct'
722 2010 837 2077 dicuntur,
854 2022 948 2080 propter
964 2037 966 2064 :

143 2084 278 2135 naturalium
286 2083 478 2135 considerationes
489 2083 584 2149 dierum.
596 2082 621 2131 Si
630 2082 684 2134 rard
694 2096 735 2147 per
744 2088 820 2133 motus
829 2082 867 2136 vel
879 2101 947 2138 rocos
964 2113 966 2140 ι

144 2154 234 2219 avium,
245 2168 486 2219 seuquornmcumqae
497 2152 628 2204 auunaliurn
637 2192 643 2215 ,
653 2153 700 2203 sive
710 2166 751 2218 per
762 2158 948 2210 sternutationes
964 2187 966 2202 ι

143 2226 260 2277 hominurn
278 2228 312 2277 vel
328 2227 476 2277 membrorum
494 2227 577 2286 salas,
593 2226 637 2276 lroc
650 2225 748 2289 pertinet
763 2228 906 2289 generaliter
920 2231 948 2279 ad
964 2255 966 2264 =

144 2300 298 2360 otpertum,
313 2299 371 2361 qnod
391 2295 471 2347 dicitur
483 2296 497 2346 d
511 2296 596 2359 garritu
615 2297 706 2359 arium,
721 2296 781 2348 sieut
797 2302 947 2364 auspicium

145 2368 172 2417 ab
187 2368 326 2433 inspectione
339 2368 427 2431 auiam3
444 2380 540 2433 qaorum
555 2368 651 2431 primurn
666 2368 766 2433 pertinet
780 2368 809 2418 ad
822 2382 904 2433 aures,
914 2381 966 2422 sci

145 2438 242 2487 cundum
252 2440 279 2489 ad
294 2440 370 2491 oculos
386 2456 391 2490 :
408 2440 431 2489 in
441 2439 521 2489 aribus
530 2439 591 2489 enirn
600 2438 731 2503 hujusmodi
742 2438 861 2505 praecipue
874 2442 966 2493 caan·-

146 2509 219 2559 derari
232 2511 313 2561 solent.
326 2512 350 2561 Si
368 2510 421 2562 veri
439 2510 570 2574 hujusmodi
581 2509 731 2564 consideratio
744 2510 784 2561 liat
800 2510 865 2575 eirca
880 2516 949 2565 verba
964 2541 966 2564 ÷

145 2580 261 2631 honriannr
277 2582 360 2646 absque
374 2582 501 2643 intentione
516 2582 590 2644 dicta,
605 2596 655 2645 qua
668 2582 721 2647 qais
735 2587 854 2647 retorquet
867 2586 898 2636 ad
912 2588 950 2635 lu·
964 2625 966 2639 r

145 2654 220 2700 lurum
237 2653 296 2713 qarod
316 2654 365 2703 uult
377 2665 529 2718 prenoscere,
540 2654 585 2703 hoe
597 2661 689 2703 vocatur
697 2668 781 2712 omem
793 2659 817 2703 et
833 2654 897 2710 sicut
907 2658 950 2707 lla·
964 2683 966 2692 =

145 2721 214 2773 lerius
230 2722 339 2774 Maximns
356 2726 409 2775 dicii
430 2724 483 2789 (lib.
504 2726 527 2787 l,
538 2737 591 2790 cap.
604 2727 620 2774 b
632 2726 650 2788 l,
665 2742 679 2772 a
694 2726 796 2775 (amioum
814 2726 966 2777 observatio¹

144 2792 220 2857 aliquo
240 2799 344 2844 contactu
363 2796 480 2861 religionis
494 2795 578 2845 innexa
593 2798 641 2855 est,
657 2794 762 2859 qnoniam
784 2808 830 2847 non
852 2798 952 2849 fortuito

146 2869 219 2929 motu,
235 2866 274 2916 sed
289 2864 365 2917 divini
384 2865 526 2932 providentii
540 2872 643 2918 constare
660 2866 770 2929 creditar;
785 2881 837 2930 quar
855 2866 916 2921 iecit
930 2874 966 2919 ut·

138 2936 253 2989 ‘Rornanis
263 2936 437 2989 deliberantibus
447 2937 525 2992 utram
537 2938 565 2990 ad
576 2936 644 2990 aliurn
655 2940 729 2991 locum
740 2936 884 3007 armarent,
893 2941 952 2995 rorte
964 2966 966 2999 ι
