1934 3284
204 149 237 189 nr
252 148 318 187 nuno
334 150 490 189 remeantem
504 150 665 192 coenrrmmn
786 144 834 193 tlt

31 226 163 292 primantur
179 238 244 279 nore
266 226 468 309 species‘rerum,
481 232 506 280 et
525 242 572 279 uon
594 229 669 281 solnm
691 228 835 295 intelligibile

33 311 120 349 umen.

61 372 223 435 (Cosmusro.
241 396 272 409 -·
290 370 327 421 Fit
344 371 461 435 prophetis
482 372 592 423 revelatio
610 373 773 437 nonnunquam
793 389 835 439 per

30 443 105 495 colam
116 441 189 491 divini
199 442 292 493 luminis
301 442 451 506 induentium,
462 457 625 509 nonnunquam
633 444 690 495 vern
699 459 740 511 per
748 447 836 511 species

30 518 55 566 le
72 526 135 563 nouo
146 512 277 578 impressas,
292 528 333 565 sen
346 515 411 566 aliter
419 516 559 580 ordinatas.)

60 586 201 649 Respondeo
224 586 358 651 dicendum,
377 589 437 652 quod
459 588 519 638 sicut
539 590 678 653 Augustinus
694 589 762 650 dicit,
784 592 833 641 ΧΗ.

29 658 214 721 impertientes.
230 658 265 707 ud
279 658 321 707 lit.
332 668 392 723 (cap.
405 661 440 722 9),
456 659 579 722 «cognitio
591 661 723 725 prophetica
738 662 835 714 maxim'u

29 732 55 781 ud
71 729 629 795 mentempertinet.»Circacognitionemantem
639 734 744 785 humane
753 734 835 785 mentis

29 807 74 853 luo
92 803 182 865 oportet
197 800 348 863 considerare,
359 803 444 855 scilicet
453 804 607 867 acceptionem
620 806 670 855 sine
684 810 834 868 representa-

31 877 120 925 iunem
140 886 230 935 rernm,
247 876 270 923 et
283 873 394 937 judicium
410 874 438 925 de
461 876 528 925 renus
542 877 719 940 repraesentatis.
740 878 835 935 Quando

28 950 109 998 nutem
119 950 307 1007 representantur
323 944 393 997 menti
403 948 509 998 numanae
519 961 557 998 res
566 949 647 1012 dique
660 948 785 998 secundnm
795 948 836 997 ali·

28 1031 87 1084 [uas
97 1016 185 1079 species
196 1020 219 1067 et
231 1016 354 1067 secundnm
364 1023 449 1069 nature
460 1018 578 1081 ordinem,
590 1018 662 1083 primo
675 1022 765 1083 oportet
773 1019 834 1082 qudd

27 1088 124 1156 species
144 1092 332 1151 repraesententur
355 1088 445 1152 sensui,
461 1090 562 1141 menndn
580 1091 753 1153 lenginalioni,
768 1091 836 1143 leutici

27 1159 156 1213 ntellactni
168 1160 268 1223 passibili
281 1161 319 1223 qui
338 1160 470 1211 immutatur
488 1162 501 1211 n
513 1162 634 1226 specialius
648 1165 836 1226 phantasmatum

27 1229 158 1287 secundnm
174 1231 348 1283 illustrationem
368 1232 497 1283 intellectis
516 1233 613 1297 agentis.
628 1236 654 1284 ln
673 1234 836 1297 imaginatione

26 1311 108 1357 cutem
127 1315 173 1352 uon
193 1302 264 1354 solnm
286 1306 339 1353 sunt
357 1304 435 1355 formae
456 1317 532 1355 rerum
549 1305 692 1357 sensibilium
711 1304 835 1357 secundnm

26 1377 92 1443 pund
108 1373 251 1437 accipiuntur
266 1374 371 1434 insensu,
384 1376 423 1426 sed
441 1378 618 1427 transmutantur
634 1376 785 1427 duersimode
799 1378 838 1429 ccl

26 1451 126 1513 >supter
140 1445 236 1509 aliquam
247 1448 460 1499 transmutationem
474 1449 632 1512 corporalem,
646 1447 704 1499 sicut
716 1449 799 1499 eccidit
811 1449 836 1499 in

26 1517 197 1573 dormientibus
212 1523 235 1568 el
253 1518 359 1581 furiosis,
373 1520 411 1569 uel
426 1520 495 1571 etiam
515 1520 640 1571 secundnm
659 1520 780 1583 imperium
796 1534 838 1571 ra-

25 1590 101 1644 iouis
121 1586 271 1652 disponuntur
287 1591 448 1654 phantasmata
463 1591 486 1640 in
500 1591 579 1641 ordine
593 1592 622 1642 ad
636 1592 662 1643 id
672 1593 733 1656 quod
748 1598 783 1643 est
796 1592 837 1642 in-

25 1661 190 1727 ¹elligendum.
205 1662 270 1711 Sicut
283 1661 344 1712 enim
359 1676 388 1711 ex
401 1662 491 1713 diversa
500 1664 641 1715 ordinatione
654 1664 786 1714 earumdem
799 1664 838 1714 lit·

25 1746 133 1789 erarum
153 1732 293 1796 accipiuntur
311 1732 394 1785 diuersi
413 1734 558 1796 intellectus,
574 1737 606 1785 ila
622 1734 691 1786 etiam
710 1736 837 1787 secundnm

25 1812 145 1862 liversam
163 1805 333 1868 dispositionem
350 1806 534 1867 phantasmatum
548 1805 660 1857 resultant
674 1808 698 1856 in
717 1807 835 1858 intellectu

25 1884 129 1933 liversae
144 1876 232 1941 species
244 1876 407 1939 intelligibiles.
417 1877 528 1928 iudicium
545 1883 621 1929 antem
635 1880 741 1929 numanae
753 1879 839 1929 mentis

25 1958 48 2005 tc
75 1948 208 2001 secundnm
225 1950 273 1999 nim
291 1948 451 2000 intellectualis
470 1950 572 2000 luminis.
593 1951 636 2000 Per
654 1952 740 2000 donum
760 1953 838 2001 autem

25 2022 160 2089 prophetice
171 2022 287 2073 confertur
303 2021 386 2085 aliquid
401 2022 507 2073 numanae
518 2022 589 2072 menti
602 2033 670 2084 snpra
680 2021 702 2071 id
715 2023 775 2086 quod
785 2035 838 2085 per·

25 2086 90 2150 {luet
104 2094 134 2144 ad
151 2094 277 2143 naturalem
287 2093 426 2154 facultatem,
439 2097 550 2156 quantum
562 2093 591 2142 ad
607 2096 736 2155 utrumque,
751 2092 840 2145 scilicet

25 2178 43 2224 pt
58 2170 179 2235 quantuni
193 2164 360 2229 adjudicium,
375 2179 416 2229 per
430 2165 541 2215 iuduxum
555 2164 647 2214 luminis
665 2163 838 2228 intellectualis,

25 2252 43 2297 ,ι
61 2240 182 2305 quantum
193 2238 222 2287 nd
233 2236 388 2301 acceptionem
401 2250 442 2287 sen
451 2236 675 2300 representationem
688 2249 839 2301 rerumquae

25 2322 46 2369 un
62 2325 112 2379 per
125 2308 214 2372 aliquas
224 2309 321 2373 species.
337 2310 367 2359 Et
381 2312 491 2373 quantum
504 2310 534 2359 ad
549 2310 593 2359 hoc
611 2308 748 2369 secundnm,
762 2311 840 2372 potest

25 2382 157 2440 resimilari
172 2380 272 2431 doctriua
286 2382 385 2431 hnmana
395 2380 529 2431 revelationi
543 2379 695 2444 prophetice,
707 2393 753 2429 non
762 2382 839 2431 annm
885 2414 893 2431 .
939 2381 940 2385 ’

25 2458 147 2527 Ιυαυιιιηι
162 2452 189 2503 ed
204 2452 319 2517 primum;
335 2453 402 2502 homo
418 2452 480 2502 enim
499 2465 541 2502 suo
559 2451 672 2514 discipulo
689 2455 840 2515 representat

25 2534 125 2593 uniquus
138 2536 176 2574 res
192 2537 232 2587 per
245 2523 310 2587 sigua
328 2523 481 2587 locutionum,
497 2536 543 2573 uon
561 2526 640 2572 nutem
655 2525 730 2585 potest
742 2522 840 2575 iuterins

27 2596 180 2656 nominare,
196 2595 255 2644 sicut
271 2594 324 2645 facil
338 2596 404 2646 Dens.
420 2595 505 2644 Horum
525 2598 602 2645 entem
616 2593 711 2643 duorum
724 2594 840 2659 principa-

25 2678 68 2726 ius
82 2671 124 2720 est
139 2666 237 2729 primum
251 2668 276 2715 in
287 2666 421 2730 prophetia,
435 2666 490 2729 quia
500 2665 611 2728 judicium
627 2668 663 2715 est
678 2666 839 2729 completivum

25 2736 183 2809 pgnitiouis.
195 2738 222 2787 Et
234 2737 294 2800 ideo,
311 2736 331 2789 sl
346 2736 385 2787 eei
394 2737 433 2787 liat
446 2736 556 2787 diuinitus
568 2737 741 2801 repraesentatio
754 2738 840 2801 aliqua·

25 2830 80 2871 »um
100 2824 180 2861 rerum
194 2823 234 2875 per
245 2810 404 2861 similitudines
415 2809 573 2873 imaginarias,
593 2813 619 2858 ut
633 2810 744 2861 Pharaoni
756 2815 780 2861 et
790 2811 839 2861 Na-

25 2884 213 2947 ‚ucnodunusor
226 2883 344 2948 (Genea,
358 2883 416 2948 xit,
430 2886 454 2935 et
467 2884 544 2942 Duo„
555 2883 608 2949 ill),
621 2883 744 2937 autetiam
755 2895 797 2948 per
809 2882 840 2937 ei-
