1934 3284
158 185 189 236 rt
258 194 514 247 armantarmant,
529 193 736 248 nummus,
751 193 807 236 m.
824 191 852 235 tt

156 273 406 338 tuomqueturreuis
422 273 579 339 principibus,
594 275 679 338 uultus
689 277 768 326 unun
781 283 860 327 eumn
872 274 955 328 sublii

157 344 229 396 multi
238 345 347 410 maiorem
354 347 463 398 honorem
472 346 608 410 inpendunt
616 347 652 412 (se
660 359 736 398 eoram
746 345 781 398 eis
790 349 955 409 prosternentes

156 421 181 468 et
191 417 421 469 muneraotlerentes
430 417 453 482 )‚
468 418 535 483 unior
548 417 581 470 sit
592 417 677 469 oblatio
694 417 790 482 allonjus
803 416 908 468 niualis
921 420 954 469 rel

158 487 192 538 rei
204 487 296 538 alterius
310 488 333 538 iu
350 489 493 539 sacrificium.
508 491 567 552 Ergo
578 488 649 539 multi
659 488 732 552 nugis
747 488 955 552 rogaueruntis

158 563 235 624 potest
246 560 381 612 mollicium
395 560 479 612 ollerri.

191 635 214 682 3.
236 631 360 695 Proterea,
378 632 464 696 tempta
478 635 502 683 el
516 631 596 693 altaria
613 632 764 684 instituuntur
777 632 806 684 al
821 633 955 686 nouioiun

157 703 356 763 offerendum.sud
367 705 449 768 templa
459 707 482 756 et
492 705 571 754 altaria
580 704 730 756 instituuntur
735 704 853 769 mpeliset
861 707 952 758 saneto.

156 775 215 838 Ergo
227 773 296 828 etiam
310 774 419 826 sacrificia
432 780 530 840 possunt
539 775 576 826 ais
590 776 675 829 offeni.

189 845 233 897 Sed
244 850 321 898 contra
336 849 384 909 est,
402 848 462 910 quod
474 846 557 898 dicitu
571 847 669 907 Euod„
679 848 758 898 llllll:
777 865 791 896 u
802 848 847 907 Qui
856 848 955 902 imrnolat

158 916 211 977 ritis,
221 917 345 981 occidetur,
359 921 510 981 preterquam
521 918 616 968 Donomo
629 917 681 968 soli.
694 934 708 966 ι

193 988 456 1054 (Concursus-Cin
472 989 534 1040 solus
554 991 615 1040 Deus
635 989 666 1040 sit
683 990 810 1042 animarum
830 996 955 1043 nostrarum

159 1065 248 1114 creator
260 1073 287 1113 ao
298 1060 457 1126 benefioiotau,
472 1060 550 1118 usoll
561 1061 804 1113 suentisiorumlronor
815 1063 955 1119 emmonius

157 1133 217 1197 est.)

147 1245 152 1250 .
190 1206 326 1270 Respondes
339 1205 467 1268 dicendum,
476 1205 537 1272 quoi
549 1205 609 1257 sont
618 1206 752 1259 dictumest
763 1207 816 1271 (artu
830 1207 866 1272 i),
876 1210 955 1261 oblati<

159 1277 266 1328 sacrificii
279 1277 305 1328 ill
320 1279 348 1330 ad
360 1278 445 1341 aliquid
457 1278 647 1342 significandum
660 1277 772 1342 significat
785 1283 863 1330 autern
876 1284 955 1332 suerii

158 1349 219 1400 oium
236 1350 296 1413 quod
312 1349 408 1401 offertur
425 1349 540 1414 arteriis,
559 1349 655 1400 interius
673 1349 791 1414 spirituale
808 1351 955 1417 saoriiioiun

150 1433 204 1485 upuo
228 1421 304 1474 anima
325 1422 425 1486 reipsam
445 1421 514 1473 ollert
530 1423 592 1486 ltro,
611 1421 738 1474 seounrlrlm
753 1422 812 1472 illnrl
832 1423 955 1474 Psalmistu

159 1492 275 1556 (Psolm.
286 1491 318 1556 Χ]
333 1509 339 1542 :
351 1510 366 1542 u
377 1492 518 1542 Sauiiloium
530 1494 576 1545 lieo
589 1493 684 1556 spiritus
696 1492 876 1558 contribulatum
886 1497 955 1560 oqui

159 1563 219 1613 aaut
231 1563 299 1628 suprlr
311 1565 396 1615 dictum
410 1569 445 1615 est
463 1565 519 1630 (qu.
538 1568 583 1627 81,
598 1570 641 1614 art.
652 1568 681 1627 i,
700 1568 724 1619 et
735 1577 776 1627 qu.
789 1567 837 1628 ut,
849 1570 896 1617 art.
913 1569 955 1631 a).

160 1635 283 1687 exteriores
302 1639 365 1688 aetus
389 1636 506 1701 religionis
528 1637 556 1688 ad
573 1637 694 1687 interiores
713 1636 856 1687 ordinantor.
883 1640 955 1690 Anius

160 1711 238 1758 autom
251 1721 275 1760 se
290 1708 356 1759 offert
368 1710 414 1759 Deo
431 1708 456 1770 in
472 1708 622 1769 muniunto,
639 1707 699 1758 siout
714 1706 826 1772 principio
840 1722 892 1761 suae
904 1725 955 1760 eren

160 1778 245 1842 tionis,
257 1784 281 1830 ol
291 1779 351 1830 sieut
360 1779 400 1830 irni
409 1779 653 1842 suaebeatiiirationis3
665 1777 789 1829 secundum
799 1784 877 1830 autem
888 1795 955 1833 rerer

161 1851 229 1902 tidem
247 1852 310 1902 solus
327 1851 388 1902 Deus
403 1855 439 1902 est
454 1851 543 1903 creator
562 1850 688 1901 animarum
705 1855 849 1914 susurrum,
863 1856 893 1902 ut
911 1855 955 1904 int

162 1923 264 1982 habiturn
283 1927 335 1988 est,
350 1923 374 1972 in
389 1923 437 1974 solo
454 1922 522 1973 etiarn
534 1936 561 1972 eo
576 1921 659 1973 anima
677 1925 759 1979 nostra
772 1922 894 1981 beatitudo
914 1940 955 1975 cou

161 1995 232 2056 sistit,
245 1999 270 2045 ut
279 1990 346 2060 sopri
357 1993 442 2044 dietum
455 1997 491 2044 est
501 1993 542 2060 (i,
555 1998 579 2055 2,
594 2007 632 2057 qu.
645 1998 668 2057 3,
683 1989 726 2044 art.
738 1993 765 2056 8)
778 2009 786 2044 t
799 1997 823 2044 et
837 1995 893 2046 ideo
908 1998 955 2053 sisu

163 2067 207 2118 soli
224 2068 271 2118 lteo
290 2079 378 2117 summo
399 2065 507 2116 debemus
528 2065 662 2116 sacrificium
679 2065 797 2130 spirituale
820 2066 924 2131 onore,
940 2070 955 2118 il

162 2142 232 2207 etium
243 2141 285 2191 soli
297 2141 343 2192 lieo
353 2140 461 2192 debemus
474 2139 557 2190 offerre
566 2139 678 2190 exteriora
690 2137 814 2202 saoririoia3
824 2139 888 2190 siout
897 2140 955 2192 etiul

164 2229 178 2261 «
188 2215 279 2264 orantes
289 2216 356 2278 utque
362 2211 480 2262 laudantes
488 2211 518 2260 ud
526 2224 578 2261 euni
592 2209 711 2274 dirigimus
720 2209 878 2274 significantes
889 2216 955 2264 rouel

162 2284 199 2334 cui
212 2299 248 2336 res
261 2284 322 2350 ipsus
337 2284 362 2334 in
372 2283 439 2333 corde
454 2295 510 2346 quas
523 2283 693 2346 significamus,
707 2280 838 2346 offerimus,
848 2299 863 2329 o
878 2287 906 2333 ut
923 2278 955 2334 ilii

161 2355 267 2420 gostinus
280 2355 350 2418 dicit,
362 2355 391 2404 Χ
403 2353 438 2402 lle
453 2351 533 2404 otuu
548 2357 601 2404 Dei.
612 2353 737 2405 llooetiam
749 2351 872 2404 olemus
863 2370 890 2404 ιιι
903 2350 955 2407 οιιιιΙ

160 2428 331 2492 republica
292 2427 331 2476 olis
332 2424 407 2475 errari
414 2423 493 2490 ‚quod
507 2439 620 2476 numinum
632 2429 742 2476 reconem
751 2423 858 2488 aliquo
838 2440 910 2491 signo
924 2429 955 2479 sir

161 2499 353 2562 grrlurilronorant
358 2498 434 2560 ,quod
447 2497 583 2562 cuicumque
593 2495 659 2547 alleri
672 2496 797 2547 deferretur
804 2504 870 2549 esset
879 2499 955 2551 urimo

143 2565 146 2570 ’
160 2569 221 2622 laesae
240 2571 381 2634 majestatls3
397 2574 425 2619 el·
433 2570 503 2622 ileo
496 2584 519 2619 ιιι
531 2569 582 2633 lego
595 2568 674 2619 (lirina
686 2568 795 2620 statuitur
804 2583 876 2634 prena
885 2579 955 2623 morl

159 2639 249 2704 hirqui
263 2640 366 2691 diuinum
379 2641 490 2692 honorem
503 2640 555 2691 aliis
567 2640 688 2691 exhibent.

168 2713 224 2766 ild
238 2710 346 2784 primurn
355 2724 408 2776 ergo
425 2711 562 2770 licendum,
581 2711 642 2774 quud
661 2724 745 2762 nomen
759 2711 888 2764 diuinitatis
904 2727 955 2765 cort

143 2847 147 2854 υ
161 2781 290 2832 munientur
301 2777 414 2846 aliquibus
428 2795 473 2834 non
493 2796 534 2847 per
547 2782 714 2850 equalitatem,
733 2785 774 2834 sed
786 2793 829 2848 per
842 2783 955 2850 participi

145 2849 262 2920 tionem
277 2852 301 2904 et
311 2853 363 2905 ideo
376 2850 419 2904 uee'
433 2854 527 2918 anneis
541 2853 576 2902 eis
588 2854 661 2906 honor
672 2853 775 2907 detetur.

191 2919 226 2976 'iu
247 2925 370 2978 sonnium
390 2925 527 2988 dicendum,
544 2923 626 2988 quid
620 2938 644 2975 ιιι
664 2913 778 2977 uiolatione
798 2926 911 2983 ncuuii
927 2941 955 2983 uc
