1934 3284
109 125 154 174 tto
212 135 317 175 securos
336 134 572 183 meorumnam
588 135 758 188 caumana.
776 138 812 175 rs.

108 214 163 277 quid
174 218 248 277 potest
260 224 311 262 esse
324 211 374 263 sine
384 212 505 274 charitate,
520 216 660 276 potestesse
672 213 726 264 sine
739 215 818 277 gratia
827 220 906 279 gratum

108 286 220 346 iaciente,
238 288 261 334 et
277 297 317 347 per
334 296 476 345 consequens
491 283 540 333 sine
555 284 657 335 bonitate
670 298 775 355 morum.
792 287 906 350 Propheta

108 362 183 405 arrum
203 358 279 419 potest
295 368 347 405 esse
362 354 412 405 sine
426 355 550 417 charitate3
565 357 626 418 quod
645 360 745 419 apparet
766 370 799 407 ex
818 359 904 407 duetus.

107 426 182 477 l'rimd
196 427 286 489 quidem
304 440 332 476 ex
347 432 398 475 actu
411 426 546 488 utriusque3
562 440 615 476 uam
632 427 755 491 prophetia
770 431 873 495 pertinet
884 431 905 478 ad

107 496 257 560 intellectum,
274 500 338 563 cujus
348 502 411 547 actus
423 499 529 560 precedit
542 502 617 548 actum
629 500 771 562 voluntatis,
780 515 851 565 quam
863 517 904 565 per·

108 570 154 618 ficit
164 570 276 620 charitas:
292 571 352 620 unde
364 575 387 619 et
399 571 519 633 Apostolus
529 572 549 619 l.
559 569 596 619 od
610 571 764 634 Cor.,Xlll,
775 576 910 639 prophetiam

107 646 253 691 communierat
269 643 319 691 aliis
337 643 365 691 ad
385 641 524 691 intellectum
543 642 726 705 pertinentibus,
746 659 806 708 quae
826 657 909 710 possunt

107 712 156 762 sine
171 713 280 763 charitate
299 714 386 763 haheri.
402 714 507 763 Secundo
521 727 549 764 ex
560 714 605 762 line
620 714 758 777 utriusque3
777 717 848 766 datur
859 719 908 767 enim

107 788 227 851 prophetia
244 787 272 835 ad
289 787 410 836 utilitatem
429 786 550 849 Ecclesia,
565 785 627 835 sicut
639 790 663 835 et
673 786 726 837 aliae
744 789 832 849 gratiae
852 789 910 850 pratis

108 859 181 917 date,
194 856 316 906 secundum
326 858 379 906 illud
394 858 508 921 Apostoli,
521 858 538 906 1.
554 858 591 906 od
602 857 673 913 Cor„
684 859 747 908 llll:
762 877 780 907 a
790 862 911 921 Unicuique

107 931 173 979 datur
186 930 338 979 manifestatio
353 929 445 993 spiritus
464 930 492 979 ad
506 929 637 979 utilitatem.
654 944 669 975 n
683 930 738 979 Non
759 936 845 982 autern
862 933 912 982 ordi-

108 1006 174 1051 natur
192 1001 277 1052 directe
295 1003 321 1050 ad
338 1003 382 1051 hoc
394 1000 454 1064 quhd
472 994 568 1050 allectus
587 1000 661 1064 ipsius
681 1004 810 1065 prophetae
828 1005 912 1066 conjun-

108 1078 172 1134 gatur
185 1074 245 1134 ileo,
265 1073 292 1121 ad
309 1073 369 1135 quod
383 1072 499 1121 ordinatur
512 1071 627 1121 charitas:
644 1076 668 1123 et
677 1072 732 1122 ideo
743 1077 869 1139 prophetia
880 1088 912 1137 po

107 1148 154 1193 test
169 1156 219 1193 esse
230 1144 280 1194 sine
292 1144 393 1193 honitate
409 1156 498 1193 morum
512 1148 622 1207 quantum
633 1145 661 1193 ad
682 1146 807 1209 propriam
823 1148 913 1197 radicem

109 1216 178 1279 hujus
191 1215 306 1265 honitatis.
325 1216 349 1265 Si
362 1214 417 1265 verd
433 1216 604 1266 consideremus
620 1216 752 1267 honitatem
775 1233 868 1271 morum
886 1231 914 1267 se

107 1285 205 1336 cundiam
223 1287 341 1350 passiones
364 1288 445 1337 anime
465 1290 489 1337 et
508 1287 610 1337 actiones
629 1288 776 1351 exteriores,
795 1291 913 1342 secoudhn

107 1358 150 1407 hoc
164 1359 286 1420 impellitur
299 1358 381 1423 aliquis
397 1358 410 1408 a
423 1360 541 1423 prophetia
556 1372 598 1422 per
611 1371 701 1410 morunt
719 1362 851 1427 malitiam.
868 1365 913 1413 han

107 1429 136 1478 ad
149 1430 292 1494 prophetiam
305 1430 427 1493 requiritur
443 1430 542 1479 munima
555 1431 640 1479 mentis
651 1430 754 1481 elevatio
768 1435 801 1483 ad
816 1436 913 1499 spiritua·

106 1500 162 1549 lium
172 1502 453 1565 contemplationemque
462 1500 684 1564 quidemirnpeditur
693 1515 739 1566 per
746 1506 916 1557 vehementiam

105 1574 251 1637 passionum,
266 1576 289 1622 et
302 1586 343 1636 per
359 1573 510 1623 inordinatam
526 1573 700 1637 occupationem
717 1588 803 1627 rerum
822 1580 912 1629 exterio

106 1658 165 1694 rum.
178 1645 241 1695 Unde
256 1650 278 1695 et
290 1646 317 1695 de
328 1645 380 1694 tiliis
390 1647 551 1710 prophetarum
562 1646 647 1706 iegitur
657 1647 698 1695 lv.
709 1648 786 1713 lte-9„
799 1652 833 1700 lv
843 1690 851 1711 ,
862 1651 914 1714 quhl

107 1734 121 1765 e
137 1718 204 1767 simul
222 1718 356 1768 hahitahant
369 1731 420 1767 cum
439 1718 535 1782 Elisaeo,
546 1734 561 1765 o
574 1718 640 1780 quasi
652 1719 785 1770 solitariam
800 1723 876 1773 vitam
885 1725 919 1771 du·

105 1793 200 1853 centes,
211 1802 241 1839 ne
255 1790 375 1840 mundanis
389 1790 576 1853 occupationibus
589 1788 786 1853 impedirenturd
799 1794 866 1846 dono
875 1808 919 1859 pro·

105 1861 197 1924 phetiae.

138 1935 171 1983 hd
181 1934 277 1998 primum
287 1948 341 1998 ergo
351 1933 480 1993 dicendum,
489 1932 549 1996 qndd
561 1934 645 1983 donum
654 1934 792 1997 prophetie
800 1938 917 2002 aliquanto

105 2004 171 2054 datur
182 2005 281 2065 homini,
296 2010 319 2055 et
329 2009 422 2069 propter
429 2004 549 2054 utilitatem
558 2004 665 2065 ahorum,
677 2008 702 2053 et
713 2011 817 2070 propter
826 2010 916 2074 proprie

106 2077 190 2126 mentis
204 2077 385 2127 illustrationem.
403 2078 430 2125 Et
444 2077 466 2125 hi
481 2080 534 2126 sunt
547 2076 571 2125 in
584 2090 679 2139 quorum
693 2076 917 2145 animas·sapicutie

105 2148 181 2198 diviua
196 2162 235 2211 per
251 2149 345 2211 gratiam
360 2152 449 2211 gratum
466 2147 588 2197 lacientem
604 2161 630 2198 se
646 2149 812 2213 transferens,
835 2156 917 2202 amicos

105 2220 146 2269 Dei
168 2223 191 2269 et
206 2221 330 2283 prophetas
347 2233 387 2269 eos
409 2218 534 2269 constituit
556 2218 652 2278 Quidam
669 2219 725 2269 terh
742 2229 917 2287 consequuntur

104 2290 188 2340 donum
205 2291 329 2354 prophetiae
340 2290 413 2341 solhm
423 2291 451 2339 ad
465 2289 587 2340 utilitatem
603 2290 709 2353 aliorum,
722 2292 842 2353 quisunt
856 2293 918 2358 qnasi

105 2362 256 2413 instrumenta
272 2363 356 2414 divine
366 2363 513 2425 operationis
524 2364 587 2413 Unde
601 2362 756 2427 Hiemnpmus
767 2365 832 2417 dicit
845 2382 918 2431 super

100 2434 196 2485 Motth.
218 2436 286 2498 (cap.
303 2436 331 2496 t)
349 2450 355 2483 :
373 2450 387 2482 a
404 2436 542 2497 Prophetare
562 2439 586 2484 et
603 2434 699 2485 uirtutes
719 2436 804 2487 lacere
828 2443 854 2489 et
874 2441 917 2488 de-

104 2505 180 2554 monia
193 2506 278 2569 ejicere
293 2506 407 2557 interdum
421 2520 467 2556 non
482 2509 519 2557 est
528 2506 603 2557 meriti
619 2506 720 2569 ejusqui
735 2512 866 2572 operatur,
881 2511 916 2559 sed

103 2576 140 2623 rel
157 2576 301 2627 invocatione
319 2578 418 2627 nominis
437 2578 521 2627 Christi
534 2579 579 2628 hoc
591 2579 652 2641 agit,
668 2578 705 2627 rel
725 2579 756 2627 oh
771 2582 916 2631 condemua-

102 2643 188 2693 tionem
199 2659 276 2712 eorum
289 2649 328 2710 qui
341 2648 458 2713 invocant,
478 2652 503 2699 et
513 2649 634 2699 utilitatem
650 2662 729 2699 eorum
748 2652 790 2715 qui
801 2654 886 2704 rident
896 2657 916 2701 et

102 2713 206 2775 audiunt,
221 2718 387 2767 conceditur.»

135 2782 168 2829 td
191 2787 315 2836 secundum
333 2788 472 2851 dicendum,
486 2790 547 2854 quhd
567 2792 688 2855 Gregorius
703 2792 813 2856 (Homil.
839 2796 912 2847 xxix.

103 2864 179 2913 super
189 2854 307 2919 Eueno),
317 2872 436 2923 exponens
451 2862 521 2926 illud,
536 2862 608 2915 dicit:
623 2864 709 2916 chum
722 2866 804 2917 audita
818 2879 912 2933 superna
