1934 3284
104 162 151 209 a'itt
205 169 566 222 spumantemamnem.
587 169 671 220 muru,
684 171 739 209 nur.
757 173 784 209 n.

133 248 179 299 Seri
187 251 267 298 oontn
277 250 313 298 est
318 283 327 310 ,
336 248 397 311 quon
405 247 558 312 Philosophus
566 244 685 297 dloitinlll
694 247 778 298 Ethio.
792 249 853 314 (cap.
864 251 900 314 b),
957 263 958 268 ¹

101 320 162 402 qnod
178 319 327 370 «liberalitas
338 318 429 370 riuum
443 331 495 370 esse
509 318 619 371 medietas
632 319 736 384 quoiam
752 320 811 371 eirea
833 335 904 386 peen-

100 405 294 528 matsils'incnnsm.
313 463 459 515 -l’oonnin
467 462 610 514 liberalitatis
623 462 713 528 propriu
728 466 764 513 est
776 465 904 529 materia.)

131 537 265 600 Respondeo
278 535 411 600 (lieentum,
427 535 493 600 quob
505 533 628 586 secantium
644 535 811 601 Philosophum
826 538 851 588 in
871 539 903 589 lll
957 549 958 618 p

99 611 184 660 titinio.
201 609 319 674 (oapi),
333 609 486 659 adliberalem
501 607 598 672 pertinet
614 607 748 658 emissivum
760 616 823 674 esse5
839 609 901 662 unio
957 619 958 646 ³

98 685 123 732 et
137 681 182 732 alio
191 683 284 732 nomine
301 681 423 732 liberalitas
434 682 544 743 larpiios
556 680 700 744 nominatur,
715 679 768 744 quia
785 683 846 744 quod
857 683 903 734 lar-

99 768 152 817 gum
164 757 216 817 est,
227 767 274 805 uon
284 758 320 804 est
332 753 478 816 retentivum,
495 753 534 803 sed
546 749 693 802 emissivum:
708 755 731 802 et
746 752 827 803 adhoc
841 754 904 806 idem
957 783 958 798 2

99 824 215 888 pertinere
227 827 319 876 uidetur
332 825 402 876 etlam
415 838 499 876 nomen
511 824 661 875 liberalitatis.
671 821 729 873 Cium
746 823 807 876 enim
820 825 905 890 aliquis

100 897 151 948 hoe
166 897 257 962 emittit,
272 898 438 962 quodammodo
451 897 587 948 illudisne
599 895 701 946 custodia
714 899 738 946 et
754 896 857 948 dominio
870 899 905 948 li-

100 971 178 1032 berat,
194 974 218 1021 ot
231 970 333 1021 animum
343 983 409 1020 suum
423 970 451 1020 ah
462 969 515 1034 ejus
528 967 717 1020 uheolulihemn
727 981 778 1018 esse
790 970 903 1035 ostendit;

75 1049 78 1058 ⁴
101 1055 129 1094 ea
147 1042 202 1093 rer'o
217 1057 268 1106 que
284 1042 394 1092 mittenda
410 1045 465 1091 sunt
483 1042 512 1092 ab
531 1055 578 1092 uuo
592 1041 685 1092 bomine
704 1039 729 1089 in
747 1039 832 1102 allum,
849 1046 905 1092 sunt
957 1059 958 1090 l

101 1114 289 1178 bonapossessa‚
303 1127 354 1178 que
376 1113 468 1164 nomine
487 1114 591 1179 pecunie
612 1111 769 1176 significantur
786 1127 792 1161 :
807 1115 831 1162 et
853 1111 904 1165 ideo
957 1115 958 1172 i

100 1185 192 1250 propria
209 1185 305 1235 materia
314 1185 456 1236 liberalitatis
469 1189 506 1237 est
518 1183 623 1252 pecunia.

133 1257 276 1321 ltprimum
290 1269 343 1320 ergo
357 1257 493 1320 dicendum,
507 1256 565 1322 qubrl
581 1256 640 1306 siout
653 1257 738 1307 dietum
751 1259 786 1306 ost
802 1255 863 1320 (art.
878 1260 900 1320 l,

100 1327 130 1376 ad
144 1326 168 1390 a)
182 1363 188 1388 ,
203 1327 327 1378 liberalitas
346 1340 392 1378 non
413 1329 538 1380 attenditur
553 1329 576 1378 in
591 1326 717 1392 quantitate
736 1326 796 1386 dati,
820 1329 860 1378 seul
879 1325 903 1376 iu

101 1399 184 1449 affeetu
202 1399 285 1448 dantis.
307 1400 408 1450 tilectus
429 1404 507 1450 autem
531 1399 605 1450 dantis
623 1399 751 1464 disponitur
775 1398 903 1450 seeundirm

100 1471 218 1532 passiones
234 1471 317 1522 amoris
328 1476 352 1522 et
367 1471 565 1535 concupiscentiae,
578 1476 601 1523 et
613 1485 654 1536 per
665 1464 808 1534 consequens
822 1472 905 1521 deleo-

99 1542 192 1592 tationis
211 1546 235 1593 ot
250 1543 365 1606 tristitiae,
384 1544 413 1593 ad
425 1556 454 1594 ea
469 1555 521 1606 pue
536 1544 634 1594 dantur:
650 1546 674 1593 st
687 1543 754 1606 ideo,
770 1543 904 1593 immediata

100 1614 193 1664 materia
214 1614 358 1666 liberalitatis
379 1621 433 1665 sunt
449 1615 571 1666 interiores
592 1616 723 1679 passiones,
746 1615 784 1664 sed
805 1615 904 1678 pecunia

99 1685 199 1736 exterior
211 1689 247 1738 est
259 1687 373 1752 objectum
383 1687 485 1751 ipsarum
499 1687 639 1750 passionum.

132 1757 170 1807 Ad
193 1758 317 1808 meandum
340 1759 476 1822 dicendum,
491 1757 552 1822 qubd
574 1759 632 1808 siorn
649 1758 790 1822 Augustinus
808 1757 865 1808 dicit
881 1757 905 1806 in

100 1828 140 1878 lib.
160 1830 196 1878 De
209 1828 344 1894 disciplina
358 1830 514 1890 christiano,
529 1847 542 1878 u
556 1834 630 1880 totum
642 1829 747 1894 quiequid
762 1829 867 1880 homines
880 1825 905 1876 in

101 1902 160 1950 terra
172 1900 271 1964 habent,
282 1905 306 1950 et
314 1902 389 1952 omnia
400 1915 496 1966 qnorum
511 1905 564 1952 sunt
574 1902 675 1964 domini,
690 1899 787 1966 pecunia
799 1905 903 1965 uocatur,

102 1973 156 2035 quia
166 1974 263 2037 antiqui,
274 1987 326 2038 qua
335 1975 456 2039 habebant,
471 1977 497 2026 in
507 1975 626 2040 peroribus
639 1975 761 2026 habebant.
777 1989 790 2020 n
807 1971 836 2022 llt
848 1975 905 2024 Phi-

101 2045 210 2110 losophns
224 2045 279 2096 dicit
291 2046 315 2096 in
328 2048 357 2097 lll
368 2047 479 2097 lithioor.
491 2048 551 2113 (cap.
564 2048 597 2108 l),
606 2046 664 2110 qubd
680 2045 810 2112 «pecunias
825 2047 904 2096 omnia

103 2115 211 2176 dicimus,
224 2131 319 2181 qnorum
333 2118 432 2182 dignitas
446 2119 583 2169 numismate
595 2122 746 2185 mensuratur.
764 2133 778 2164 u

134 2190 166 2238 hl
180 2188 271 2240 tertium
285 2191 421 2253 licendum,
435 2191 495 2255 qnbd
510 2191 600 2255 justitia
617 2189 734 2241 constituit
747 2189 900 2252 equalitatem

102 2261 125 2310 in
145 2262 293 2312 exterioribus
310 2263 393 2325 rebus;
409 2277 454 2314 non
474 2267 550 2312 autem
573 2263 601 2312 ad
622 2275 672 2313 eam
691 2259 782 2326 proprie
802 2260 905 2326 pertinet

102 2332 212 2383 moderari
225 2333 345 2385 interiores
353 2334 472 2398 passiones
483 2335 558 2386 :unde
572 2334 637 2384 alitor
649 2334 745 2398 pecunia
759 2336 793 2383 est
806 2333 903 2382 materia

62 2437 71 2451 .
103 2402 260 2467 liberalitatis,
274 2409 299 2456 et
309 2406 374 2458 alitor
382 2406 488 2469 justitian.
