<?xml version="1.0" encoding="UTF-8"?>
<!DOCTYPE html PUBLIC "-//W3C//DTD XHTML 1.0 Transitional//EN"
    "http://www.w3.org/TR/xhtml1/DTD/xhtml1-transitional.dtd">
<html xmlns="http://www.w3.org/1999/xhtml" xml:lang="en" lang="en">
 <head>
  <title>
</title>
<meta http-equiv="Content-Type" content="text/html;charset=utf-8" />
  <meta name='ocr-system' content='tesseract 3.04.00' />
  <meta name='ocr-capabilities' content='ocr_page ocr_carea ocr_par ocr_line ocrx_word'/>
</head>
<body>
  <div class='ocr_page' id='page_1' title='image "./summatheologica05nicogoog_0937.png"; bbox 0 0 1934 3284; ppageno 0'>
   <div class='ocr_carea' id='block_1_1' title="bbox 138 142 839 200">
    <p class='ocr_par' dir='ltr' id='par_1_1' title="bbox 138 142 839 200">
     <span class='ocr_line' id='line_1_1' title="bbox 138 142 839 200; baseline -0.003 -9"><span class='ocrx_word' id='word_1_1' title='bbox 138 142 185 191; x_wconf 76' lang='lat' dir='ltr'><strong>m</strong></span> <span class='ocrx_word' id='word_1_2' title='bbox 240 152 347 192; x_wconf 78' lang='lat' dir='ltr'><strong>ercnunt</strong></span> <span class='ocrx_word' id='word_1_3' title='bbox 364 150 496 200; x_wconf 68' lang='lat' dir='ltr'><strong>mouns,</strong></span> <span class='ocrx_word' id='word_1_4' title='bbox 512 150 606 197; x_wconf 74' lang='lat' dir='ltr'><strong>oum.</strong></span> <span class='ocrx_word' id='word_1_5' title='bbox 621 148 720 200; x_wconf 72' lang='lat' dir='ltr'><strong>amr,</strong></span> <span class='ocrx_word' id='word_1_6' title='bbox 737 152 795 191; x_wconf 74' lang='lat' dir='ltr'><strong>aar.</strong></span> <span class='ocrx_word' id='word_1_7' title='bbox 812 152 839 189; x_wconf 82' lang='lat' dir='ltr'><strong>r.</strong></span> 
     </span>
    </p>
   </div>
   <div class='ocr_carea' id='block_1_2' title="bbox 137 227 961 2443">
    <p class='ocr_par' dir='ltr' id='par_1_2' title="bbox 138 227 961 507">
     <span class='ocr_line' id='line_1_2' title="bbox 138 227 928 293; baseline -0.003 -16"><span class='ocrx_word' id='word_1_8' title='bbox 138 230 191 293; x_wconf 76' lang='lat' dir='ltr'><strong>noia</strong></span> <span class='ocrx_word' id='word_1_9' title='bbox 202 229 288 279; x_wconf 85' lang='lat' dir='ltr'><strong>seilicet</strong></span> <span class='ocrx_word' id='word_1_10' title='bbox 301 242 346 278; x_wconf 91' lang='lat' dir='ltr'><strong>non</strong></span> <span class='ocrx_word' id='word_1_11' title='bbox 360 234 394 279; x_wconf 84' lang='lat' dir='ltr'><strong>eet</strong></span> <span class='ocrx_word' id='word_1_12' title='bbox 408 228 527 280; x_wconf 68' lang='lat' dir='ltr'><strong>totallloe</strong></span> <span class='ocrx_word' id='word_1_13' title='bbox 520 241 545 277; x_wconf 93' lang='lat' dir='ltr'><strong>m</strong></span> <span class='ocrx_word' id='word_1_14' title='bbox 558 227 662 278; x_wconf 85' lang='lat' dir='ltr'><strong>ultimam</strong></span> <span class='ocrx_word' id='word_1_15' title='bbox 675 228 844 292; x_wconf 71' lang='lat' dir='ltr'><strong>perfectionem</strong></span> <span class='ocrx_word' id='word_1_16' title='bbox 858 229 928 278; x_wconf 83' lang='lat' dir='ltr'><strong>adduc</strong></span> 
     </span>
     <span class='ocr_line' id='line_1_3' title="bbox 139 297 951 362; baseline -0.003 -12"><span class='ocrx_word' id='word_1_17' title='bbox 139 305 195 362; x_wconf 88' lang='lat' dir='ltr'><strong>lus;</strong></span> <span class='ocrx_word' id='word_1_18' title='bbox 210 301 333 350; x_wconf 79' lang='lat' dir='ltr'><strong>seeundum</strong></span> <span class='ocrx_word' id='word_1_19' title='bbox 349 301 445 351; x_wconf 91' lang='lat' dir='ltr'><strong>illudll</strong></span> <span class='ocrx_word' id='word_1_20' title='bbox 460 297 498 349; x_wconf 80' lang='lat' dir='ltr'><strong>ool</strong></span> <span class='ocrx_word' id='word_1_21' title='bbox 514 299 642 357; x_wconf 71' lang='lat' dir='ltr'><strong>Corioli„</strong></span> <span class='ocrx_word' id='word_1_22' title='bbox 653 300 693 348; x_wconf 99' lang='lat' dir='ltr'>V</span> <span class='ocrx_word' id='word_1_23' title='bbox 708 301 883 358; x_wconf 76' lang='lat' dir='ltr'><strong>«Quamdinin</strong></span> <span class='ocrx_word' id='word_1_24' title='bbox 892 314 951 349; x_wconf 46' lang='lat' dir='ltr'><strong>emor</strong></span> 
     </span>
     <span class='ocr_line' id='line_1_4' title="bbox 138 353 961 435; baseline -0.004 -15"><span class='ocrx_word' id='word_1_25' title='bbox 138 384 194 435; x_wconf 87' lang='lat' dir='ltr'><strong>pore</strong></span> <span class='ocrx_word' id='word_1_26' title='bbox 213 384 291 421; x_wconf 77' lang='lat' dir='ltr'><strong>sumus</strong></span> <span class='ocrx_word' id='word_1_27' title='bbox 311 372 480 435; x_wconf 79' lang='lat' dir='ltr'><strong>peregrinamur</strong></span> <span class='ocrx_word' id='word_1_28' title='bbox 496 369 628 420; x_wconf 80' lang='lat' dir='ltr'><strong>abomino.</strong></span> <span class='ocrx_word' id='word_1_29' title='bbox 643 387 658 417; x_wconf 84' lang='lat' dir='ltr'><strong>n</strong></span> <span class='ocrx_word' id='word_1_30' title='bbox 671 371 760 421; x_wconf 82' lang='lat' dir='ltr'><strong>Neutro</strong></span> <span class='ocrx_word' id='word_1_31' title='bbox 784 379 862 423; x_wconf 88' lang='lat' dir='ltr'><strong>antem</strong></span> <span class='ocrx_word' id='word_1_32' title='bbox 879 353 952 420; x_wconf 68' lang='lat' dir='ltr'><strong>nolo*</strong></span> <span class='ocrx_word' id='word_1_33' title='bbox 947 353 961 383; x_wconf 57' lang='lat'><strong>&#39;¹</strong></span> 
     </span>
     <span class='ocr_line' id='line_1_5' title="bbox 138 441 843 507; baseline -0.001 -14"><span class='ocrx_word' id='word_1_34' title='bbox 138 443 201 493; x_wconf 80' lang='lat' dir='ltr'><strong>Beati</strong></span> <span class='ocrx_word' id='word_1_35' title='bbox 214 447 267 492; x_wconf 82' lang='lat' dir='ltr'><strong>eunt</strong></span> <span class='ocrx_word' id='word_1_36' title='bbox 282 443 371 507; x_wconf 83' lang='lat' dir='ltr'><strong>procul.</strong></span> <span class='ocrx_word' id='word_1_37' title='bbox 387 443 450 493; x_wconf 87' lang='lat' dir='ltr'><strong>Unde</strong></span> <span class='ocrx_word' id='word_1_38' title='bbox 464 456 510 493; x_wconf 91' lang='lat' dir='ltr'><strong>non</strong></span> <span class='ocrx_word' id='word_1_39' title='bbox 524 445 622 505; x_wconf 78' lang='lat' dir='ltr'><strong>possunt</strong></span> <span class='ocrx_word' id='word_1_40' title='bbox 634 441 680 491; x_wconf 85' lang='lat' dir='ltr'><strong>diei</strong></span> <span class='ocrx_word' id='word_1_41' title='bbox 696 447 843 506; x_wconf 72' lang='lat' dir='ltr'><strong>propbeta.</strong></span> 
     </span>
    </p>

    <p class='ocr_par' dir='ltr' id='par_1_3' title="bbox 138 511 933 793">
     <span class='ocr_line' id='line_1_6' title="bbox 170 511 933 579; baseline -0.005 -15"><span class='ocrx_word' id='word_1_42' title='bbox 170 516 203 564; x_wconf 79' lang='lat' dir='ltr'><strong>dd</strong></span> <span class='ocrx_word' id='word_1_43' title='bbox 221 514 319 577; x_wconf 87' lang='lat' dir='ltr'><strong>primunr</strong></span> <span class='ocrx_word' id='word_1_44' title='bbox 330 528 385 577; x_wconf 81' lang='lat' dir='ltr'><strong>ergo</strong></span> <span class='ocrx_word' id='word_1_45' title='bbox 398 516 536 577; x_wconf 88' lang='lat' dir='ltr'><strong>dicendum,</strong></span> <span class='ocrx_word' id='word_1_46' title='bbox 551 511 611 576; x_wconf 84' lang='lat' dir='ltr'><strong>qubd</strong></span> <span class='ocrx_word' id='word_1_47' title='bbox 624 512 685 563; x_wconf 79' lang='lat' dir='ltr'><strong>risio</strong></span> <span class='ocrx_word' id='word_1_48' title='bbox 699 513 739 563; x_wconf 86' lang='lat' dir='ltr'><strong>illa</strong></span> <span class='ocrx_word' id='word_1_49' title='bbox 758 515 835 579; x_wconf 75' lang='lat' dir='ltr'><strong>blopsi</strong></span> <span class='ocrx_word' id='word_1_50' title='bbox 848 515 933 574; x_wconf 85' lang='lat' dir='ltr'><strong>luilrup·</strong></span> 
     </span>
     <span class='ocr_line' id='line_1_7' title="bbox 138 586 933 651; baseline -0.006 -14"><span class='ocrx_word' id='word_1_51' title='bbox 138 586 178 637; x_wconf 88' lang='lat' dir='ltr'><strong>tim</strong></span> <span class='ocrx_word' id='word_1_52' title='bbox 192 600 233 650; x_wconf 90' lang='lat' dir='ltr'><strong>per</strong></span> <span class='ocrx_word' id='word_1_53' title='bbox 245 586 337 637; x_wconf 88' lang='lat' dir='ltr'><strong>modum</strong></span> <span class='ocrx_word' id='word_1_54' title='bbox 349 586 475 649; x_wconf 85' lang='lat' dir='ltr'><strong>passionis,</strong></span> <span class='ocrx_word' id='word_1_55' title='bbox 488 599 534 635; x_wconf 91' lang='lat' dir='ltr'><strong>non</strong></span> <span class='ocrx_word' id='word_1_56' title='bbox 548 587 626 634; x_wconf 62' lang='lat' dir='ltr'><strong>anum</strong></span> <span class='ocrx_word' id='word_1_57' title='bbox 636 596 781 648; x_wconf 79' lang='lat' dir='ltr'><strong>permanens</strong></span> <span class='ocrx_word' id='word_1_58' title='bbox 793 600 838 651; x_wconf 87' lang='lat' dir='ltr'><strong>per</strong></span> <span class='ocrx_word' id='word_1_59' title='bbox 856 587 933 635; x_wconf 88' lang='lat' dir='ltr'><strong>molnn</strong></span> 
     </span>
     <span class='ocr_line' id='line_1_8' title="bbox 139 656 930 724; baseline -0.006 -14"><span class='ocrx_word' id='word_1_60' title='bbox 139 660 285 710; x_wconf 72' lang='lat' dir='ltr'><strong>beatitudinis</strong></span> <span class='ocrx_word' id='word_1_61' title='bbox 298 674 303 708; x_wconf 93' lang='lat'><strong>:</strong></span> <span class='ocrx_word' id='word_1_62' title='bbox 316 661 376 709; x_wconf 90' lang='lat' dir='ltr'><strong>uude</strong></span> <span class='ocrx_word' id='word_1_63' title='bbox 388 660 460 709; x_wconf 84' lang='lat' dir='ltr'><strong>adbuc</strong></span> <span class='ocrx_word' id='word_1_64' title='bbox 473 662 522 709; x_wconf 83' lang='lat' dir='ltr'><strong>erat</strong></span> <span class='ocrx_word' id='word_1_65' title='bbox 536 656 622 706; x_wconf 79' lang='lat' dir='ltr'><strong>uidene</strong></span> <span class='ocrx_word' id='word_1_66' title='bbox 635 656 738 720; x_wconf 78' lang='lat' dir='ltr'><strong>procul,</strong></span> <span class='ocrx_word' id='word_1_67' title='bbox 753 659 786 707; x_wconf 83' lang='lat' dir='ltr'><strong>Et</strong></span> <span class='ocrx_word' id='word_1_68' title='bbox 800 660 930 724; x_wconf 85' lang='lat' dir='ltr'><strong>propterbu</strong></span> 
     </span>
     <span class='ocr_line' id='line_1_9' title="bbox 141 729 824 793; baseline -0.003 -12"><span class='ocrx_word' id='word_1_69' title='bbox 141 744 185 783; x_wconf 91' lang='lat' dir='ltr'><strong>non</strong></span> <span class='ocrx_word' id='word_1_70' title='bbox 198 733 297 781; x_wconf 89' lang='lat' dir='ltr'><strong>totaliter</strong></span> <span class='ocrx_word' id='word_1_71' title='bbox 309 730 360 781; x_wconf 91' lang='lat' dir='ltr'><strong>talis</strong></span> <span class='ocrx_word' id='word_1_72' title='bbox 373 731 431 781; x_wconf 82' lang='lat' dir='ltr'><strong>visio</strong></span> <span class='ocrx_word' id='word_1_73' title='bbox 450 731 535 780; x_wconf 88' lang='lat' dir='ltr'><strong>amittit</strong></span> <span class='ocrx_word' id='word_1_74' title='bbox 552 729 665 780; x_wconf 85' lang='lat' dir='ltr'><strong>rationem</strong></span> <span class='ocrx_word' id='word_1_75' title='bbox 677 731 824 793; x_wconf 83' lang='lat' dir='ltr'><strong>prophetiae.</strong></span> 
     </span>
    </p>

    <p class='ocr_par' dir='ltr' id='par_1_4' title="bbox 137 800 941 1082">
     <span class='ocr_line' id='line_1_10' title="bbox 174 800 935 864; baseline -0.007 -12"><span class='ocrx_word' id='word_1_76' title='bbox 174 805 206 854; x_wconf 79' lang='lat' dir='ltr'><strong>ld</strong></span> <span class='ocrx_word' id='word_1_77' title='bbox 220 804 342 853; x_wconf 86' lang='lat' dir='ltr'><strong>secundum</strong></span> <span class='ocrx_word' id='word_1_78' title='bbox 356 802 493 864; x_wconf 86' lang='lat' dir='ltr'><strong>dicendum,</strong></span> <span class='ocrx_word' id='word_1_79' title='bbox 507 801 568 864; x_wconf 85' lang='lat' dir='ltr'><strong>qubd</strong></span> <span class='ocrx_word' id='word_1_80' title='bbox 581 801 675 863; x_wconf 73' lang='lat' dir='ltr'><strong>angelis</strong></span> <span class='ocrx_word' id='word_1_81' title='bbox 690 800 718 849; x_wconf 85' lang='lat' dir='ltr'><strong>fit</strong></span> <span class='ocrx_word' id='word_1_82' title='bbox 728 803 847 853; x_wconf 76' lang='lat' dir='ltr'><strong>revelatio</strong></span> <span class='ocrx_word' id='word_1_83' title='bbox 859 802 935 853; x_wconf 76' lang='lat' dir='ltr'><strong>dirim¹</strong></span> 
     </span>
     <span class='ocr_line' id='line_1_11' title="bbox 142 873 938 937; baseline -0.01 -10"><span class='ocrx_word' id='word_1_84' title='bbox 142 888 189 927; x_wconf 87' lang='lat' dir='ltr'><strong>non</strong></span> <span class='ocrx_word' id='word_1_85' title='bbox 212 875 273 924; x_wconf 85' lang='lat' dir='ltr'><strong>elcut</strong></span> <span class='ocrx_word' id='word_1_86' title='bbox 296 874 373 937; x_wconf 88' lang='lat' dir='ltr'><strong>procul</strong></span> <span class='ocrx_word' id='word_1_87' title='bbox 394 874 556 932; x_wconf 80' lang='lat' dir='ltr'><strong>existentibus.</strong></span> <span class='ocrx_word' id='word_1_88' title='bbox 572 873 611 924; x_wconf 83' lang='lat' dir='ltr'><strong>sed</strong></span> <span class='ocrx_word' id='word_1_89' title='bbox 631 873 691 922; x_wconf 86' lang='lat' dir='ltr'><strong>eiont</strong></span> <span class='ocrx_word' id='word_1_90' title='bbox 710 873 761 937; x_wconf 75' lang='lat' dir='ltr'><strong>iam</strong></span> <span class='ocrx_word' id='word_1_91' title='bbox 788 876 891 926; x_wconf 90' lang='lat' dir='ltr'><strong>totaliter</strong></span> <span class='ocrx_word' id='word_1_92' title='bbox 906 876 938 923; x_wconf 68' lang='lat' dir='ltr'><strong>lieu</strong></span> 
     </span>
     <span class='ocr_line' id='line_1_12' title="bbox 137 944 941 1009; baseline -0.001 -16"><span class='ocrx_word' id='word_1_93' title='bbox 137 947 279 1009; x_wconf 72' lang='lat' dir='ltr'><strong>conjunctis.</strong></span> <span class='ocrx_word' id='word_1_94' title='bbox 302 946 367 996; x_wconf 85' lang='lat' dir='ltr'><strong>Unde</strong></span> <span class='ocrx_word' id='word_1_95' title='bbox 390 944 444 997; x_wconf 79' lang='lat' dir='ltr'><strong>talio</strong></span> <span class='ocrx_word' id='word_1_96' title='bbox 465 944 572 995; x_wconf 76' lang='lat' dir='ltr'><strong>revelatio</strong></span> <span class='ocrx_word' id='word_1_97' title='bbox 598 956 645 994; x_wconf 91' lang='lat' dir='ltr'><strong>non</strong></span> <span class='ocrx_word' id='word_1_98' title='bbox 667 944 738 993; x_wconf 87' lang='lat' dir='ltr'><strong>babel</strong></span> <span class='ocrx_word' id='word_1_99' title='bbox 763 946 881 998; x_wconf 69' lang='lat' dir='ltr'><strong>udone·</strong></span> <span class='ocrx_word' id='word_1_100' title='bbox 899 957 941 1008; x_wconf 86' lang='lat' dir='ltr'><strong>pm·</strong></span> 
     </span>
     <span class='ocr_line' id='line_1_13' title="bbox 143 1019 238 1082; baseline -0.021 -14"><span class='ocrx_word' id='word_1_101' title='bbox 143 1019 238 1082; x_wconf 78' lang='lat' dir='ltr'><strong>pbetie.</strong></span> 
     </span>
    </p>

    <p class='ocr_par' dir='ltr' id='par_1_5' title="bbox 145 1086 941 1355">
     <span class='ocr_line' id='line_1_14' title="bbox 176 1086 941 1151; baseline -0.008 -12"><span class='ocrx_word' id='word_1_102' title='bbox 176 1091 209 1139; x_wconf 82' lang='lat' dir='ltr'><strong>ld</strong></span> <span class='ocrx_word' id='word_1_103' title='bbox 227 1086 320 1138; x_wconf 84' lang='lat' dir='ltr'><strong>tertium</strong></span> <span class='ocrx_word' id='word_1_104' title='bbox 339 1088 474 1151; x_wconf 83' lang='lat' dir='ltr'><strong>dicendum,</strong></span> <span class='ocrx_word' id='word_1_105' title='bbox 489 1086 548 1150; x_wconf 77' lang='lat' dir='ltr'><strong>onbd</strong></span> <span class='ocrx_word' id='word_1_106' title='bbox 564 1086 668 1137; x_wconf 66' lang='lat' dir='ltr'><strong>cunone</strong></span> <span class='ocrx_word' id='word_1_107' title='bbox 684 1086 756 1137; x_wconf 81' lang='lat' dir='ltr'><strong>simul</strong></span> <span class='ocrx_word' id='word_1_108' title='bbox 777 1094 831 1139; x_wconf 84' lang='lat' dir='ltr'><strong>eret</strong></span> <span class='ocrx_word' id='word_1_109' title='bbox 851 1101 941 1150; x_wconf 62' lang='lat' dir='ltr'><strong>compre</strong></span> 
     </span>
     <span class='ocr_line' id='line_1_15' title="bbox 145 1161 941 1223; baseline -0.005 -12"><span class='ocrx_word' id='word_1_110' title='bbox 145 1162 228 1211; x_wconf 87' lang='lat' dir='ltr'><strong>beosor</strong></span> <span class='ocrx_word' id='word_1_111' title='bbox 241 1165 264 1210; x_wconf 90' lang='lat' dir='ltr'><strong>et</strong></span> <span class='ocrx_word' id='word_1_112' title='bbox 283 1161 366 1210; x_wconf 86' lang='lat' dir='ltr'><strong>viator.</strong></span> <span class='ocrx_word' id='word_1_113' title='bbox 384 1161 410 1209; x_wconf 93' lang='lat' dir='ltr'><strong>ln</strong></span> <span class='ocrx_word' id='word_1_114' title='bbox 430 1164 538 1223; x_wconf 86' lang='lat' dir='ltr'><strong>qnantum</strong></span> <span class='ocrx_word' id='word_1_115' title='bbox 554 1170 608 1221; x_wconf 70' lang='lat' dir='ltr'><strong>ergo</strong></span> <span class='ocrx_word' id='word_1_116' title='bbox 622 1161 672 1208; x_wconf 88' lang='lat' dir='ltr'><strong>erat</strong></span> <span class='ocrx_word' id='word_1_117' title='bbox 692 1164 889 1222; x_wconf 80' lang='lat' dir='ltr'><strong>comprehensor,</strong></span> <span class='ocrx_word' id='word_1_118' title='bbox 911 1172 941 1207; x_wconf 79' lang='lat' dir='ltr'><strong>nu</strong></span> 
     </span>
     <span class='ocr_line' id='line_1_16' title="bbox 145 1228 937 1297; baseline -0.005 -15"><span class='ocrx_word' id='word_1_119' title='bbox 145 1235 256 1297; x_wconf 87' lang='lat' dir='ltr'><strong>competit</strong></span> <span class='ocrx_word' id='word_1_120' title='bbox 276 1232 321 1297; x_wconf 88' lang='lat' dir='ltr'><strong>ipsi</strong></span> <span class='ocrx_word' id='word_1_121' title='bbox 339 1232 397 1283; x_wconf 85' lang='lat' dir='ltr'><strong>ratio</strong></span> <span class='ocrx_word' id='word_1_122' title='bbox 416 1231 558 1295; x_wconf 78' lang='lat' dir='ltr'><strong>prophetie,</strong></span> <span class='ocrx_word' id='word_1_123' title='bbox 578 1230 618 1281; x_wconf 79' lang='lat' dir='ltr'><strong>sed</strong></span> <span class='ocrx_word' id='word_1_124' title='bbox 636 1228 711 1280; x_wconf 76' lang='lat' dir='ltr'><strong>sollum</strong></span> <span class='ocrx_word' id='word_1_125' title='bbox 731 1231 757 1281; x_wconf 93' lang='lat' dir='ltr'><strong>in</strong></span> <span class='ocrx_word' id='word_1_126' title='bbox 780 1239 897 1297; x_wconf 85' lang='lat' dir='ltr'><strong>qnantum</strong></span> <span class='ocrx_word' id='word_1_127' title='bbox 910 1244 937 1280; x_wconf 81' lang='lat' dir='ltr'><strong>eu</strong></span> 
     </span>
     <span class='ocr_line' id='line_1_17' title="bbox 145 1306 228 1355; baseline 0.036 -3"><span class='ocrx_word' id='word_1_128' title='bbox 145 1306 228 1355; x_wconf 83' lang='lat' dir='ltr'><strong>riatur.</strong></span> 
     </span>
    </p>

    <p class='ocr_par' dir='ltr' id='par_1_6' title="bbox 142 1373 946 2443">
     <span class='ocr_line' id='line_1_18' title="bbox 176 1373 943 1441; baseline -0.005 -14"><span class='ocrx_word' id='word_1_129' title='bbox 176 1378 209 1427; x_wconf 79' lang='lat' dir='ltr'><strong>ld</strong></span> <span class='ocrx_word' id='word_1_130' title='bbox 228 1378 332 1440; x_wconf 86' lang='lat' dir='ltr'><strong>quartum</strong></span> <span class='ocrx_word' id='word_1_131' title='bbox 347 1374 484 1435; x_wconf 87' lang='lat' dir='ltr'><strong>dicendum,</strong></span> <span class='ocrx_word' id='word_1_132' title='bbox 496 1373 558 1438; x_wconf 79' lang='lat' dir='ltr'><strong>onbd</strong></span> <span class='ocrx_word' id='word_1_133' title='bbox 568 1373 637 1424; x_wconf 91' lang='lat' dir='ltr'><strong>eliam</strong></span> <span class='ocrx_word' id='word_1_134' title='bbox 649 1374 744 1424; x_wconf 78' lang='lat' dir='ltr'><strong>Sannoi</strong></span> <span class='ocrx_word' id='word_1_135' title='bbox 757 1377 943 1441; x_wconf 70' lang='lat' dir='ltr'><strong>condempno</strong></span> 
     </span>
     <span class='ocr_line' id='line_1_19' title="bbox 144 1446 943 1510; baseline -0.004 -13"><span class='ocrx_word' id='word_1_136' title='bbox 144 1452 209 1499; x_wconf 88' lang='lat' dir='ltr'><strong>neret</strong></span> <span class='ocrx_word' id='word_1_137' title='bbox 230 1449 258 1498; x_wconf 87' lang='lat' dir='ltr'><strong>ed</strong></span> <span class='ocrx_word' id='word_1_138' title='bbox 277 1454 360 1497; x_wconf 84' lang='lat' dir='ltr'><strong>stalouu</strong></span> <span class='ocrx_word' id='word_1_139' title='bbox 382 1446 529 1498; x_wconf 83' lang='lat' dir='ltr'><strong>beatitudinis</strong></span> <span class='ocrx_word' id='word_1_140' title='bbox 543 1461 549 1495; x_wconf 93' lang='lat'><strong>:</strong></span> <span class='ocrx_word' id='word_1_141' title='bbox 564 1447 626 1496; x_wconf 89' lang='lat' dir='ltr'><strong>nnde</strong></span> <span class='ocrx_word' id='word_1_142' title='bbox 638 1447 684 1495; x_wconf 85' lang='lat' dir='ltr'><strong>etsi</strong></span> <span class='ocrx_word' id='word_1_143' title='bbox 700 1446 828 1499; x_wconf 77' lang='lat' dir='ltr'><strong>uoluntate</strong></span> <span class='ocrx_word' id='word_1_144' title='bbox 850 1451 892 1500; x_wconf 81' lang='lat' dir='ltr'><strong>liei</strong></span> <span class='ocrx_word' id='word_1_145' title='bbox 908 1449 943 1510; x_wconf 48' lang='lat' dir='ltr'><strong>ipsi</strong></span> 
     </span>
     <span class='ocr_line' id='line_1_20' title="bbox 144 1517 942 1581; baseline -0.006 -13"><span class='ocrx_word' id='word_1_146' title='bbox 144 1520 219 1569; x_wconf 84' lang='lat' dir='ltr'><strong>anima</strong></span> <span class='ocrx_word' id='word_1_147' title='bbox 230 1520 342 1569; x_wconf 85' lang='lat' dir='ltr'><strong>Samuelis</strong></span> <span class='ocrx_word' id='word_1_148' title='bbox 351 1518 411 1568; x_wconf 86' lang='lat' dir='ltr'><strong>Sauli</strong></span> <span class='ocrx_word' id='word_1_149' title='bbox 423 1523 530 1568; x_wconf 85' lang='lat' dir='ltr'><strong>euentum</strong></span> <span class='ocrx_word' id='word_1_150' title='bbox 539 1518 593 1568; x_wconf 87' lang='lat' dir='ltr'><strong>belli</strong></span> <span class='ocrx_word' id='word_1_151' title='bbox 603 1517 787 1581; x_wconf 70' lang='lat' dir='ltr'><strong>prenunciavit,</strong></span> <span class='ocrx_word' id='word_1_152' title='bbox 800 1521 856 1571; x_wconf 85' lang='lat' dir='ltr'><strong>Deo</strong></span> <span class='ocrx_word' id='word_1_153' title='bbox 866 1522 942 1571; x_wconf 76' lang='lat' dir='ltr'><strong>sibilru</strong></span> 
     </span>
     <span class='ocr_line' id='line_1_21' title="bbox 144 1588 938 1653; baseline -0.003 -14"><span class='ocrx_word' id='word_1_154' title='bbox 144 1592 274 1651; x_wconf 84' lang='lat' dir='ltr'><strong>revelante,</strong></span> <span class='ocrx_word' id='word_1_155' title='bbox 290 1590 389 1653; x_wconf 85' lang='lat' dir='ltr'><strong>pertinet</strong></span> <span class='ocrx_word' id='word_1_156' title='bbox 411 1590 440 1640; x_wconf 93' lang='lat' dir='ltr'><strong>ad</strong></span> <span class='ocrx_word' id='word_1_157' title='bbox 456 1590 568 1640; x_wconf 89' lang='lat' dir='ltr'><strong>rationem</strong></span> <span class='ocrx_word' id='word_1_158' title='bbox 587 1588 724 1652; x_wconf 75' lang='lat' dir='ltr'><strong>prophetie.</strong></span> <span class='ocrx_word' id='word_1_159' title='bbox 746 1590 805 1640; x_wconf 89' lang='lat' dir='ltr'><strong>Non</strong></span> <span class='ocrx_word' id='word_1_160' title='bbox 827 1599 905 1643; x_wconf 85' lang='lat' dir='ltr'><strong>auten</strong></span> <span class='ocrx_word' id='word_1_161' title='bbox 921 1602 938 1637; x_wconf 74' lang='lat' dir='ltr'><strong>e</strong></span> 
     </span>
     <span class='ocr_line' id='line_1_22' title="bbox 144 1659 943 1725; baseline -0.006 -15"><span class='ocrx_word' id='word_1_162' title='bbox 144 1662 224 1711; x_wconf 88' lang='lat' dir='ltr'><strong>eedem</strong></span> <span class='ocrx_word' id='word_1_163' title='bbox 236 1661 294 1711; x_wconf 84' lang='lat' dir='ltr'><strong>ratio</strong></span> <span class='ocrx_word' id='word_1_164' title='bbox 308 1662 336 1711; x_wconf 86' lang='lat' dir='ltr'><strong>de</strong></span> <span class='ocrx_word' id='word_1_165' title='bbox 355 1661 443 1711; x_wconf 81' lang='lat' dir='ltr'><strong>Sanctis</strong></span> <span class='ocrx_word' id='word_1_166' title='bbox 459 1662 567 1725; x_wconf 84' lang='lat' dir='ltr'><strong>quisunt</strong></span> <span class='ocrx_word' id='word_1_167' title='bbox 584 1661 650 1710; x_wconf 89' lang='lat' dir='ltr'><strong>modo</strong></span> <span class='ocrx_word' id='word_1_168' title='bbox 668 1659 695 1709; x_wconf 85' lang='lat' dir='ltr'><strong>in</strong></span> <span class='ocrx_word' id='word_1_169' title='bbox 709 1660 797 1723; x_wconf 76' lang='lat' dir='ltr'><strong>patria.</strong></span> <span class='ocrx_word' id='word_1_170' title='bbox 814 1664 869 1714; x_wconf 86' lang='lat' dir='ltr'><strong>Nee</strong></span> <span class='ocrx_word' id='word_1_171' title='bbox 891 1665 943 1712; x_wconf 62' lang='lat' dir='ltr'><strong>obsta</strong></span> 
     </span>
     <span class='ocr_line' id='line_1_23' title="bbox 144 1730 946 1796; baseline -0.004 -13"><span class='ocrx_word' id='word_1_172' title='bbox 144 1732 204 1796; x_wconf 84' lang='lat' dir='ltr'><strong>qnbd</strong></span> <span class='ocrx_word' id='word_1_173' title='bbox 220 1736 267 1782; x_wconf 89' lang='lat' dir='ltr'><strong>arte</strong></span> <span class='ocrx_word' id='word_1_174' title='bbox 280 1734 410 1783; x_wconf 82' lang='lat' dir='ltr'><strong>demonum</strong></span> <span class='ocrx_word' id='word_1_175' title='bbox 424 1735 467 1783; x_wconf 90' lang='lat' dir='ltr'><strong>lroc</strong></span> <span class='ocrx_word' id='word_1_176' title='bbox 487 1733 567 1783; x_wconf 90' lang='lat' dir='ltr'><strong>dicitur</strong></span> <span class='ocrx_word' id='word_1_177' title='bbox 579 1732 682 1792; x_wconf 80' lang='lat' dir='ltr'><strong>lactnm3</strong></span> <span class='ocrx_word' id='word_1_178' title='bbox 696 1730 754 1794; x_wconf 86' lang='lat' dir='ltr'><strong>qnia</strong></span> <span class='ocrx_word' id='word_1_179' title='bbox 771 1735 824 1785; x_wconf 87' lang='lat' dir='ltr'><strong>etsi</strong></span> <span class='ocrx_word' id='word_1_180' title='bbox 844 1736 946 1786; x_wconf 68' lang='lat' dir='ltr'><strong>daemone</strong></span> 
     </span>
     <span class='ocr_line' id='line_1_24' title="bbox 144 1802 940 1871; baseline -0.004 -18"><span class='ocrx_word' id='word_1_181' title='bbox 144 1804 245 1854; x_wconf 86' lang='lat' dir='ltr'><strong>unimam</strong></span> <span class='ocrx_word' id='word_1_182' title='bbox 256 1805 352 1869; x_wconf 86' lang='lat' dir='ltr'><strong>alicujus</strong></span> <span class='ocrx_word' id='word_1_183' title='bbox 365 1806 440 1855; x_wconf 85' lang='lat' dir='ltr'><strong>Sancti</strong></span> <span class='ocrx_word' id='word_1_184' title='bbox 454 1818 550 1855; x_wconf 86' lang='lat' dir='ltr'><strong>euocare</strong></span> <span class='ocrx_word' id='word_1_185' title='bbox 560 1802 723 1867; x_wconf 86' lang='lat' dir='ltr'><strong>nonpossint,</strong></span> <span class='ocrx_word' id='word_1_186' title='bbox 738 1817 823 1867; x_wconf 85' lang='lat' dir='ltr'><strong>neque</strong></span> <span class='ocrx_word' id='word_1_187' title='bbox 841 1821 918 1871; x_wconf 76' lang='lat' dir='ltr'><strong>cogere</strong></span> <span class='ocrx_word' id='word_1_188' title='bbox 928 1817 940 1850; x_wconf 72' lang='lat' dir='ltr'><strong>a·</strong></span> 
     </span>
     <span class='ocr_line' id='line_1_25' title="bbox 145 1872 944 1941; baseline -0.008 -16"><span class='ocrx_word' id='word_1_189' title='bbox 145 1876 229 1941; x_wconf 83' lang='lat' dir='ltr'><strong>aliquid</strong></span> <span class='ocrx_word' id='word_1_190' title='bbox 246 1878 376 1940; x_wconf 78' lang='lat' dir='ltr'><strong>agendnm3</strong></span> <span class='ocrx_word' id='word_1_191' title='bbox 392 1880 467 1939; x_wconf 89' lang='lat' dir='ltr'><strong>potest</strong></span> <span class='ocrx_word' id='word_1_192' title='bbox 488 1881 564 1925; x_wconf 88' lang='lat' dir='ltr'><strong>tamen</strong></span> <span class='ocrx_word' id='word_1_193' title='bbox 579 1875 624 1925; x_wconf 84' lang='lat' dir='ltr'><strong>boc</strong></span> <span class='ocrx_word' id='word_1_194' title='bbox 642 1872 692 1923; x_wconf 83' lang='lat' dir='ltr'><strong>lieri</strong></span> <span class='ocrx_word' id='word_1_195' title='bbox 710 1874 797 1926; x_wconf 77' lang='lat' dir='ltr'><strong>diuina</strong></span> <span class='ocrx_word' id='word_1_196' title='bbox 817 1878 918 1928; x_wconf 78' lang='lat' dir='ltr'><strong>uirtute.</strong></span> <span class='ocrx_word' id='word_1_197' title='bbox 931 1879 944 1919; x_wconf 87' lang='lat' dir='ltr'><strong>u</strong></span> 
     </span>
     <span class='ocr_line' id='line_1_26' title="bbox 144 1947 945 2011; baseline -0.007 -13"><span class='ocrx_word' id='word_1_198' title='bbox 144 1949 198 1998; x_wconf 89' lang='lat' dir='ltr'><strong>dum</strong></span> <span class='ocrx_word' id='word_1_199' title='bbox 208 1949 296 1998; x_wconf 79' lang='lat' dir='ltr'><strong>demon</strong></span> <span class='ocrx_word' id='word_1_200' title='bbox 308 1947 441 2006; x_wconf 87' lang='lat' dir='ltr'><strong>coneulitur,</strong></span> <span class='ocrx_word' id='word_1_201' title='bbox 450 1947 500 2011; x_wconf 86' lang='lat' dir='ltr'><strong>ipse</strong></span> <span class='ocrx_word' id='word_1_202' title='bbox 512 1948 572 1996; x_wconf 83' lang='lat' dir='ltr'><strong>boue</strong></span> <span class='ocrx_word' id='word_1_203' title='bbox 583 1958 624 2010; x_wconf 90' lang='lat' dir='ltr'><strong>per</strong></span> <span class='ocrx_word' id='word_1_204' title='bbox 633 1958 702 1996; x_wconf 88' lang='lat' dir='ltr'><strong>sunm</strong></span> <span class='ocrx_word' id='word_1_205' title='bbox 711 1947 832 1998; x_wconf 86' lang='lat' dir='ltr'><strong>nuntium</strong></span> <span class='ocrx_word' id='word_1_206' title='bbox 843 1951 945 1999; x_wconf 73' lang='lat' dir='ltr'><strong>verinum</strong></span> 
     </span>
     <span class='ocr_line' id='line_1_27' title="bbox 145 2017 946 2082; baseline 0 -15"><span class='ocrx_word' id='word_1_207' title='bbox 145 2020 248 2068; x_wconf 86' lang='lat' dir='ltr'><strong>enuntiet</strong></span> <span class='ocrx_word' id='word_1_208' title='bbox 260 2035 266 2081; x_wconf 89' lang='lat'>;</span> <span class='ocrx_word' id='word_1_209' title='bbox 279 2018 338 2068; x_wconf 87' lang='lat' dir='ltr'><strong>sicut</strong></span> <span class='ocrx_word' id='word_1_210' title='bbox 351 2031 391 2082; x_wconf 91' lang='lat' dir='ltr'><strong>por</strong></span> <span class='ocrx_word' id='word_1_211' title='bbox 408 2018 498 2068; x_wconf 85' lang='lat' dir='ltr'><strong>lleliam</strong></span> <span class='ocrx_word' id='word_1_212' title='bbox 517 2018 635 2068; x_wconf 87' lang='lat' dir='ltr'><strong>ueritatem</strong></span> <span class='ocrx_word' id='word_1_213' title='bbox 648 2018 772 2080; x_wconf 78' lang='lat' dir='ltr'><strong>respoudit</strong></span> <span class='ocrx_word' id='word_1_214' title='bbox 789 2022 887 2072; x_wconf 87' lang='lat' dir='ltr'><strong>nuntiis</strong></span> <span class='ocrx_word' id='word_1_215' title='bbox 897 2017 946 2078; x_wconf 59' lang='lat' dir='ltr'><strong>ileu}</strong></span> 
     </span>
     <span class='ocr_line' id='line_1_28' title="bbox 144 2088 946 2153; baseline 0.001 -16"><span class='ocrx_word' id='word_1_216' title='bbox 144 2090 184 2153; x_wconf 81' lang='lat' dir='ltr'><strong>qui</strong></span> <span class='ocrx_word' id='word_1_217' title='bbox 194 2090 341 2140; x_wconf 83' lang='lat' dir='ltr'><strong>mittebantur</strong></span> <span class='ocrx_word' id='word_1_218' title='bbox 350 2090 379 2139; x_wconf 89' lang='lat' dir='ltr'><strong>ad</strong></span> <span class='ocrx_word' id='word_1_219' title='bbox 388 2090 551 2141; x_wconf 84' lang='lat' dir='ltr'><strong>consulendum</strong></span> <span class='ocrx_word' id='word_1_220' title='bbox 561 2092 636 2139; x_wconf 83' lang='lat' dir='ltr'><strong>Deum</strong></span> <span class='ocrx_word' id='word_1_221' title='bbox 645 2090 759 2153; x_wconf 69' lang='lat' dir='ltr'><strong>letarum</strong></span> <span class='ocrx_word' id='word_1_222' title='bbox 770 2095 799 2140; x_wconf 88' lang='lat' dir='ltr'><strong>nt</strong></span> <span class='ocrx_word' id='word_1_223' title='bbox 811 2094 912 2144; x_wconf 81' lang='lat' dir='ltr'><strong>liabetur</strong></span> <span class='ocrx_word' id='word_1_224' title='bbox 921 2088 946 2138; x_wconf 76' lang='lat' dir='ltr'><strong>ll&#39;.</strong></span> 
     </span>
     <span class='ocr_line' id='line_1_29' title="bbox 145 2160 946 2227; baseline 0 -15"><span class='ocrx_word' id='word_1_225' title='bbox 145 2164 214 2227; x_wconf 58' lang='lat' dir='ltr'><strong>lieo,</strong></span> <span class='ocrx_word' id='word_1_226' title='bbox 234 2164 252 2213; x_wconf 93' lang='lat' dir='ltr'><strong>l.</strong></span> <span class='ocrx_word' id='word_1_227' title='bbox 274 2163 382 2221; x_wconf 82' lang='lat' dir='ltr'><strong>Quamvis</strong></span> <span class='ocrx_word' id='word_1_228' title='bbox 402 2162 469 2213; x_wconf 89' lang='lat' dir='ltr'><strong>etiam</strong></span> <span class='ocrx_word' id='word_1_229' title='bbox 491 2164 537 2212; x_wconf 91' lang='lat' dir='ltr'><strong>dici</strong></span> <span class='ocrx_word' id='word_1_230' title='bbox 553 2161 627 2225; x_wconf 81' lang='lat' dir='ltr'><strong>possit</strong></span> <span class='ocrx_word' id='word_1_231' title='bbox 643 2160 705 2224; x_wconf 81' lang='lat' dir='ltr'><strong>qubd</strong></span> <span class='ocrx_word' id='word_1_232' title='bbox 725 2174 777 2212; x_wconf 89' lang='lat' dir='ltr'><strong>non</strong></span> <span class='ocrx_word' id='word_1_233' title='bbox 796 2164 946 2216; x_wconf 70' lang='lat' dir='ltr'><strong>luertione</strong></span> 
     </span>
     <span class='ocr_line' id='line_1_30' title="bbox 144 2234 946 2301; baseline -0.007 -17"><span class='ocrx_word' id='word_1_234' title='bbox 144 2234 269 2297; x_wconf 75' lang='lat' dir='ltr'><strong>Samuelis,</strong></span> <span class='ocrx_word' id='word_1_235' title='bbox 283 2237 322 2285; x_wconf 88' lang='lat' dir='ltr'><strong>sed</strong></span> <span class='ocrx_word' id='word_1_236' title='bbox 336 2235 426 2286; x_wconf 81' lang='lat' dir='ltr'><strong>demon</strong></span> <span class='ocrx_word' id='word_1_237' title='bbox 436 2248 466 2287; x_wconf 83' lang='lat' dir='ltr'><strong>ex</strong></span> <span class='ocrx_word' id='word_1_238' title='bbox 477 2247 574 2301; x_wconf 86' lang='lat' dir='ltr'><strong>persona</strong></span> <span class='ocrx_word' id='word_1_239' title='bbox 586 2234 638 2295; x_wconf 74' lang='lat' dir='ltr'><strong>eius</strong></span> <span class='ocrx_word' id='word_1_240' title='bbox 651 2237 765 2297; x_wconf 79' lang='lat' dir='ltr'><strong>lonnene3</strong></span> <span class='ocrx_word' id='word_1_241' title='bbox 779 2250 859 2298; x_wconf 75' lang='lat' dir='ltr'><strong>onem</strong></span> <span class='ocrx_word' id='word_1_242' title='bbox 867 2238 946 2300; x_wconf 80' lang='lat' dir='ltr'><strong>sapien</strong></span> 
     </span>
     <span class='ocr_line' id='line_1_31' title="bbox 143 2304 944 2373; baseline -0.007 -17"><span class='ocrx_word' id='word_1_243' title='bbox 143 2306 287 2357; x_wconf 63' lang='lat' dir='ltr'><strong>&amp;moelem</strong></span> <span class='ocrx_word' id='word_1_244' title='bbox 301 2307 417 2370; x_wconf 67' lang='lat' dir='ltr'><strong>nominat,</strong></span> <span class='ocrx_word' id='word_1_245' title='bbox 433 2310 455 2357; x_wconf 86' lang='lat' dir='ltr'><strong>et</strong></span> <span class='ocrx_word' id='word_1_246' title='bbox 470 2308 522 2371; x_wconf 83' lang='lat' dir='ltr'><strong>ejus</strong></span> <span class='ocrx_word' id='word_1_247' title='bbox 533 2304 749 2371; x_wconf 79' lang='lat' dir='ltr'><strong>praenuntiationem</strong></span> <span class='ocrx_word' id='word_1_248' title='bbox 763 2308 944 2373; x_wconf 68' lang='lat' dir='ltr'><strong>propheticom</strong></span> 
     </span>
     <span class='ocr_line' id='line_1_32' title="bbox 142 2375 940 2443; baseline -0.006 -14"><span class='ocrx_word' id='word_1_249' title='bbox 142 2378 268 2429; x_wconf 74' lang='lat' dir='ltr'><strong>meandum</strong></span> <span class='ocrx_word' id='word_1_250' title='bbox 281 2378 413 2443; x_wconf 88' lang='lat' dir='ltr'><strong>opinionem</strong></span> <span class='ocrx_word' id='word_1_251' title='bbox 421 2378 495 2429; x_wconf 81' lang='lat' dir='ltr'><strong>Saulis</strong></span> <span class='ocrx_word' id='word_1_252' title='bbox 506 2376 676 2438; x_wconf 73' lang='lat' dir='ltr'><strong>elementum,</strong></span> <span class='ocrx_word' id='word_1_253' title='bbox 685 2376 726 2439; x_wconf 84' lang='lat' dir='ltr'><strong>qni</strong></span> <span class='ocrx_word' id='word_1_254' title='bbox 738 2375 774 2427; x_wconf 80' lang='lat' dir='ltr'><strong>ita</strong></span> <span class='ocrx_word' id='word_1_255' title='bbox 789 2381 940 2443; x_wconf 76' lang='lat' dir='ltr'><strong>opinabantur</strong></span> 
     </span>
    </p>
   </div>
   <div class='ocr_carea' id='block_1_3' title="bbox 0 0 982 3284">
    <p class='ocr_par' dir='ltr' id='par_1_7' title="bbox 0 0 982 3284">
     <span class='ocr_line' id='line_1_33' title="bbox 0 0 982 3284; baseline 0 0"><span class='ocrx_word' id='word_1_256' title='bbox 0 0 982 3284; x_wconf 95' lang='lat' dir='ltr'><strong> </strong></span> 
     </span>
    </p>
   </div>
  </div>
 </body>
</html>
