<?xml version="1.0" encoding="UTF-8"?>
<!DOCTYPE html PUBLIC "-//W3C//DTD XHTML 1.0 Transitional//EN"
    "http://www.w3.org/TR/xhtml1/DTD/xhtml1-transitional.dtd">
<html xmlns="http://www.w3.org/1999/xhtml" xml:lang="en" lang="en">
 <head>
  <title>
</title>
<meta http-equiv="Content-Type" content="text/html;charset=utf-8" />
  <meta name='ocr-system' content='tesseract 3.04.00' />
  <meta name='ocr-capabilities' content='ocr_page ocr_carea ocr_par ocr_line ocrx_word'/>
</head>
<body>
  <div class='ocr_page' id='page_1' title='image "./summatheologica05nicogoog_0880.png"; bbox 0 0 1934 3284; ppageno 0'>
   <div class='ocr_carea' id='block_1_1' title="bbox 232 115 829 187">
    <p class='ocr_par' dir='ltr' id='par_1_1' title="bbox 232 115 829 187">
     <span class='ocr_line' id='line_1_1' title="bbox 232 115 829 187; baseline 0 -11"><span class='ocrx_word' id='word_1_1' title='bbox 232 137 263 176; x_wconf 78' lang='lat' dir='ltr'><strong>nr</strong></span> <span class='ocrx_word' id='word_1_2' title='bbox 277 135 414 187; x_wconf 66' lang='lat' dir='ltr'><strong>prxumum</strong></span> <span class='ocrx_word' id='word_1_3' title='bbox 423 134 610 176; x_wconf 60' lang='lat' dir='ltr'><strong>›mrnunnmm</strong></span> <span class='ocrx_word' id='word_1_4' title='bbox 774 115 829 176; x_wconf 71' lang='lat' dir='ltr'><strong>odd</strong></span> 
     </span>
    </p>
   </div>
   <div class='ocr_carea' id='block_1_2' title="bbox 28 213 817 351">
    <p class='ocr_par' dir='ltr' id='par_1_2' title="bbox 28 213 817 351">
     <span class='ocr_line' id='line_1_2' title="bbox 28 213 817 278; baseline 0.004 -14"><span class='ocrx_word' id='word_1_5' title='bbox 28 215 126 265; x_wconf 88' lang='lat' dir='ltr'><strong>cindere</strong></span> <span class='ocrx_word' id='word_1_6' title='bbox 136 215 227 278; x_wconf 87' lang='lat' dir='ltr'><strong>oportet</strong></span> <span class='ocrx_word' id='word_1_7' title='bbox 241 215 286 264; x_wconf 78' lang='lat' dir='ltr'><strong>ret</strong></span> <span class='ocrx_word' id='word_1_8' title='bbox 300 213 360 264; x_wconf 81' lang='lat' dir='ltr'><strong>enim</strong></span> <span class='ocrx_word' id='word_1_9' title='bbox 375 216 446 264; x_wconf 89' lang='lat' dir='ltr'><strong>artem</strong></span> <span class='ocrx_word' id='word_1_10' title='bbox 459 214 488 264; x_wconf 84' lang='lat' dir='ltr'><strong>ad</strong></span> <span class='ocrx_word' id='word_1_11' title='bbox 501 213 611 265; x_wconf 75' lang='lat' dir='ltr'><strong>luxuriam</strong></span> <span class='ocrx_word' id='word_1_12' title='bbox 626 215 766 267; x_wconf 81' lang='lat' dir='ltr'><strong>deduxerunt</strong></span> <span class='ocrx_word' id='word_1_13' title='bbox 777 229 817 267; x_wconf 90' lang='lat' dir='ltr'><strong>ne·</strong></span> 
     </span>
     <span class='ocr_line' id='line_1_3' title="bbox 28 284 784 351; baseline 0 -15"><span class='ocrx_word' id='word_1_14' title='bbox 28 287 128 337; x_wconf 78' lang='lat' dir='ltr'><strong>essimte</strong></span> <span class='ocrx_word' id='word_1_15' title='bbox 143 284 249 351; x_wconf 78' lang='lat' dir='ltr'><strong>soporati</strong></span> <span class='ocrx_word' id='word_1_16' title='bbox 256 285 408 337; x_wconf 68' lang='lat' dir='ltr'><strong>cruentatum</strong></span> <span class='ocrx_word' id='word_1_17' title='bbox 421 285 464 335; x_wconf 80' lang='lat' dir='ltr'><strong>arti</strong></span> <span class='ocrx_word' id='word_1_18' title='bbox 477 285 536 336; x_wconf 78' lang='lat' dir='ltr'><strong>mult</strong></span> <span class='ocrx_word' id='word_1_19' title='bbox 549 288 726 340; x_wconf 74' lang='lat' dir='ltr'><strong>commiscentes.</strong></span> <span class='ocrx_word' id='word_1_20' title='bbox 743 304 757 336; x_wconf 84' lang='lat' dir='ltr'><strong>e</strong></span> <span class='ocrx_word' id='word_1_21' title='bbox 778 287 784 297; x_wconf 85' lang='lat'><em>&#39;</em></span> 
     </span>
    </p>
   </div>
   <div class='ocr_carea' id='block_1_3' title="bbox 372 475 472 488">
    <p class='ocr_par' dir='ltr' id='par_1_3' title="bbox 372 475 472 488">
     <span class='ocr_line' id='line_1_4' title="bbox 372 475 472 488; baseline -0.02 0"><span class='ocrx_word' id='word_1_22' title='bbox 372 475 472 488; x_wconf 49' lang='grc'><strong>*-</strong></span> 
     </span>
    </p>
   </div>
   <div class='ocr_carea' id='block_1_4' title="bbox 60 631 783 840">
    <p class='ocr_par' dir='ltr' id='par_1_4' title="bbox 60 631 783 840">
     <span class='ocr_line' id='line_1_5' title="bbox 272 631 631 703; baseline -0.011 -1"><span class='ocrx_word' id='word_1_23' title='bbox 272 632 438 703; x_wconf 76' lang='lat' dir='ltr'><strong>tumulto</strong></span> <span class='ocrx_word' id='word_1_24' title='bbox 456 631 571 698; x_wconf 79' lang='lat' dir='ltr'><strong>dlxx.</strong></span> <span class='ocrx_word' id='word_1_25' title='bbox 628 665 631 670; x_wconf 94' lang='lat'>·</span> 
     </span>
     <span class='ocr_line' id='line_1_6' title="bbox 60 733 783 840; baseline 0.003 -14"><span class='ocrx_word' id='word_1_26' title='bbox 60 781 97 826; x_wconf 69' lang='lat' dir='ltr'><strong>oe</strong></span> <span class='ocrx_word' id='word_1_27' title='bbox 112 782 240 840; x_wconf 64' lang='lat' dir='ltr'><strong>morene·</strong></span> <span class='ocrx_word' id='word_1_28' title='bbox 253 781 431 839; x_wconf 65' lang='lat' dir='ltr'><strong>mecona,</strong></span> <span class='ocrx_word' id='word_1_29' title='bbox 443 780 548 835; x_wconf 65' lang='lat' dir='ltr'><strong>oecon</strong></span> <span class='ocrx_word' id='word_1_30' title='bbox 561 781 679 827; x_wconf 64' lang='lat' dir='ltr'><strong>nuceum</strong></span> <span class='ocrx_word' id='word_1_31' title='bbox 694 733 783 828; x_wconf 70' lang='lat' dir='ltr'><strong>nemra.</strong></span> 
     </span>
    </p>
   </div>
   <div class='ocr_carea' id='block_1_5' title="bbox 27 929 817 1138">
    <p class='ocr_par' dir='ltr' id='par_1_5' title="bbox 27 929 817 1138">
     <span class='ocr_line' id='line_1_7' title="bbox 53 929 729 995; baseline 0 -14"><span class='ocrx_word' id='word_1_32' title='bbox 53 933 138 981; x_wconf 84' lang='lat' dir='ltr'><strong>Postea</strong></span> <span class='ocrx_word' id='word_1_33' title='bbox 148 929 335 982; x_wconf 89' lang='lat' dir='ltr'><strong>considerandum</strong></span> <span class='ocrx_word' id='word_1_34' title='bbox 348 932 383 980; x_wconf 86' lang='lat' dir='ltr'><strong>est</strong></span> <span class='ocrx_word' id='word_1_35' title='bbox 395 931 424 980; x_wconf 88' lang='lat' dir='ltr'><strong>dc</strong></span> <span class='ocrx_word' id='word_1_36' title='bbox 433 930 554 994; x_wconf 78' lang='lat' dir='ltr'><strong>praeceptis</strong></span> <span class='ocrx_word' id='word_1_37' title='bbox 563 931 729 995; x_wconf 74' lang='lat' dir='ltr'><strong>temperantia.</strong></span> 
     </span>
     <span class='ocr_line' id='line_1_8' title="bbox 27 1001 817 1138; baseline 0.003 -87"><span class='ocrx_word' id='word_1_38' title='bbox 27 1003 84 1123; x_wconf 42' lang='lat' dir='ltr'><strong>tiultili</strong></span> <span class='ocrx_word' id='word_1_39' title='bbox 93 1005 133 1138; x_wconf 53' lang='lat' dir='ltr'><strong>gu</strong></span> <span class='ocrx_word' id='word_1_40' title='bbox 135 1003 164 1123; x_wconf 61' lang='lat' dir='ltr'><strong>de</strong></span> <span class='ocrx_word' id='word_1_41' title='bbox 176 1001 294 1067; x_wconf 79' lang='lat' dir='ltr'><strong>praecptis</strong></span> <span class='ocrx_word' id='word_1_42' title='bbox 301 1002 373 1068; x_wconf 82' lang='lat' dir='ltr'><strong>ipsius</strong></span> <span class='ocrx_word' id='word_1_43' title='bbox 382 1001 547 1068; x_wconf 78' lang='lat' dir='ltr'><strong>temperantia.</strong></span> <span class='ocrx_word' id='word_1_44' title='bbox 556 1003 621 1054; x_wconf 72' lang='lat' dir='ltr'><strong>aelle</strong></span> <span class='ocrx_word' id='word_1_45' title='bbox 634 1001 753 1068; x_wconf 71' lang='lat' dir='ltr'><strong>preceptis</strong></span> <span class='ocrx_word' id='word_1_46' title='bbox 766 1015 817 1066; x_wconf 88' lang='lat' dir='ltr'><strong>par·</strong></span> 
     </span>
    </p>
   </div>
   <div class='ocr_carea' id='block_1_6' title="bbox 328 1187 521 1240">
    <p class='ocr_par' dir='ltr' id='par_1_6' title="bbox 328 1187 521 1240">
     <span class='ocr_line' id='line_1_9' title="bbox 328 1187 521 1240; baseline 0.01 -2"><span class='ocrx_word' id='word_1_47' title='bbox 328 1187 488 1240; x_wconf 18' lang='lat' dir='ltr'><strong>nunccius*</strong></span> <span class='ocrx_word' id='word_1_48' title='bbox 501 1190 521 1240; x_wconf 89' lang='lat' dir='ltr'><strong>l.</strong></span> 
     </span>
    </p>
   </div>
   <div class='ocr_carea' id='block_1_7' title="bbox 56 1314 795 1424">
    <p class='ocr_par' dir='ltr' id='par_1_7' title="bbox 56 1314 795 1424">
     <span class='ocr_line' id='line_1_10' title="bbox 56 1314 795 1423; baseline -0.001 -62"><span class='ocrx_word' id='word_1_49' title='bbox 56 1317 143 1361; x_wconf 85' lang='lat' dir='ltr'><strong>Utricm</strong></span> <span class='ocrx_word' id='word_1_50' title='bbox 148 1318 264 1373; x_wconf 70' lang='lat' dir='ltr'><strong>procopia</strong></span> <span class='ocrx_word' id='word_1_51' title='bbox 273 1314 605 1423; x_wconf 49' lang='lat' dir='ltr'><strong>mmfngoegcpmemmer</strong></span> <span class='ocrx_word' id='word_1_52' title='bbox 615 1315 642 1359; x_wconf 83' lang='lat' dir='ltr'><strong>irc</strong></span> <span class='ocrx_word' id='word_1_53' title='bbox 652 1315 701 1372; x_wconf 80' lang='lat' dir='ltr'><strong>lege</strong></span> <span class='ocrx_word' id='word_1_54' title='bbox 712 1315 795 1361; x_wconf 81' lang='lat' dir='ltr'><strong>divina</strong></span> 
     </span>
     <span class='ocr_line' id='line_1_11' title="bbox 366 1384 494 1424; baseline 0.016 -3"><span class='ocrx_word' id='word_1_55' title='bbox 366 1391 395 1422; x_wconf 84' lang='lat' dir='ltr'><strong>ru</strong></span> <span class='ocrx_word' id='word_1_56' title='bbox 412 1384 427 1422; x_wconf 78' lang='lat' dir='ltr'><em>a</em></span> <span class='ocrx_word' id='word_1_57' title='bbox 455 1390 494 1424; x_wconf 83' lang='lat' dir='ltr'><strong>ur.</strong></span> 
     </span>
    </p>
   </div>
   <div class='ocr_carea' id='block_1_8' title="bbox 27 1504 942 2786">
    <p class='ocr_par' dir='ltr' id='par_1_8' title="bbox 27 1504 933 2070">
     <span class='ocr_line' id='line_1_12' title="bbox 58 1504 824 1571; baseline -0.001 -13"><span class='ocrx_word' id='word_1_58' title='bbox 58 1509 92 1558; x_wconf 86' lang='lat' dir='ltr'><strong>lld</strong></span> <span class='ocrx_word' id='word_1_59' title='bbox 106 1506 204 1571; x_wconf 85' lang='lat' dir='ltr'><strong>primunr</strong></span> <span class='ocrx_word' id='word_1_60' title='bbox 217 1505 250 1556; x_wconf 87' lang='lat' dir='ltr'><strong>sic</strong></span> <span class='ocrx_word' id='word_1_61' title='bbox 260 1505 389 1570; x_wconf 70' lang='lat' dir='ltr'><strong>proceditur</strong></span> <span class='ocrx_word' id='word_1_62' title='bbox 403 1504 448 1569; x_wconf 79' lang='lat' dir='ltr'><strong>(ll.</strong></span> <span class='ocrx_word' id='word_1_63' title='bbox 463 1504 558 1556; x_wconf 78' lang='lat' dir='ltr'><strong>Videtur</strong></span> <span class='ocrx_word' id='word_1_64' title='bbox 570 1504 629 1570; x_wconf 80' lang='lat' dir='ltr'><strong>qnod</strong></span> <span class='ocrx_word' id='word_1_65' title='bbox 643 1511 756 1570; x_wconf 80' lang='lat' dir='ltr'><strong>precepta</strong></span> <span class='ocrx_word' id='word_1_66' title='bbox 765 1511 824 1558; x_wconf 80' lang='lat' dir='ltr'><strong>tem</strong></span> 
     </span>
     <span class='ocr_line' id='line_1_13' title="bbox 27 1575 824 1644; baseline 0.001 -15"><span class='ocrx_word' id='word_1_67' title='bbox 27 1578 135 1644; x_wconf 80' lang='lat' dir='ltr'><strong>perantia</strong></span> <span class='ocrx_word' id='word_1_68' title='bbox 150 1577 335 1628; x_wconf 73' lang='lat' dir='ltr'><strong>inconvenienter</strong></span> <span class='ocrx_word' id='word_1_69' title='bbox 353 1577 379 1627; x_wconf 88' lang='lat' dir='ltr'><strong>in</strong></span> <span class='ocrx_word' id='word_1_70' title='bbox 400 1578 449 1641; x_wconf 87' lang='lat' dir='ltr'><strong>lege</strong></span> <span class='ocrx_word' id='word_1_71' title='bbox 466 1575 545 1627; x_wconf 78' lang='lat' dir='ltr'><strong>diviua</strong></span> <span class='ocrx_word' id='word_1_72' title='bbox 564 1578 688 1628; x_wconf 88' lang='lat' dir='ltr'><strong>tradantur.</strong></span> <span class='ocrx_word' id='word_1_73' title='bbox 710 1578 824 1630; x_wconf 80' lang='lat' dir='ltr'><strong>Fortitudo</strong></span> 
     </span>
     <span class='ocr_line' id='line_1_14' title="bbox 27 1647 825 1714; baseline -0.001 -12"><span class='ocrx_word' id='word_1_74' title='bbox 27 1651 90 1702; x_wconf 90' lang='lat' dir='ltr'><strong>enim</strong></span> <span class='ocrx_word' id='word_1_75' title='bbox 103 1653 139 1700; x_wconf 85' lang='lat' dir='ltr'><strong>est</strong></span> <span class='ocrx_word' id='word_1_76' title='bbox 150 1649 225 1714; x_wconf 91' lang='lat' dir='ltr'><strong>potior</strong></span> <span class='ocrx_word' id='word_1_77' title='bbox 234 1649 307 1698; x_wconf 75' lang='lat' dir='ltr'><strong>virtus</strong></span> <span class='ocrx_word' id='word_1_78' title='bbox 319 1647 386 1712; x_wconf 73' lang='lat' dir='ltr'><strong>quim</strong></span> <span class='ocrx_word' id='word_1_79' title='bbox 397 1648 560 1714; x_wconf 85' lang='lat' dir='ltr'><strong>temperantia,</strong></span> <span class='ocrx_word' id='word_1_80' title='bbox 573 1653 675 1714; x_wconf 88' lang='lat' dir='ltr'><strong>utsupra</strong></span> <span class='ocrx_word' id='word_1_81' title='bbox 687 1649 772 1700; x_wconf 90' lang='lat' dir='ltr'><strong>dictum</strong></span> <span class='ocrx_word' id='word_1_82' title='bbox 787 1653 825 1701; x_wconf 90' lang='lat' dir='ltr'><strong>est</strong></span> 
     </span>
     <span class='ocr_line' id='line_1_15' title="bbox 30 1721 824 1787; baseline 0.004 -18"><span class='ocrx_word' id='word_1_83' title='bbox 30 1725 88 1787; x_wconf 82' lang='lat' dir='ltr'><strong>(qn.</strong></span> <span class='ocrx_word' id='word_1_84' title='bbox 106 1723 167 1784; x_wconf 79' lang='lat' dir='ltr'><strong>atr,</strong></span> <span class='ocrx_word' id='word_1_85' title='bbox 187 1723 230 1770; x_wconf 84' lang='lat' dir='ltr'><strong>art.</strong></span> <span class='ocrx_word' id='word_1_86' title='bbox 247 1722 393 1782; x_wconf 86' lang='lat' dir='ltr'><strong>tt,utet1,</strong></span> <span class='ocrx_word' id='word_1_87' title='bbox 408 1723 436 1781; x_wconf 72' lang='lat' dir='ltr'><strong>t,</strong></span> <span class='ocrx_word' id='word_1_88' title='bbox 450 1734 490 1783; x_wconf 85' lang='lat' dir='ltr'><strong>qn.</strong></span> <span class='ocrx_word' id='word_1_89' title='bbox 505 1725 551 1782; x_wconf 81' lang='grc'><strong>66,</strong></span> <span class='ocrx_word' id='word_1_90' title='bbox 567 1723 609 1770; x_wconf 91' lang='lat' dir='ltr'><strong>art.</strong></span> <span class='ocrx_word' id='word_1_91' title='bbox 625 1721 666 1784; x_wconf 80' lang='lat' dir='ltr'><strong>t).</strong></span> <span class='ocrx_word' id='word_1_92' title='bbox 682 1721 726 1772; x_wconf 86' lang='lat' dir='ltr'><strong>Sed</strong></span> <span class='ocrx_word' id='word_1_93' title='bbox 738 1721 824 1772; x_wconf 90' lang='lat' dir='ltr'><strong>nullum</strong></span> 
     </span>
     <span class='ocr_line' id='line_1_16' title="bbox 28 1790 825 1858; baseline 0.001 -15"><span class='ocrx_word' id='word_1_94' title='bbox 28 1796 166 1858; x_wconf 78' lang='lat' dir='ltr'><strong>preceptum</strong></span> <span class='ocrx_word' id='word_1_95' title='bbox 181 1790 320 1843; x_wconf 84' lang='lat' dir='ltr'><strong>tortitudinis</strong></span> <span class='ocrx_word' id='word_1_96' title='bbox 337 1791 428 1854; x_wconf 89' lang='lat' dir='ltr'><strong>ponitur</strong></span> <span class='ocrx_word' id='word_1_97' title='bbox 441 1791 502 1841; x_wconf 86' lang='lat' dir='ltr'><strong>inter</strong></span> <span class='ocrx_word' id='word_1_98' title='bbox 520 1793 632 1855; x_wconf 83' lang='lat' dir='ltr'><strong>praecepta</strong></span> <span class='ocrx_word' id='word_1_99' title='bbox 647 1791 762 1854; x_wconf 78' lang='lat' dir='ltr'><strong>decalogi,</strong></span> <span class='ocrx_word' id='word_1_100' title='bbox 775 1806 825 1856; x_wconf 83' lang='lat' dir='ltr'><strong>quae</strong></span> 
     </span>
     <span class='ocr_line' id='line_1_17' title="bbox 29 1861 826 1928; baseline -0.003 -12"><span class='ocrx_word' id='word_1_101' title='bbox 29 1867 83 1916; x_wconf 90' lang='lat' dir='ltr'><strong>sunt</strong></span> <span class='ocrx_word' id='word_1_102' title='bbox 96 1864 183 1928; x_wconf 87' lang='lat' dir='ltr'><strong>potiora</strong></span> <span class='ocrx_word' id='word_1_103' title='bbox 204 1863 262 1927; x_wconf 91' lang='lat' dir='ltr'><strong>legis</strong></span> <span class='ocrx_word' id='word_1_104' title='bbox 276 1867 396 1927; x_wconf 77' lang='lat' dir='ltr'><strong>precepta.</strong></span> <span class='ocrx_word' id='word_1_105' title='bbox 412 1863 471 1926; x_wconf 82' lang='lat' dir='ltr'><strong>Ergo</strong></span> <span class='ocrx_word' id='word_1_106' title='bbox 491 1862 677 1913; x_wconf 82' lang='lat' dir='ltr'><strong>inconvenienter</strong></span> <span class='ocrx_word' id='word_1_107' title='bbox 691 1861 754 1912; x_wconf 90' lang='lat' dir='ltr'><strong>inter</strong></span> <span class='ocrx_word' id='word_1_108' title='bbox 769 1877 826 1926; x_wconf 82' lang='lat' dir='ltr'><strong>prae-</strong></span> 
     </span>
     <span class='ocr_line' id='line_1_18' title="bbox 29 1933 826 2000; baseline -0.001 -15"><span class='ocrx_word' id='word_1_109' title='bbox 29 1938 96 2000; x_wconf 90' lang='lat' dir='ltr'><strong>cepta</strong></span> <span class='ocrx_word' id='word_1_110' title='bbox 112 1934 212 1999; x_wconf 75' lang='lat' dir='ltr'><strong>decalogi</strong></span> <span class='ocrx_word' id='word_1_111' title='bbox 226 1933 318 1998; x_wconf 85' lang='lat' dir='ltr'><strong>ponitur</strong></span> <span class='ocrx_word' id='word_1_112' title='bbox 330 1933 453 1998; x_wconf 80' lang='lat' dir='ltr'><strong>prohibitio</strong></span> <span class='ocrx_word' id='word_1_113' title='bbox 463 1933 583 1996; x_wconf 82' lang='lat' dir='ltr'><strong>adnltcrii3</strong></span> <span class='ocrx_word' id='word_1_114' title='bbox 598 1933 658 1996; x_wconf 86' lang='lat' dir='ltr'><strong>quod</strong></span> <span class='ocrx_word' id='word_1_115' title='bbox 676 1934 826 1984; x_wconf 74' lang='lat' dir='ltr'><strong>contrariatur</strong></span> 
     </span>
     <span class='ocr_line' id='line_1_19' title="bbox 29 2005 933 2070; baseline -0.003 -12"><span class='ocrx_word' id='word_1_116' title='bbox 29 2005 195 2070; x_wconf 82' lang='lat' dir='ltr'><strong>temperantias,</strong></span> <span class='ocrx_word' id='word_1_117' title='bbox 213 2009 239 2056; x_wconf 88' lang='lat' dir='ltr'><strong>ut</strong></span> <span class='ocrx_word' id='word_1_118' title='bbox 251 2019 280 2056; x_wconf 82' lang='lat' dir='ltr'><strong>er</strong></span> <span class='ocrx_word' id='word_1_119' title='bbox 292 2005 427 2070; x_wconf 85' lang='lat' dir='ltr'><strong>supradictis</strong></span> <span class='ocrx_word' id='word_1_120' title='bbox 441 2008 504 2069; x_wconf 89' lang='lat' dir='ltr'><strong>patet</strong></span> <span class='ocrx_word' id='word_1_121' title='bbox 517 2006 525 2068; x_wconf 90' lang='lat'>(</span> <span class='ocrx_word' id='word_1_122' title='bbox 537 2018 576 2067; x_wconf 87' lang='lat' dir='ltr'><strong>qu.</strong></span> <span class='ocrx_word' id='word_1_123' title='bbox 589 2007 650 2069; x_wconf 73' lang='lat' dir='ltr'><strong>tut,</strong></span> <span class='ocrx_word' id='word_1_124' title='bbox 661 2005 704 2055; x_wconf 69' lang='lat' dir='ltr'><strong>art}</strong></span> <span class='ocrx_word' id='word_1_125' title='bbox 721 2005 761 2068; x_wconf 78' lang='grc' dir='ltr'><strong>Β).</strong></span> <span class='ocrx_word' id='word_1_126' title='bbox 929 2031 933 2045; x_wconf 91' lang='lat'><strong>·</strong></span> 
     </span>
    </p>

    <p class='ocr_par' dir='ltr' id='par_1_9' title="bbox 31 2074 942 2556">
     <span class='ocr_line' id='line_1_20' title="bbox 64 2074 918 2141; baseline -0.001 -14"><span class='ocrx_word' id='word_1_127' title='bbox 64 2084 87 2127; x_wconf 77' lang='lat'><strong>2.</strong></span> <span class='ocrx_word' id='word_1_128' title='bbox 101 2077 383 2141; x_wconf 76' lang='lat' dir='ltr'><strong>Prutema‚temperantia</strong></span> <span class='ocrx_word' id='word_1_129' title='bbox 397 2090 442 2127; x_wconf 93' lang='lat' dir='ltr'><strong>nen</strong></span> <span class='ocrx_word' id='word_1_130' title='bbox 455 2079 492 2127; x_wconf 92' lang='lat' dir='ltr'><strong>est</strong></span> <span class='ocrx_word' id='word_1_131' title='bbox 501 2075 577 2126; x_wconf 87' lang='lat' dir='ltr'><strong>soldm</strong></span> <span class='ocrx_word' id='word_1_132' title='bbox 588 2074 647 2126; x_wconf 87' lang='lat' dir='ltr'><strong>circa</strong></span> <span class='ocrx_word' id='word_1_133' title='bbox 660 2089 771 2141; x_wconf 83' lang='lat' dir='ltr'><strong>venerae,</strong></span> <span class='ocrx_word' id='word_1_134' title='bbox 786 2077 824 2128; x_wconf 91' lang='lat' dir='ltr'><strong>sed</strong></span> <span class='ocrx_word' id='word_1_135' title='bbox 916 2093 918 2098; x_wconf 92' lang='lat'>·</span> 
     </span>
     <span class='ocr_line' id='line_1_21' title="bbox 31 2147 826 2214; baseline -0.001 -13"><span class='ocrx_word' id='word_1_136' title='bbox 31 2152 101 2201; x_wconf 88' lang='lat' dir='ltr'><strong>etiam</strong></span> <span class='ocrx_word' id='word_1_137' title='bbox 114 2148 174 2199; x_wconf 89' lang='lat' dir='ltr'><strong>eirea</strong></span> <span class='ocrx_word' id='word_1_138' title='bbox 187 2149 360 2200; x_wconf 81' lang='lat' dir='ltr'><strong>delectationem</strong></span> <span class='ocrx_word' id='word_1_139' title='bbox 369 2148 506 2199; x_wconf 74' lang='lat' dir='ltr'><strong>ciborum&#39;et</strong></span> <span class='ocrx_word' id='word_1_140' title='bbox 519 2152 623 2211; x_wconf 87' lang='lat' dir='ltr'><strong>potuum.</strong></span> <span class='ocrx_word' id='word_1_141' title='bbox 637 2147 681 2198; x_wconf 90' lang='lat' dir='ltr'><strong>Sed</strong></span> <span class='ocrx_word' id='word_1_142' title='bbox 693 2147 752 2198; x_wconf 86' lang='lat' dir='ltr'><strong>inter</strong></span> <span class='ocrx_word' id='word_1_143' title='bbox 765 2161 826 2214; x_wconf 77' lang='lat' dir='ltr'><strong>pru-</strong></span> 
     </span>
     <span class='ocr_line' id='line_1_22' title="bbox 32 2218 826 2285; baseline -0.004 -12"><span class='ocrx_word' id='word_1_144' title='bbox 32 2226 97 2285; x_wconf 88' lang='lat' dir='ltr'><strong>cepta</strong></span> <span class='ocrx_word' id='word_1_145' title='bbox 107 2220 206 2284; x_wconf 80' lang='lat' dir='ltr'><strong>decalogi</strong></span> <span class='ocrx_word' id='word_1_146' title='bbox 219 2233 266 2271; x_wconf 91' lang='lat' dir='ltr'><strong>non</strong></span> <span class='ocrx_word' id='word_1_147' title='bbox 278 2220 410 2285; x_wconf 81' lang='lat' dir='ltr'><strong>prohibetur</strong></span> <span class='ocrx_word' id='word_1_148' title='bbox 421 2218 510 2283; x_wconf 85' lang='lat' dir='ltr'><strong>aliquod</strong></span> <span class='ocrx_word' id='word_1_149' title='bbox 523 2219 609 2269; x_wconf 86' lang='lat' dir='ltr'><strong>vitium·</strong></span> <span class='ocrx_word' id='word_1_150' title='bbox 620 2219 735 2285; x_wconf 87' lang='lat' dir='ltr'><strong>pertinens</strong></span> <span class='ocrx_word' id='word_1_151' title='bbox 746 2221 774 2270; x_wconf 87' lang='lat' dir='ltr'><strong>ad</strong></span> <span class='ocrx_word' id='word_1_152' title='bbox 785 2221 826 2270; x_wconf 91' lang='lat' dir='ltr'><strong>da·</strong></span> 
     </span>
     <span class='ocr_line' id='line_1_23' title="bbox 33 2291 942 2356; baseline -0.003 -13"><span class='ocrx_word' id='word_1_153' title='bbox 33 2291 176 2343; x_wconf 83' lang='lat' dir='ltr'><strong>luctationem</strong></span> <span class='ocrx_word' id='word_1_154' title='bbox 188 2291 288 2342; x_wconf 80' lang='lat' dir='ltr'><strong>umorum</strong></span> <span class='ocrx_word' id='word_1_155' title='bbox 298 2294 322 2341; x_wconf 89' lang='lat' dir='ltr'><strong>ct</strong></span> <span class='ocrx_word' id='word_1_156' title='bbox 332 2295 435 2356; x_wconf 89' lang='lat' dir='ltr'><strong>potuum,</strong></span> <span class='ocrx_word' id='word_1_157' title='bbox 444 2303 519 2355; x_wconf 84' lang='lat' dir='ltr'><strong>neque</strong></span> <span class='ocrx_word' id='word_1_158' title='bbox 532 2291 599 2342; x_wconf 86' lang='lat' dir='ltr'><strong>etiam</strong></span> <span class='ocrx_word' id='word_1_159' title='bbox 611 2291 729 2354; x_wconf 87' lang='lat' dir='ltr'><strong>pertinens</strong></span> <span class='ocrx_word' id='word_1_160' title='bbox 745 2292 773 2342; x_wconf 89' lang='lat' dir='ltr'><strong>ud</strong></span> <span class='ocrx_word' id='word_1_161' title='bbox 787 2291 829 2340; x_wconf 91' lang='lat' dir='ltr'><strong>ali·</strong></span> <span class='ocrx_word' id='word_1_162' title='bbox 939 2317 942 2354; x_wconf 52' lang='grc' dir='ltr'>χ</span> 
     </span>
     <span class='ocr_line' id='line_1_24' title="bbox 35 2361 829 2428; baseline -0.001 -16"><span class='ocrx_word' id='word_1_163' title='bbox 35 2376 104 2428; x_wconf 86' lang='lat' dir='ltr'><strong>qnam</strong></span> <span class='ocrx_word' id='word_1_164' title='bbox 121 2363 188 2412; x_wconf 90' lang='lat' dir='ltr'><strong>aliam</strong></span> <span class='ocrx_word' id='word_1_165' title='bbox 208 2363 308 2428; x_wconf 87' lang='lat' dir='ltr'><strong>speciem</strong></span> <span class='ocrx_word' id='word_1_166' title='bbox 324 2363 428 2415; x_wconf 77' lang='lat' dir='ltr'><strong>luxurie.</strong></span> <span class='ocrx_word' id='word_1_167' title='bbox 445 2364 504 2426; x_wconf 80' lang='lat' dir='ltr'><strong>lingo</strong></span> <span class='ocrx_word' id='word_1_168' title='bbox 518 2376 592 2428; x_wconf 87' lang='lat' dir='ltr'><strong>neque</strong></span> <span class='ocrx_word' id='word_1_169' title='bbox 606 2363 674 2414; x_wconf 86' lang='lat' dir='ltr'><strong>etiam</strong></span> <span class='ocrx_word' id='word_1_170' title='bbox 688 2363 754 2414; x_wconf 86' lang='lat' dir='ltr'><strong>debet</strong></span> <span class='ocrx_word' id='word_1_171' title='bbox 772 2361 829 2428; x_wconf 90' lang='lat' dir='ltr'><strong>poni</strong></span> 
     </span>
     <span class='ocr_line' id='line_1_25' title="bbox 34 2433 827 2498; baseline -0.001 -13"><span class='ocrx_word' id='word_1_172' title='bbox 34 2433 123 2498; x_wconf 84' lang='lat' dir='ltr'><strong>aliquod</strong></span> <span class='ocrx_word' id='word_1_173' title='bbox 141 2438 279 2498; x_wconf 77' lang='lat' dir='ltr'><strong>preceptum</strong></span> <span class='ocrx_word' id='word_1_174' title='bbox 297 2435 420 2498; x_wconf 83' lang='lat' dir='ltr'><strong>prohibens</strong></span> <span class='ocrx_word' id='word_1_175' title='bbox 438 2434 585 2497; x_wconf 84' lang='lat' dir='ltr'><strong>adulterium,</strong></span> <span class='ocrx_word' id='word_1_176' title='bbox 604 2435 665 2498; x_wconf 81' lang='lat' dir='ltr'><strong>qnod</strong></span> <span class='ocrx_word' id='word_1_177' title='bbox 681 2433 781 2498; x_wconf 84' lang='lat' dir='ltr'><strong>pertinet</strong></span> <span class='ocrx_word' id='word_1_178' title='bbox 799 2434 827 2484; x_wconf 86' lang='lat' dir='ltr'><strong>ud</strong></span> 
     </span>
     <span class='ocr_line' id='line_1_26' title="bbox 35 2506 375 2556; baseline -0.003 0"><span class='ocrx_word' id='word_1_179' title='bbox 35 2506 203 2556; x_wconf 87' lang='lat' dir='ltr'><strong>delectationem</strong></span> <span class='ocrx_word' id='word_1_180' title='bbox 218 2518 375 2556; x_wconf 86' lang='lat' dir='ltr'><strong>renereorum.</strong></span> 
     </span>
    </p>

    <p class='ocr_par' dir='ltr' id='par_1_10' title="bbox 37 2575 829 2786">
     <span class='ocr_line' id='line_1_27' title="bbox 68 2575 825 2642; baseline 0.003 -16"><span class='ocrx_word' id='word_1_181' title='bbox 68 2581 90 2627; x_wconf 77' lang='lat'><strong>3.</strong></span> <span class='ocrx_word' id='word_1_182' title='bbox 106 2578 226 2639; x_wconf 69' lang='lat' dir='ltr'><strong>Procnen,</strong></span> <span class='ocrx_word' id='word_1_183' title='bbox 237 2577 384 2642; x_wconf 83' lang='lat' dir='ltr'><strong>principalius</strong></span> <span class='ocrx_word' id='word_1_184' title='bbox 396 2582 432 2630; x_wconf 86' lang='lat' dir='ltr'><strong>cst</strong></span> <span class='ocrx_word' id='word_1_185' title='bbox 441 2578 465 2627; x_wconf 91' lang='lat' dir='ltr'><strong>in</strong></span> <span class='ocrx_word' id='word_1_186' title='bbox 474 2577 602 2628; x_wconf 85' lang='lat' dir='ltr'><strong>intentione</strong></span> <span class='ocrx_word' id='word_1_187' title='bbox 612 2575 748 2640; x_wconf 77' lang='lat' dir='ltr'><strong>legislatoris</strong></span> <span class='ocrx_word' id='word_1_188' title='bbox 759 2576 825 2628; x_wconf 89' lang='lat' dir='ltr'><strong>indn-</strong></span> 
     </span>
     <span class='ocr_line' id='line_1_28' title="bbox 37 2643 829 2714; baseline -0.001 -13"><span class='ocrx_word' id='word_1_189' title='bbox 37 2663 87 2701; x_wconf 88' lang='lat' dir='ltr'><strong>cere</strong></span> <span class='ocrx_word' id='word_1_190' title='bbox 103 2650 130 2699; x_wconf 91' lang='lat' dir='ltr'><strong>ad</strong></span> <span class='ocrx_word' id='word_1_191' title='bbox 147 2643 258 2713; x_wconf 84' lang='lat' dir='ltr'><strong>uirtutes,</strong></span> <span class='ocrx_word' id='word_1_192' title='bbox 271 2648 339 2714; x_wconf 84' lang='lat' dir='ltr'><strong>qnam</strong></span> <span class='ocrx_word' id='word_1_193' title='bbox 356 2649 411 2699; x_wconf 81' lang='lat' dir='ltr'><strong>vitia</strong></span> <span class='ocrx_word' id='word_1_194' title='bbox 429 2649 549 2713; x_wconf 85' lang='lat' dir='ltr'><strong>prohibere</strong></span> <span class='ocrx_word' id='word_1_195' title='bbox 566 2663 572 2698; x_wconf 77' lang='grc' dir='ltr'><strong>ε</strong></span> <span class='ocrx_word' id='word_1_196' title='bbox 587 2650 615 2699; x_wconf 90' lang='lat' dir='ltr'><strong>ad</strong></span> <span class='ocrx_word' id='word_1_197' title='bbox 636 2649 681 2700; x_wconf 85' lang='lat' dir='ltr'><strong>hoc</strong></span> <span class='ocrx_word' id='word_1_198' title='bbox 700 2647 829 2700; x_wconf 69' lang='lat' dir='ltr'><strong>annuntia</strong></span> 
     </span>
     <span class='ocr_line' id='line_1_29' title="bbox 38 2719 829 2786; baseline -0.001 -13"><span class='ocrx_word' id='word_1_199' title='bbox 38 2721 194 2786; x_wconf 83' lang='lat' dir='ltr'><strong>prohibentur,</strong></span> <span class='ocrx_word' id='word_1_200' title='bbox 205 2724 232 2770; x_wconf 92' lang='lat' dir='ltr'><strong>ut</strong></span> <span class='ocrx_word' id='word_1_201' title='bbox 241 2720 350 2771; x_wconf 72' lang='lat' dir='ltr'><strong>intutum</strong></span> <span class='ocrx_word' id='word_1_202' title='bbox 364 2720 528 2785; x_wconf 86' lang='lat' dir='ltr'><strong>impedimenta</strong></span> <span class='ocrx_word' id='word_1_203' title='bbox 538 2719 655 2772; x_wconf 78' lang='lat' dir='ltr'><strong>tollamur.</strong></span> <span class='ocrx_word' id='word_1_204' title='bbox 663 2719 708 2772; x_wconf 83' lang='lat' dir='ltr'><strong>Sed</strong></span> <span class='ocrx_word' id='word_1_205' title='bbox 715 2723 829 2786; x_wconf 87' lang='lat' dir='ltr'><strong>praecepta</strong></span> 
     </span>
    </p>
   </div>
   <div class='ocr_carea' id='block_1_9' title="bbox 74 2872 690 2939">
    <p class='ocr_par' dir='ltr' id='par_1_11' title="bbox 74 2872 690 2939">
     <span class='ocr_line' id='line_1_30' title="bbox 74 2872 690 2939; baseline 0 -17"><span class='ocrx_word' id='word_1_206' title='bbox 74 2872 111 2938; x_wconf 79' lang='lat' dir='ltr'><strong>(r)</strong></span> <span class='ocrx_word' id='word_1_207' title='bbox 123 2877 154 2922; x_wconf 79' lang='lat' dir='ltr'><strong>oe</strong></span> <span class='ocrx_word' id='word_1_208' title='bbox 165 2875 281 2922; x_wconf 70' lang='lat' dir='ltr'><strong>nucum</strong></span> <span class='ocrx_word' id='word_1_209' title='bbox 295 2877 323 2939; x_wconf 85' lang='lat' dir='ltr'><strong>r,</strong></span> <span class='ocrx_word' id='word_1_210' title='bbox 337 2876 363 2938; x_wconf 82' lang='lat' dir='ltr'><strong>e,</strong></span> <span class='ocrx_word' id='word_1_211' title='bbox 377 2888 418 2934; x_wconf 75' lang='lat' dir='ltr'><strong>qu.</strong></span> <span class='ocrx_word' id='word_1_212' title='bbox 430 2875 485 2937; x_wconf 81' lang='lat' dir='ltr'><strong>eoo,</strong></span> <span class='ocrx_word' id='word_1_213' title='bbox 499 2881 545 2923; x_wconf 75' lang='lat' dir='ltr'><strong>ert.</strong></span> <span class='ocrx_word' id='word_1_214' title='bbox 557 2874 609 2936; x_wconf 77' lang='lat' dir='ltr'><strong>an,</strong></span> <span class='ocrx_word' id='word_1_215' title='bbox 625 2877 654 2923; x_wconf 73' lang='lat' dir='ltr'><strong>aa</strong></span> <span class='ocrx_word' id='word_1_216' title='bbox 667 2873 690 2922; x_wconf 84' lang='lat' dir='ltr'><strong>s.</strong></span> 
     </span>
    </p>
   </div>
   <div class='ocr_carea' id='block_1_10' title="bbox 0 0 1000 3284">
    <p class='ocr_par' dir='ltr' id='par_1_12' title="bbox 0 0 1000 3284">
     <span class='ocr_line' id='line_1_31' title="bbox 0 0 1000 3284; baseline 0 0"><span class='ocrx_word' id='word_1_217' title='bbox 0 0 1000 3284; x_wconf 95' lang='lat' dir='ltr'><strong> </strong></span> 
     </span>
    </p>
   </div>
  </div>
 </body>
</html>
