1934 3284
262 158 294 196 li!
309 156 398 196 ffl'ffl
412 157 562 196 mannent.
767 151 811 198 9ss

25 235 64 286 uis
78 233 180 286 omnium
190 231 305 295 pennum,
316 233 426 301 quiajam
436 234 486 298 ipsa
499 234 600 288 Ecclesia
612 234 700 300 iinpuis
709 237 814 288 omnium

24 308 118 432 531&an
130 303 245 426 lp'quitnn
258 303 342 369 inqua
359 305 458 370 quinon
477 309 530 368 est,
547 320 593 358 non
607 307 689 374 ancipit
705 309 814 374 spiritum

300 489 472 550 .ART1CULUS
487 497 516 546 11.

45 622 134 667 Utrtrm
149 621 237 668 nonam
253 622 392 678 tinpnurum
391 622 445 740 1)ὶίιὶ
450 621 606 693 excellentius
619 622 691 679 purim
707 625 788 680 patto

348 697 392 740 pro
423 697 481 730 em.

44 799 82 861 riri
102 810 224 861 secundnm
242 808 276 860 sio
289 810 426 874 proceditur.
445 811 536 860 Videtur
548 810 607 874 quod
623 809 706 863 donum
721 812 815 876 lingua-

24 896 66 934 um
81 881 111 933 sit
123 880 269 932 excellentius
282 879 349 944 quim
359 881 429 944 gratia
441 882 577 944 prophetie.
590 883 671 942 «Quae
687 884 749 934 enim
760 889 815 936 suni

24 954 146 1005 relioribus
163 953 270 1017 propria,
288 953 393 1002 uidentur
409 966 459 1004 asse
473 953 581 1016 meliora,
595 971 609 1001 n
622 955 747 1006 sepontium
763 956 816 1006 Piri·

24 1027 134 1091 isopleuro
148 1025 172 1074 in
187 1025 225 1074 ΙΙΙ.
245 1026 326 1090 Topic.
342 1024 385 1074 Sed
401 1025 484 1075 donum
504 1024 632 1088 linguarum
647 1030 682 1076 est
699 1027 815 1090 proprium

25 1100 68 1150 ovi
93 1098 232 1148 Testamenti
247 1097 327 1147 :unde
347 1101 451 1146 cantatur
466 1098 491 1147 in
509 1099 630 1162 Sequentia
644 1099 813 1152 Pentecostes:

39 1173 95 1236 lpse
113 1169 181 1220 hodio
204 1168 323 1232 Apostolos
342 1168 428 1218 Christi
447 1169 535 1219 donans
557 1182 650 1220 munere
669 1170 775 1234 insolito,
793 1175 816 1224 et

24 1242 107 1293 unctis
125 1241 226 1292 inaudito
247 1240 343 1291 saeculis.
359 1256 373 1286 n
389 1241 510 1303 Prophetia
524 1244 600 1292 autem
622 1242 694 1304 magis
707 1243 816 1306 competit

24 1313 87 1366 eteri
101 1313 245 1379 'testamento
255 1350 262 1372 ‚
271 1310 394 1362 seeundum
403 1311 457 1361 iilud
468 1311 504 1362 od
514 1311 635 1372 Hebr.,i:
648 1331 662 1361 ι(
672 1314 816 1366 Mutiiiariam

24 1385 138 1447 rultisquo
152 1383 226 1434 modis
243 1383 298 1434 oiim
311 1383 371 1432 [tens
386 1382 482 1444 loquens
497 1383 598 1447 patribus
616 1383 641 1432 in
655 1385 784 1448 Prophetis.
801 1402 814 1432 u

24 1460 74 1520 :rgo
87 1455 177 1506 videtur
190 1453 250 1518 quod
263 1455 345 1505 donum
357 1453 487 1518 linguarum
497 1453 525 1504 sii
539 1454 687 1506 excellentius
696 1467 764 1519 quam
777 1456 817 1508 do·

26 1543 70 1580 nm
80 1526 216 1591 prophetiae.

42 1606 69 1652 2.
90 1600 217 1659 Praeterea,
231 1598 286 1648 illud
299 1612 340 1662 per
357 1599 418 1662 pund
435 1598 566 1650 ordinamur
581 1601 609 1650 ad
621 1601 710 1662 iteum,
729 1599 818 1652 videtur

24 1670 166 1724 mellentino
181 1682 231 1720 esse
249 1683 276 1722 ao
290 1683 330 1734 per
342 1671 402 1733 quod
417 1671 546 1722 ordinamur
555 1672 582 1722 ad
596 1671 710 1724 homines.
721 1671 765 1722 Sed
777 1684 818 1735 par

25 1755 102 1796 onum
119 1741 249 1805 linguarum
262 1742 331 1791 homo
344 1741 458 1792 ordinatur
471 1742 500 1792 ad
521 1743 607 1805 Deum,
622 1756 663 1806 per
673 1743 817 1807 prophetiam

25 1820 95 1868 ntem
109 1813 137 1863 ad
150 1811 262 1864 homines.
276 1812 362 1862 Dicitur
374 1811 434 1862 enirn
448 1813 466 1862 i.
478 1811 514 1861 od
529 1812 654 1870 corruet„
666 1815 716 1864 xlv
730 1829 736 1863 ε
748 1832 762 1864 n
771 1815 816 1873 oui

25 1886 118 1952 oquitur
135 1882 225 1948 lingui,
238 1897 284 1934 non
296 1883 426 1934 hominibus
440 1883 540 1946 loquitur
550 1884 590 1934 sed
605 1885 653 1935 Deo
668 1899 674 1933 ε
687 1884 727 1948 qui
741 1889 817 1936 autern

25 1958 153 2023 rophetai,
173 1954 303 2006 hominibus
321 1953 421 2018 loquitur
434 1955 461 2004 ad
481 1955 663 2006 aedificationem.
678 1972 693 2003 n
709 1955 768 2018 Ergo
779 1957 819 2006 vi-

25 2036 84 2083 etur
98 2026 158 2092 quod
168 2027 252 2078 donum
261 2026 389 2090 linguarum
398 2025 579 2078 irtexcellentins
593 2027 661 2091 quim
675 2027 820 2096 donumpro·

25 2101 113 2154 iretiae.

45 2177 74 2222 3.
101 2170 229 2232 Praeterea,
245 2171 328 2221 donum
352 2169 479 2232 linguarum
502 2169 646 2220 habituatiter
665 2174 782 2234 permanet
794 2171 820 2222 iu

26 2246 120 2299 abente
132 2241 221 2304 ipsum3
231 2245 255 2292 et
265 2241 335 2292 horno
345 2242 413 2292 habet
426 2242 451 2290 in
463 2243 576 2305 potestate
591 2241 626 2292 uti
634 2253 661 2292 eo
675 2241 727 2292 oum
740 2241 819 2292 nolue-

26 2323 42 2368 ,ι
61 2333 67 2365 ;
88 2313 147 2364 unde
165 2313 246 2363 dieitur
257 2314 274 2363 Ι.
290 2313 327 2362 not
342 2313 412 2368 Cor„
426 2313 477 2362 xlv
492 2329 498 2362 :
515 2313 627 2364 «Gratias
639 2326 683 2375 ago
699 2314 749 2364 Deo
769 2325 820 2364 meo

26 2388 81 2440 uod
95 2384 198 2436 omnium
212 2384 315 2434 restrrnn
328 2383 408 2448 lingua
418 2384 507 2448 loquor.
522 2401 536 2432 o
548 2385 599 2436 Non
612 2388 688 2435 autem
702 2384 735 2435 sio
746 2386 782 2435 est
792 2385 821 2434 de

25 2474 80 2514 ono
93 2458 229 2521 prophetiam
241 2461 266 2506 ut
279 2470 347 2520 supra
364 2456 449 2506 diotone
462 2460 498 2506 est
513 2459 565 2520 (qu.
578 2459 637 2520 tii,
654 2459 696 2506 art.
709 2457 746 2517 t).
759 2455 818 2518 Ergo

25 2542 107 2586 onum
124 2527 252 2592 linguarum
265 2528 356 2579 ridetur
368 2540 419 2579 esse
434 2527 581 2578 excellentius
592 2525 660 2592 quam
673 2527 756 2578 donum
770 2539 822 2590 pro·

27 2599 115 2654 hetin.

47 2679 77 2723 t.
93 2672 215 2734 Praeterea,
233 2670 387 2734 interpretatio
401 2683 532 2721 sermonum
552 2669 643 2720 videtur
656 2666 768 2720 contineri
779 2669 823 2720 snb

26 2741 160 2810 rophetiar,
170 2743 223 2807 quia
235 2742 355 2807 Scriptura
366 2742 447 2792 eodem
458 2741 538 2806 spiritu
552 2744 697 2806 exponuntur
711 2754 755 2806 qno
770 2745 824 2792 sunt

28 2819 100 2871 dite.
115 2814 161 2864 Sed
173 2814 328 2881 interpretatio
347 2827 478 2864 sermonum
490 2815 509 2864 ir
526 2814 561 2864 aa
577 2813 717 2882 nor.,xt1,
733 2813 824 2880 ponitur

25 2894 75 2944 ost
89 2898 176 2949 uenena
191 2885 326 2952 inpuurm.
341 2885 401 2952 arpo
414 2884 503 2938 ridetur
521 2883 581 2952 prod
597 2885 680 2939 donuru
694 2884 825 2950 inpiorum

687 2982 731 3036 at*
