1934 3284
124 141 173 202 'lli
234 145 488 197 nominenominee,
505 144 601 192 nunsr.
617 145 682 197 cmv,
699 146 756 184 aar.
775 147 815 185 ur.

120 233 169 280 torn
189 239 230 290 per
249 225 381 288 hujusmodi
400 238 468 290 opera
490 223 617 288 disponitur
636 224 664 273 ad
682 224 728 273 boo
748 223 815 287 oudd
832 225 923 288 putiau

120 301 273 362 consequatur
283 312 323 362 per
334 311 401 361 qnam
413 297 531 362 poeniteat,
547 301 570 346 et
581 298 725 360 inquantum
740 308 782 358 per
795 291 923 357 huiusmodi

120 383 188 434 opera
209 369 317 420 satisfacit
336 371 364 420 de
382 369 467 418 lubrico
487 367 563 418 omnis
575 366 705 416 commisso.
729 367 781 416 Non
802 372 883 420 autern
900 370 926 418 ita

120 439 179 504 qudd
204 440 224 489 si
242 440 266 489 in
288 439 372 490 lubrico
395 440 469 490 :narnis
488 444 619 503 perseueret
639 437 788 502 impoenitens
808 454 886 503 usque
903 441 926 489 ad

123 517 232 575 mortem,
249 526 289 576 per
303 511 393 575 pietatis
406 524 475 576 opera
486 512 594 560 liberetur
603 512 648 575 (1).
680 547 697 574 ,.

152 584 186 634 ld
204 590 294 634 sextum
315 583 448 643 dicendum,
462 582 522 646 qudd
537 595 565 632 ex
577 595 623 632 nno
638 580 762 631 concubitu
776 586 861 644 potest
873 598 928 634 unos

121 657 190 706 bomo
209 655 332 719 generari:
346 657 370 705 el
384 655 434 705 ideo
453 654 590 704 inordinatio
608 653 816 716 concubitusque
838 656 928 718 impelii

119 726 204 777 bouum
220 726 291 790 prolis
309 726 444 787 nasciturae,
460 739 488 776 ex
503 725 554 788 ipso
571 737 654 788 genere
672 725 737 773 aratris
755 729 791 775 est
812 733 930 789 peceatum

120 797 227 860 mortale,
236 802 260 848 et
270 811 313 848 non
324 797 395 848 solium
405 811 433 848 ex
446 797 614 847 inordinatione
622 794 831 858 concupiscentiae.
842 799 878 848 Ex
889 813 930 848 nna

123 873 198 920 eutem
212 869 349 920 comestione
363 883 408 919 non
418 869 540 933 impeditur
550 869 635 918 bonurn
650 865 720 916 totius
734 871 791 918 vitae
806 870 882 922 unius
895 874 932 920 bo·

123 941 191 992 minis
208 958 213 991 :
230 946 253 992 et
266 942 316 992 ideo
333 944 398 990 acles
417 941 476 1004 grele
497 953 527 990 ex
539 953 580 990 suo
593 952 676 1001 genere
695 952 740 1010 nou
758 943 796 989 est
812 947 931 1004 peccatum

123 1014 226 1066 mortale.
242 1015 308 1063 Esset
324 1017 414 1074 tamen,
431 1012 451 1060 si
461 1011 514 1074 quie
526 1012 624 1061 scienter
634 1011 708 1060 cibum
724 1012 878 1074 comederet,
898 1018 932 1077 poi

122 1089 194 1136 lotam
211 1085 363 1136 conditionem
374 1083 428 1134 uitae
439 1083 492 1148 ejus
502 1084 643 1146 immutaret,
653 1083 713 1132 sicot
723 1085 790 1145 patet
802 1085 836 1135 de
851 1087 929 1136 bdarn

123 1159 171 1208 Nec
185 1161 260 1207 tamen
278 1154 397 1206 fornicatio
410 1158 446 1206 est
463 1155 582 1204 minimum
597 1158 758 1217 peccatorum,
771 1169 828 1217 qnae
845 1158 890 1207 sub
904 1159 935 1206 lo-

124 1229 190 1280 xnria
204 1229 351 1278 continentur
365 1242 371 1276 :
387 1225 462 1278 omos
474 1225 536 1276 enirn
546 1229 581 1277 est
592 1226 727 1276 concubitus
739 1239 795 1277 cum
812 1242 891 1280 uxore
901 1230 935 1293 qui

125 1301 155 1352 sit
166 1314 195 1352 ex
206 1299 308 1352 libidine.

416 1405 576 1456 indiculus
591 1405 628 1454 lli.

233 1531 317 1576 illenim
326 1531 459 1586 fornicatio
473 1530 504 1576 rit
513 1530 684 1586 quarteriorum
691 1533 831 1586 peccalum.

158 1664 190 1713 ld
203 1665 307 1726 martum
326 1662 358 1714 sic
374 1663 504 1725 proceditur
519 1652 667 1724 (illidetur
685 1660 745 1724 qudd
760 1661 892 1717 tunicatis
909 1669 934 1716 sit

127 1735 285 1801 pravissimum
299 1739 417 1798 peccatum
434 1749 440 1783 :
459 1733 556 1782 «Tanti
570 1731 630 1782 enirn
642 1732 734 1782 ridetur
746 1738 871 1797 peceatum
887 1754 935 1801 gra·

127 1806 192 1867 vius,
203 1805 286 1868 quantb
300 1819 329 1855 ex
341 1804 421 1868 majori
435 1804 528 1855 libidine
542 1802 652 1866 procedit.
664 1819 677 1849 u
688 1803 734 1854 Sed
748 1804 856 1856 maxima
867 1808 937 1858 libido

129 1879 165 1928 est
177 1875 200 1926 in
215 1876 370 1926 loroieallooe.
391 1875 550 1927 diciturenim
567 1875 591 1923 in
611 1873 691 1923 Glossa
708 1875 726 1924 l.
742 1876 779 1924 od
795 1876 873 1934 Cor..
893 1883 936 1931 Vll.

128 1947 188 2014 qudd
203 1948 290 1998 «ardor
302 1947 402 1998 libidinis
413 1948 436 1996 iu
453 1947 541 1998 luxuria
555 1950 591 1996 est
606 1946 728 1996 maximus.
738 1963 752 1992 n
767 1947 832 2011 Ergo
846 1951 936 2001 videtu:

128 2019 188 2086 quid
206 2018 324 2070 fornicatio
335 2019 366 2069 sit
381 2019 538 2082 gravissimum
552 2021 683 2081 peccatum.

160 2096 184 2141 ἰ.
199 2092 324 2152 praterea,
335 2107 353 2137 u
363 2089 426 2140 tanto
447 2090 530 2152 aliquis
547 2090 621 2153 magis
633 2093 728 2152 peccat,
744 2090 834 2151 quanto
849 2092 877 2142 in
894 2108 937 2143 ren

129 2163 170 2214 sibi
191 2161 262 2225 magis
276 2161 421 2224 conjunctam
437 2161 562 2224 delinquit3
576 2178 591 2207 r
609 2160 669 2210 sicot
688 2159 782 2222 erariis
796 2168 885 2225 peccat
903 2179 938 2228 qu:

128 2236 229 2301 percutit
243 2238 346 2298 patrem,
358 2233 424 2298 quim
439 2233 478 2296 qui
492 2233 590 2296 perculit
605 2239 748 2283 extraneum.
759 2233 804 2283 Sed
826 2235 893 2286 sicut
908 2239 937 2285 di·

129 2308 186 2359 citnr
204 2308 223 2358 l.
246 2307 315 2365 Con,
332 2321 346 2352 o
364 2304 404 2368 qui
422 2303 558 2366 irrrnicatur,
576 2304 601 2354 in
619 2319 702 2369 corpus
722 2319 791 2355 suum
804 2313 910 2370 peccat,
927 2329 937 2354 r·

162 2433 194 2496 (ll
211 2435 258 2480 Neo
275 2433 329 2478 verb
351 2432 374 2476 ln
391 2432 501 2486 predicto
522 2433 709 2489 Commentario,
727 2446 757 2478 ex
769 2446 818 2490 quo
843 2445 937 2496 sumpta

129 2504 166 2543 est
179 2499 273 2552 illoesa,
290 2494 424 2552 exprimitur
438 2495 500 2550 qubd
513 2508 560 2540 non
575 2497 668 2552 peribit,
683 2496 722 2540 sed
733 2497 767 2542 slc
777 2498 873 2542 tablina
886 2517 893 2543 z
913 2502 936 2544 st

129 2561 183 2616 poio
195 2561 254 2616 quia
263 2557 436 2603 mirericordtu
449 2570 539 2614 mopno
547 2571 585 2602 rer
595 2563 642 2607 ert,
652 2558 777 2604 tuberum
792 2563 883 2606 cornis
894 2577 940 2620 po-

129 2623 217 2669 llutor,
234 2621 378 2678 hujusmodi
391 2620 450 2679 quid
465 2621 523 2678 fiet?
536 2621 594 2666 Sine
604 2621 678 2665 dubio
692 2622 830 2680 populabit.
849 2624 880 2669 So·
894 2639 938 2669 ou·

131 2686 176 2726 lem
193 2683 271 2726 rotem
284 2681 525 2740 corporir'boboerr'l
542 2684 705 2733 exercitium,
717 2698 838 2741 perennet
851 2700 939 2745 poenos

129 2744 248 2799 potietur.
262 2745 317 2797 Quid
333 2745 492 2801 porro-reteri,
507 2745 560 2790 cim
572 2747 691 2792 Ambrosii
705 2761 754 2794 non
764 2743 811 2794 nili

89 2841 94 2852 .
165 2808 198 2869 (2)
213 2815 244 2858 De
256 2815 291 2858 bio
308 2815 378 2860 etiam
393 2828 433 2871 qn.
447 2815 471 2872 l,
486 2816 515 2860 de
536 2817 615 2872 malo,
629 2817 715 2880 arti,
729 2820 759 2866 ed
773 2817 804 2877 ³,
816 2826 845 2866 et
857 2833 901 2877 qu.
915 2823 937 2865 2.

133 2878 176 2919 art.
187 2870 226 2932 td,
240 2874 265 2918 in
276 2887 351 2936 corp,
364 2883 388 2922 el
399 2890 439 2935 qn.
454 2876 494 2937 lb,
506 2879 590 2939 arti,
601 2880 631 2925 nd
644 2879 667 2925 tl.
