1934 3284
139 130 186 179 ιιι
245 134 353 178 succum
368 134 497 182 sucum,
511 130 607 177 ovar.
622 129 728 179 marm,
743 126 804 166 aar.
819 130 839 166 r.

138 230 199 284 pune
212 214 288 265 domui
301 218 347 263 tnae
355 249 363 277 ‚
375 216 458 275 ete.‚v›
473 208 530 261 dicit
542 209 621 259 diosna
640 207 685 272 (ex
698 206 824 269 Gregorio,
839 205 880 255 tii.
893 202 927 253 ut.

140 286 240 343 dinoot,
253 298 305 350 cap.
322 288 334 334 1
353 284 390 335 vet
405 286 449 344 ti:
464 282 608 344 «Prophetas
621 279 646 328 in
659 278 712 342 ipso
720 278 785 329 libro
798 278 929 342 prescierit

139 362 193 419 Dei,
207 358 231 408 in
246 372 291 421 quo
304 358 381 407 omnia
398 355 481 421 scipta
497 356 566 413 suut,
580 353 658 415 tegere
672 354 785 414 posunt.
797 367 813 397 o
829 352 873 401 Sed
889 363 930 412 pcc·

139 430 233 483 scientia
247 431 288 481 diei
302 435 338 481 εει
348 429 397 494 ipsa
406 428 456 493 ejus
464 425 569 477 essentia.
578 424 638 488 iirgn
647 424 773 487 proruere
785 422 928 485 videntipen

139 502 178 553 diei
192 502 326 553 essentiam.

169 578 193 625 ι.
205 576 332 635 Praeterea,
349 570 487 636 Augustinus
503 569 558 620 dicit
574 569 599 618 iu
612 568 652 617 tx.
671 568 709 616 De
730 568 807 617 Trio.
823 565 929 633 (capit

138 646 199 711 quid
213 664 227 695 c
244 647 268 697 in
280 647 317 696 iiia
331 648 414 696 aetecna
432 643 544 706 veritate,
554 654 585 691 ex
603 652 649 703 gua
661 639 809 702 temporatia
825 642 882 689 iacta
894 643 932 685 sint

139 718 230 781 omnia,
250 718 344 768 termam
363 714 486 766 secundini
500 726 568 778 quam
583 724 676 770 murus,
691 712 717 759 et
735 709 869 760 secuudum
883 721 930 772 man

139 804 273 855 operamur,
282 790 333 839 visu
346 786 428 837 ruentis
442 786 571 851 aspicimus.
584 783 653 832 »Sed
664 783 792 845 propheta
804 782 933 832 interimus

140 862 246 913 homiues
264 860 396 911 altissimam
409 859 496 908 habent
505 857 633 906 divinorum
646 854 822 918 coguitionem.
838 855 894 917 Ergo
904 852 933 914 ipsi

140 933 237 984 maxime
252 932 351 983 divinam
366 930 489 982 essentiam
498 928 586 978 vident.

172 1010 194 1055 ι.
211 1006 340 1062 Praeterea,
354 1003 429 1053 tritura
449 999 605 1063 contingentia
626 1003 858 1063 praewoscuntnr
875 999 887 1047 i
903 1009 937 1060 prs

140 1076 216 1142 phetis
230 1075 353 1127 secundini
374 1074 515 1123 immobilem
529 1072 658 1121 veritatem.
677 1070 718 1120 Sic
736 1075 821 1121 autem
838 1084 883 1121 nou
900 1081 935 1118 svn:

141 1148 187 1197 uisi
203 1148 227 1197 iu
242 1147 292 1211 ipse
304 1148 360 1209 Deo.
377 1146 436 1208 Ergo
450 1146 565 1209 prophete
580 1143 656 1207 ipsum
670 1143 745 1191 iteum
755 1142 854 1194 videui.

170 1222 214 1271 Sed
228 1224 306 1270 contra
323 1224 374 1280 εει,
390 1216 450 1282 quid
464 1217 524 1267 visio
539 1216 623 1266 divinae
639 1215 750 1266 essentia
766 1229 820 1266 uon
834 1219 936 1265 evacuetur

140 1282 257 1357 in'patvia.
276 1291 397 1355 Prophetis
410 1293 484 1339 autem
497 1292 633 1351 evacuatur,
647 1288 790 1338 uthabetuv
803 1291 824 1339 1.
837 1289 873 1338 od
886 1289 929 1336 Co:

140 1365 218 1415 XXlll.
238 1365 298 1427 Ergo
311 1363 432 1428 prophetia
451 1374 495 1411 nou
511 1361 537 1411 iit
550 1374 592 1426 per
607 1359 721 1409 visionem
735 1360 829 1410 divinae
843 1358 936 1411 essentis.

174 1438 340 1501 (Concnusro.
359 1461 390 1471 —
400 1436 456 1495 Qum
471 1435 587 1499 prophetae
610 1434 770 1495 cognoscunt,
786 1446 838 1483 uon
859 1433 936 1483 fflvirvn

142 1510 255 1560 intuentes
269 1507 391 1557 essentiam
409 1504 592 1571 apprehendunt,
604 1504 643 1553 sed
655 1502 678 1552 in
689 1504 840 1565 quibusdam
853 1505 938 1555 similitu·

139 1580 231 1631 dinibus
244 1580 310 1643 quasi
323 1578 348 1629 in
358 1579 456 1643 quodam
472 1577 565 1642 speculo
578 1588 619 1640 per
633 1574 820 1626 illustrationem
834 1578 903 1628 divini
915 1577 937 1624 {n

138 1652 206 1703 mittis
219 1650 355 1713 intuentur.)
670 1691 679 1727 ί

170 1724 306 1787 Respondes
324 1721 455 1785 dicendum,
470 1720 528 1785 quid
543 1718 663 1783 prophetia
671 1722 787 1782 importat
799 1722 947 1786 cognitione,

140 1796 241 1847 divinam
256 1798 282 1845 ut
301 1792 380 1859 procui
398 1792 536 1843 existentem
550 1790 627 1839 :unde
641 1793 664 1838 et
685 1790 713 1838 de
734 1792 865 1857 prophetis
877 1779 947 1850 dicitu!

140 1868 225 1923 Heia..
236 1868 282 1929 XX,
295 1864 354 1929 quid
367 1880 380 1912 cc
394 1866 459 1914 erant
470 1863 483 1913 d
496 1862 563 1926 longi
577 1862 725 1926 aspicientes.
741 1879 756 1909 ε
772 1864 812 1913 iili
826 1853 901 1916 antem
913 1880 932 1925 i
945 1853 947 1928 Ξ

140 1943 193 1991 suut
207 1940 228 1989 in
241 1938 326 2002 patria,
341 1938 366 1985 in
380 1940 440 1987 statu
453 1934 601 2005 beatitudiuis
614 1933 755 1997 existentes,
771 1948 825 1986 uon
838 1938 913 1987 vident

140 2010 153 2062 i
170 2011 276 2072 remotis,
291 2009 331 2058 sed
348 2007 420 2071 magis
441 2007 508 2071 quasi
525 2020 553 2056 ex
575 2005 720 2070 propinquo,
744 2008 880 2058 secundnm
900 2009 947 2056 itiu'

141 2083 237 2133 Psalm.
252 2080 362 2131 CXXXIX
377 2095 382 2128 :
400 2096 413 2126 rc
425 2078 563 2128 Habitabunt
581 2075 636 2127 recti
648 2090 700 2124 cum
710 2075 776 2125 vuitu
794 2083 849 2129 tuo.
865 2098 880 2127 u
894 2082 926 2128 iln

141 2154 286 2204 manifestum
304 2156 339 2201 est
351 2150 412 2213 qcvicl
425 2150 526 2213 cognitio
539 2148 671 2213 prophetica
684 2147 777 2198 aliaest
792 2149 808 2200 a
824 2153 938 2216 cognition

141 2226 240 2289 perfecta
257 2237 307 2287 quae
323 2223 366 2273 ecit
380 2222 403 2271 in
419 2221 493 2285 patria
511 2222 594 2270 :unde
608 2223 631 2269 et
644 2218 797 2282 distinguitur
813 2224 845 2272 ab
861 2238 889 2274 ea
901 2224 930 2272 sic

140 2296 297 2360 imperfectum
314 2292 453 2357 inperfecto,
465 2297 488 2344 ει
501 2290 529 2341 ed
543 2290 680 2341 adveniente
692 2297 839 2358 evacuatur,
853 2299 881 2345 ut
895 2301 933 2358 pat

141 2382 182 2431 per
194 2366 334 2431 tpoetotunv,
349 2366 368 2414 ι.
385 2364 420 2414 ad
436 2366 507 2423 Cor„
519 2364 576 2414 thi.
595 2363 696 2413 Fuerant
713 2368 792 2413 εειεεε
807 2367 903 2431 qnidam
917 2383 936 2428 in

141 2439 293 2501 cognitionem
311 2436 467 2500 propheticam
489 2434 503 2484 d
521 2434 651 2498 cognitione
667 2435 788 2484 beatorum
812 2438 939 2501 distinguer>

140 2512 258 2572 volentes,
269 2509 374 2559 dixerunt
384 2507 445 2571 quid
455 2508 571 2571 prophete
585 2506 665 2557 vident
672 2506 746 2569 ipsam
759 2508 868 2560 divinam
878 2526 940 2561 esse·

141 2580 212 2641 tiam,
228 2593 297 2643 quam
317 2583 401 2629 vocant
416 2579 545 2642 speculum
566 2580 736 2634 eternitatis,
752 2592 801 2629 non
820 2585 902 2633 tamen
915 2595 940 2630 sa·

33 2704 43 2725 ι
141 2650 239 2699 cunctim
263 2651 322 2713 quid
344 2656 379 2700 est
398 2652 512 2715 objectum
531 2652 661 2710 beatorum,
677 2650 715 2699 sed
738 2652 871 2702 secundum
897 2671 926 2716 qn

142 2723 196 2797 snut
208 2719 230 2766 iu
241 2733 268 2769 en
280 2720 380 2771 rationes
390 2721 519 2771 futurorum
531 2726 665 2771 eventuum.
676 2721 740 2778 Quod
755 2722 854 2785 quidem
864 2732 899 2775 εει
907 2731 947 2774 on·

140 2800 195 2867 nunu
205 2789 362 2865 impossibiie.
377 2792 436 2841 tiens
450 2792 512 2841 enim
524 2796 559 2841 est
573 2793 687 2857 objectum
696 2792 855 2844 beatitudiuis
868 2809 940 2846 secun-

140 2856 193 2904 duur
203 2870 276 2919 ipsam
286 2861 321 2909 sui
330 2862 600 2933 essentiam,secuudim
609 2862 663 2913 iilud
675 2862 737 2930 qued
746 2866 892 2927 Augustinus
901 2867 940 2915 dic*
