1934 3284
329 157 360 194 nn
375 157 572 206 inconcinnum.

347 333 508 385 lullcddus
521 335 551 384 ll.

226 465 309 510 vernn
324 465 498 510 incontinentia
507 466 540 510 eit
551 470 683 522 peccatum.

80 599 114 650 tld
125 596 293 650 secuudumsic
303 597 439 662 proceditur.
448 597 543 648 Videtur
555 597 615 661 codd
629 597 795 653 incontinentia
805 616 851 656 non

46 669 79 721 sit
90 675 218 734 peccalum.
232 669 289 729 Quia
299 675 325 720 ut
335 669 473 732 Augustinus
482 669 537 720 dicit
546 670 570 719 in
583 671 623 720 lib.
635 670 757 725 nectent
770 673 850 728 ondit.

47 742 107 802 ltin.
125 741 163 790 lll.
179 754 230 804 cap.
242 743 298 804 le),
311 758 325 790 u
336 741 410 792 nullus
423 745 503 798 peccel
516 741 539 791 iu
556 755 584 792 en
594 743 654 805 quod
665 742 738 793 vitare
752 757 797 794 nou
809 759 852 809 po,

44 817 101 864 test.
116 829 130 860 u
152 812 194 862 Sed
210 812 395 864 incontinentiam
414 813 490 862 nullus
505 817 581 877 petest
593 827 622 864 ex
636 813 712 879 seipso
724 815 803 875 uitare,
813 830 851 868 se-

44 881 149 934 cundirm
162 883 216 934 illud
228 885 301 949 sap„
311 885 359 934 lllll
369 900 375 933 ι
384 902 398 932 u
407 884 459 936 Scio
472 884 533 950 qudo
547 898 593 934 non
604 899 697 949 possum
711 899 762 936 esse
776 887 851 940 conti·

44 969 125 1016 nens,
141 954 186 1006 uisi
205 956 263 1006 lleus
276 957 322 1008 det.
335 973 348 1004 n
364 957 424 1020 Ergo
436 955 602 1007 incontinentia
616 970 661 1009 non
675 960 710 1007 est
722 963 849 1022 peccalum.

79 1031 104 1078 2.
120 1029 249 1084 l‘rnlcree.
266 1045 280 1074 u
294 1041 361 1078 omne
379 1032 495 1091 peccatum
516 1029 540 1078 in
558 1028 645 1080 ratione
659 1029 750 1080 uidetur
764 1029 851 1082 consis-

44 1104 104 1150 tere.
117 1099 184 1150 »Sed
198 1099 222 1149 iu
237 1112 263 1150 eo
277 1100 316 1164 qui
330 1103 364 1150 est
380 1099 539 1162 incontinens,
552 1099 649 1151 uincitur
661 1099 770 1164 iudicium
782 1101 851 1155 nto·

43 1171 91 1221 nis.
106 1170 166 1228 Erue
180 1169 342 1222 incontinentia
356 1185 400 1222 nou
412 1176 447 1221 est
459 1174 585 1234 peccatum.

79 1249 102 1293 3.
121 1244 356 1307 sustenementum
371 1249 449 1307 peccel
463 1257 492 1294 ex
501 1256 531 1294 eo
544 1242 604 1306 ‹pudd
619 1243 689 1294 lleum
704 1244 852 1296 veliementer

42 1319 117 1366 amnt.
129 1331 141 1360 u
152 1315 193 1365 Sed
206 1329 234 1366 ex
245 1315 387 1366 vehementia
395 1314 467 1366 diuini
478 1313 652 1377 nmorisuliquis
661 1313 686 1364 dl
697 1314 848 1368 incontinens.

43 1388 112 1440 Dicit
123 1387 182 1436 enim
197 1387 318 1452 Dionysius
330 1388 367 1438 lt.
382 1401 433 1450 cap.
448 1388 482 1436 De
496 1387 551 1437 dio.
566 1388 681 1441 Nomin..
692 1387 752 1450 qndd
768 1389 851 1440 l’nnlnn

44 1479 60 1509 n
79 1473 121 1524 per
142 1458 329 1510 incontinentiam
350 1457 422 1510 diuini
436 1458 536 1515 arnonis.
551 1457 608 1508 dixit
620 1459 670 1522 (od
688 1458 784 1521 Galat„
804 1461 848 1524 tu,

41 1533 105 1582 Viuo
119 1542 177 1594 ego,
190 1530 239 1594 jem
254 1544 300 1582 non
313 1545 395 1594 ego.»
412 1531 472 1594 Ergo
495 1529 663 1582 incontinentia
679 1544 726 1582 non
743 1536 779 1582 est
796 1545 851 1594 pec·

41 1607 132 1655 cattum.

76 1675 122 1726 Sed
138 1677 214 1723 contra
237 1679 285 1737 est,
302 1673 364 1736 ¹uudd
382 1677 556 1726 connumeratur
575 1673 627 1723 eliis
642 1673 756 1739 peccatis,
771 1677 799 1728 ll.
814 1677 851 1728 act

43 1745 169 1804 Tineollr„
185 1746 229 1806 ld,
238 1746 277 1796 um
289 1746 384 1807 diuitum
397 1763 412 1807 u
428 1745 597 1804 criminatores,
611 1745 792 1807 incontinentes,
807 1747 851 1800 int·

41 1819 156 1876 mites.»
167 1821 212 1868 etc.
231 1819 289 1882 Ergo
305 1817 466 1868 incontinentia
483 1822 519 1868 est
534 1821 661 1881 peccatum.

79 1891 246 1956 (Conctosm.
259 1916 292 1928 ·-
303 1889 493 1939 incontinentiam
508 1887 568 1938 circa
583 1888 759 1940 delectationum
777 1890 851 1943 tactis

41 1961 260 2024 concupiscentias,
270 1961 353 2011 vitiose
370 1965 406 2010 est
418 1975 424 2010 ι
436 1959 541 2010 similiter
550 1963 575 2010 et
584 1973 635 2024 quoe
647 1960 704 2011 circa
714 1962 814 2013 honores
826 1964 850 2013 el

40 2033 157 2086 divitias·
166 2032 219 2090 tium
234 2029 287 2082 uerd
297 2031 356 2082 circa
369 2029 564 2095 concupiscentias
576 2043 651 2080 rerum
664 2035 700 2080 est
712 2032 795 2095 qurilous
803 2045 852 2082 non

40 2102 161 2167 contingit
172 2103 247 2167 abuti,
256 2117 302 2154 non
314 2107 488 2168 poncionem,
499 2103 538 2152 sed
549 2102 578 2153 ed
587 2102 751 2168 perfectionem
760 2103 852 2156 uirtutis
954 2165 956 2180 ἶ

40 2179 778 2311 Βρθὶιηελειῇοἶιιίεοἀίεειι(1ιιιιι,ιιιιὸι1ιἐοιιιιίιειιιίιιιιείεειειῑειιιὶἰ
790 2246 851 2298 cirea

41 2321 134 2385 aliquid
151 2319 277 2384 tripliciter.
297 2320 346 2370 Uno
363 2320 442 2382 modo,
458 2319 548 2383 proprie
566 2322 591 2368 et
607 2317 759 2381 simpliciter:
776 2322 801 2368 et
818 2318 853 2379 sic
952 2338 955 2393 j

41 2391 230 2445 incontinentia
245 2392 370 2445 attenditur
388 2391 446 2444 circe
459 2388 656 2454 concupiscentius
676 2389 851 2440 detentationem

40 2464 135 2524 tactile,
149 2463 207 2512 sicut
225 2467 248 2514 et
268 2464 431 2528 temperentia,
446 2466 471 2512 ut
488 2475 555 2526 supra
573 2461 658 2512 dictum
672 2466 707 2512 est
720 2462 775 2526 (uu.
794 2465 849 2526 155,

40 2535 145 2598 ortae),
163 2536 191 2586 de
204 2535 352 2588 continentia.
370 2535 396 2584 dr
411 2535 534 2585 troc‘modo
548 2532 712 2583 incontinentia
726 2535 761 2584 est
771 2546 852 2597 pecca·

40 2615 94 2661 tum
109 2621 139 2657 ex
152 2605 236 2670 duplici
248 2606 334 2656 ratione
352 2622 358 2658 :
374 2619 419 2656 uno
434 2607 516 2668 modo,
531 2618 560 2656 ex
576 2618 604 2655 eo
619 2603 679 2667 qudd
697 2617 722 2654 se
736 2604 852 2667 tormenit

41 2679 183 2746 quibusdam
194 2678 300 2742 turpinus
313 2678 501 2728 delectationibus
515 2680 556 2728 ;et
569 2676 620 2727 ideo
632 2675 784 2740 Philosophus
797 2677 851 2728 dicit

40 2754 67 2804 in
84 2751 136 2800 Vll.
155 2747 235 2798 Etdic.
250 2749 316 2814 (cap.
331 2755 359 2812 9,
374 2763 414 2800 sen
430 2752 469 2812 8),
481 2748 542 2812 qudd
553 2765 567 2796 u
580 2749 744 2798 iuurnutiuentlu
762 2749 852 2812 uitupe-

41 2827 110 2873 ratur
122 2833 169 2871 non
180 2819 253 2870 solim
265 2821 446 2885 sicutpeucolum
460 2820 537 2885 (quod
547 2819 676 2870 scilicetest
686 2833 727 2884 per
737 2832 852 2870 recessum

43 2891 176 2954 eratione)
193 2888 233 2940 scd
253 2889 311 2940 sicut
328 2891 414 2942 mulitia
429 2893 547 2957 quedam3
565 2907 579 2938 o
596 2890 620 2941 in
638 2895 748 2956 quantum
772 2903 854 2956 prame
