1934 3284
308 184 352 224 -ern
366 123 537 253 diffitetur.
778 175 824 227 teo

68 265 92 311 e.
107 261 228 324 Ρτειεεεε,
241 261 360 322 literam„
374 262 417 324 lll,
431 261 512 312 dicitnr
524 261 664 314 :adrodelis
679 265 728 327 est,
742 267 766 315 et
775 277 825 316 nnn

30 332 185 395 miserebitur3
195 348 209 380 a
219 334 242 384 ει
256 333 288 386 sic
303 333 392 386 videtur
407 333 465 397 qudd
479 334 600 386 crudelitas
612 338 740 399 opponatur
753 335 826 387 miso·

29 402 143 456 ricordie.
160 404 204 456 Sed
220 403 370 456 misericordia
383 417 429 456 non
441 408 477 456 est
490 405 550 456 idem
566 405 707 468 clementie,
719 409 745 456 nt
758 407 826 472 suprl

29 477 165 528 dictumest
179 476 232 542 (qu.
250 481 305 542 lul,
319 480 360 529 art.
372 480 385 528 l
397 480 421 528 ει
433 477 473 542 ι).
485 479 545 542 Ergo
557 478 679 530 crudelitas
689 491 737 530 non
754 492 826 545 oppo-

30 549 99 600 nitur
112 549 241 602 clementie.

63 625 89 670 3.
100 621 223 684 Praeterea,
233 621 351 673 clementia
367 622 521 675 consideratur
535 623 596 674 circa
613 622 764 675 indictionem
777 637 826 688 pao·

27 705 127 752 aarum,
139 694 162 741 ut
174 691 258 742 dictum
277 697 311 744 est
327 694 380 758 (qu.
395 699 450 757 158,
466 699 509 745 art.
524 694 628 759 dett).
643 694 690 745 Sed
701 695 823 747 erudelitas

27 764 183 818 consideratur
201 764 225 815 in
245 765 398 816 subtractione
422 766 604 830 beneficiorum
626 766 748 818 secundiora
769 766 825 819 illud

27 834 198 894 P1·0nero.,lll
210 851 216 884 :
229 837 294 895 noui
305 840 380 888 autem
389 837 487 888 crudelis
498 842 545 901 est,
557 838 625 888 etlam
636 837 775 903 propinquos
784 837 824 889 ab·

27 908 89 972 licit.
99 923 114 954 u
125 907 182 970 Ergo
192 900 312 958 crudelitas
327 921 372 959 nun
382 908 503 972 opponitur
518 908 651 960 clementie.

59 979 108 1030 Sed
130 982 207 1030 eontra
228 982 276 1042 εει,
295 981 355 1044 quod
375 980 431 1032 dicit
450 981 571 1032 &nemin
590 982 618 1032 ll.
639 981 676 1031 De
692 981 824 1032 clementio

27 1058 98 1116 [cap.
116 1049 144 1113 t)
157 1064 163 1098 :
184 1067 197 1099 a
210 1050 335 1114 opponitur
348 1051 474 1103 clementie
490 1052 621 1116 crudelitas3
633 1063 683 1117 qne
693 1050 752 1102 nihil
762 1051 823 1103 allud

27 1127 59 1176 ast
81 1120 149 1185 quan
162 1122 267 1172 atrocitas
281 1122 350 1172 animi
365 1123 390 1173 in
400 1122 519 1186 erigendis
530 1124 612 1188 ponis.
626 1139 642 1171 n

57 1194 222 1259 (concussio.
236 1193 332 1245 -Cium
345 1196 464 1246 crudelitas
478 1197 622 1260 asperitatem
635 1195 661 1246 iu
674 1197 749 1260 ponis
764 1195 825 1247 inle-

27 1266 122 1328 tendis,
139 1266 259 1317 clementia
281 1265 336 1318 vert
356 1267 473 1318 lenitatem
491 1267 514 1317 in
532 1267 608 1331 poenis
621 1267 764 1318 remittendis
785 1267 824 1320 rel

27 1337 160 1401 mitigandis
171 1337 289 1402 importet,
303 1338 446 1390 manifestum
461 1337 516 1388 hino
530 1341 566 1390 est
582 1339 736 1390 crudelitatem
753 1351 824 1404 oppo-

27 1413 96 1463 itam
110 1421 160 1460 esse
170 1409 315 1475 clementie.)

52 1481 194 1546 Respondeo
207 1482 338 1546 dicendum,
354 1481 413 1548 qnod
425 1493 509 1534 nomen
518 1482 823 1537 crudelitatiatcruditate

27 1557 145 1619 rumptum
158 1565 207 1605 esse
220 1554 316 1605 ridetur.
335 1555 398 1605 Sicut
414 1557 491 1609 autem
503 1568 532 1607 ea
544 1568 595 1619 que
613 1557 667 1605 snut
680 1558 743 1606 cocta
754 1559 777 1608 et
790 1555 825 1608 di·

27 1632 105 1692 pata,
117 1625 192 1677 solent
205 1625 287 1678 habuc
301 1639 394 1678 suarem
409 1630 432 1678 et
445 1625 533 1678 dulcem
545 1639 662 1691 oporam,
677 1626 712 1676 lta
722 1626 761 1679 illa
773 1642 824 1693 qun

27 1705 79 1752 ¹uut
94 1697 177 1758 made,
189 1698 272 1750 habent
281 1699 409 1750 horribilem
419 1701 443 1750 ct
452 1711 557 1763 asperum
568 1711 679 1764 saporem
690 1699 777 1750 diuum
787 1703 825 1752 est

30 1777 104 1824 utem
115 1768 196 1834 suprl,
208 1771 265 1834 (qu.
277 1773 333 1834 ιιι,ι
342 1773 384 1821 art.
396 1775 409 1818 3
420 1773 443 1820 ει
457 1769 501 1836 t),
510 1770 571 1834 quod
587 1770 707 1822 clementia
719 1771 826 1836 importat

28 1841 152 1908 [uamdam
163 1840 231 1891 animi
245 1841 360 1892 lenitatem
376 1841 424 1891 siva
440 1841 595 1905 dulcedinem,
606 1854 649 1905 per
662 1855 730 1906 qnam
744 1841 825 1905 aliquis

30 1919 56 1966 st
71 1911 224 1964 diminutivus
236 1925 361 1979 poenarum.
378 1913 443 1964 Unde
457 1911 542 1964 direct
561 1912 683 1964 crudelitas
696 1913 825 1965 clementior

49 1983 163 2050 ponitur.

30 2003 91 2108 plld
103 2054 204 2119 primum
217 2068 270 2120 erpo
285 2056 418 2118 dicendum,
430 2055 491 2120 qudd
503 2055 563 2106 siout
575 2055 695 2107 diminutio
708 2068 826 2120 poenuum

30 2143 74 2182 uae
89 2130 128 2180 est
141 2128 262 2178 secunaum
274 2127 395 2192 rationem,
403 2128 501 2193 pertinet
508 2128 536 2177 ad
543 2127 652 2192 epiikiam
662 2127 731 2192 (sicut
738 2127 824 2180 uiuam

28 2208 53 2255 st
67 2215 113 2265 qu.
128 2198 199 2262 lat),
213 2199 252 2250 sad
270 2199 319 2264 ipsa
335 2201 428 2250 dulcedo
441 2199 536 2249 adectls
549 2213 579 2250 ex
593 2212 638 2283 pua
656 2199 724 2250 homo
739 2200 768 2249 ad
781 2199 825 2251 lroe

28 2274 166 2334 acliuatnr,
179 2271 277 2334 partinet
293 2270 321 2321 ad
335 2270 493 2332 clementiam,
512 2271 545 2321 ita
558 2271 628 2322 eliam
646 2283 824 2335 superexcossus

29 2355 150 2398 oeumum
168 2346 275 2405 panium
295 2343 364 2394 adid
384 2343 444 2406 pund
458 2341 557 2393 exterius
575 2342 665 2406 agitur,
679 2342 780 2408 pertinet
798 2342 827 2395 ad

28 2413 181 2483 rjustitiam;
194 2415 233 2464 sed
252 2417 361 2478 quonum
375 2415 403 2468 ad
421 2414 577 2466 austeritatem
594 2414 678 2476 ammi,
695 2427 737 2479 per
755 2426 825 2478 quem

27 2486 113 2552 liquis
124 2484 151 2535 un
162 2488 282 2550 promptus
295 2487 322 2538 ad
336 2497 415 2551 peenas
429 2486 560 2550 augendas,
572 2486 672 2551 perduct
684 2487 713 2538 ad
725 2485 825 2537 cruded-

28 2566 107 2611 rtem.

49 2631 91 2681 Ad
110 2629 236 2679 secuudum
258 2628 392 2692 dicendum,
410 2627 469 2692 quod
493 2626 645 2679 misericordia
662 2630 686 2680 et
705 2627 826 2680 clementia

28 2699 173 2756 inveniunt
185 2701 209 2750 in
224 2701 266 2750 hoc
277 2699 335 2764 pudo
351 2703 446 2764 utraque
462 2700 545 2760 refugit
557 2703 580 2750 et
597 2701 701 2752 abhomet
714 2699 829 2752 miseriam

28 2778 128 2827 lienam
140 2786 146 2821 :
162 2771 228 2822 aliter
235 2773 310 2823 umen
318 2777 342 2822 et
352 2772 424 2822 aliter.
434 2773 492 2823 llam
503 2773 531 2823 ad
542 2771 719 2823 misericordiam
728 2772 830 2838 pertinet

28 2842 129 2898 riserio
144 2843 264 2896 subvenire
283 2857 323 2908 per
336 2841 440 2895 beneficii
453 2844 596 2895 collationem
614 2859 621 2894 a
636 2845 666 2894 ad
680 2844 828 2896 clementiam

28 2922 106 2969 utem
117 2914 220 2980 pertinet
235 2913 349 2967 miseriam
366 2914 490 2969 diminuere
503 2929 544 2981 per
554 2915 731 2970 commotionem
743 2926 828 2982 pono·
