1934 3284
370 168 404 206 nn
417 165 541 205 eornm.
805 155 851 202 aad

53 246 140 298 dietum
154 247 190 296 eet
202 243 253 294 edun
266 244 294 295 da
313 242 389 295 oanaie
402 243 489 308 peceati
503 243 619 307 ageretur,
634 256 664 296 ex
677 245 741 308 parte
754 241 853 294 aversio-

53 318 105 381 nia,
125 330 177 382 qua
191 316 336 382 principalior
347 321 383 369 ert
395 316 422 368 in
433 319 534 380 peceato

84 391 123 441 Ad
145 390 243 456 primurn
263 402 317 451 ergo
340 387 473 449 dicendum,
489 387 549 452 qndd
570 388 675 453 superbia
699 387 781 438 dieitur
800 401 853 439 esre

51 462 130 513 omnia
144 460 233 525 wanti
249 459 356 519 initum,
369 472 415 510 non
424 460 478 522 quia
494 459 610 524 quodlibet
622 463 739 523 peceatum
753 459 852 522 singula-

51 534 111 584 riter
128 546 158 584 ex
177 532 282 597 superbia
300 530 398 595 oriatur,
416 533 455 583 aed
474 531 528 596 quia
545 531 660 595 quodlibet
678 544 750 594 genus
765 531 851 596 peooari

53 609 136 657 natura
151 609 187 655 eat
198 617 228 655 au
241 603 347 669 superbia
359 598 421 654 oriri.

85 678 125 727 Ad
137 677 261 728 mudum
275 675 407 735 dandum,
418 673 478 738 qnbd
494 675 644 739 «apostatare
656 673 670 724 a
684 675 731 724 lteo
744 690 757 721 n
772 674 855 725 dicitur

52 762 107 801 esee
115 747 227 812 superbiae
238 749 344 797 burnanae
353 746 474 810 judicium,
486 759 532 796 uon
546 745 611 808 quael
624 746 715 810 aliquod
728 745 788 795 aliud
802 757 854 808 peo-

52 825 133 870 oatunr
146 818 159 868 d
173 816 278 881 aoperbia
290 817 405 881 orietani,
417 817 458 867 aed
469 817 521 881 quia
532 821 568 868 est
579 817 651 881 prima
665 815 777 881 superbie
791 829 853 880 pars.

52 893 145 942 ltiotura
158 894 193 941 eet
209 891 273 940 enim
290 889 350 953 qubd
363 888 470 953 auperbia
479 887 634 954 principaliter
648 888 742 953 respicit
759 888 855 952 subjee-

52 964 143 1015 tionero
156 961 271 1024 divinem,
283 974 351 1025 quarn
362 960 503 1011 contemnit:
515 974 544 1011 ex
557 975 601 1024 quo
616 960 765 1024 consequenti
779 963 853 1010 autera

52 1034 182 1087 contempit
192 1031 273 1096 subjici
285 1036 393 1083 ereatura
406 1037 499 1098 propter
512 1033 593 1084 bean

88 1108 121 1159 ld
133 1106 224 1157 tertium
234 1103 368 1167 dieendirnu,
380 1104 441 1169 qudd
457 1117 504 1155 non
515 1109 602 1168 oportet
613 1117 663 1156 esse
677 1102 783 1154 eumdem
794 1103 854 1155 ordi·

52 1191 109 1231 nem
123 1178 234 1227 matun
247 1178 270 1225 et
283 1174 400 1225 uitiorum.
419 1177 477 1226 llam
491 1175 571 1226 ritiuro
587 1180 622 1226 eet
638 1175 791 1240 corruptivum
809 1177 855 1226 uir·

54 1251 121 1301 lutis.
137 1249 163 1299 ld
177 1251 254 1298 annm
272 1263 287 1294 u
299 1246 359 1310 quod
378 1250 415 1296 eet
426 1246 524 1310 primunr
537 1247 561 1295 in
574 1246 731 1310 generatione,
748 1251 784 1298 eet
801 1261 856 1311 pos·

51 1327 154 1374 tremum
166 1320 191 1370 in
205 1317 350 1382 corruptione
367 1333 374 1366 ι
390 1334 405 1366 u
417 1321 440 1368 et
452 1317 504 1368 ideo
513 1317 575 1368 'siout
586 1318 641 1368 tides
653 1321 689 1369 eat
701 1319 774 1382 priona
786 1317 857 1368 uirtu-

53 1398 122 1455 tum,
132 1392 165 1441 ita
184 1389 306 1440 inddelitaa
316 1393 352 1440 eet
364 1389 468 1439 ultimum
486 1393 642 1452 poenorum
661 1390 688 1440 ad
704 1404 771 1455 quarn
788 1391 856 1444 bourn

53 1465 194 1530 quandoque
202 1462 292 1527 peralta
300 1464 392 1525 peeoata
400 1461 540 1525 perducitur.
548 1461 612 1512 llnde
620 1473 689 1526 super
695 1462 750 1512 illud
760 1462 854 1514 Peolm.

52 1535 186 1589 cxxxvi:
204 1551 219 1582 u
232 1533 365 1597 ltaiuauite,
382 1533 496 1584 exinanite
514 1545 587 1597 usqua
601 1534 628 1584 ad
645 1534 816 1584 tundamentum
831 1535 856 1584 in

53 1622 92 1672 ea,
103 1625 118 1655 »
128 1606 183 1656 dicit
195 1605 274 1656 tibear
283 1605 342 1669 quod
355 1622 370 1651 u
380 1605 551 1656 ooaoe'ruatiooe
560 1606 667 1656 uitiorum
682 1605 784 1669 subrepit
798 1605 858 1656 oill-

53 1679 169 1733 dentiae
181 1679 211 1728 bl
224 1678 346 1740 dpoetolns
355 1676 410 1727 dioit
422 1678 442 1727 l.
453 1677 488 1726 od
500 1677 616 1733 rumolt..
630 1678 653 1738 l,
668 1677 727 1740 qnod
739 1693 752 1724 o
763 1677 856 1740 qnidam

52 1753 194 1818 repellentes
206 1749 366 1801 emeoieutiarn
375 1749 471 1809 bonurn
481 1748 542 1798 oirou
550 1749 616 1800 idern
631 1749 855 1812 naufragaverunt.»

89 1825 125 1874 ed
137 1826 241 1887 quartum
252 1820 385 1883 dimotum,
398 1818 459 1883 qudi
472 1818 578 1882 superbia
592 1818 675 1869 dieitur
689 1833 739 1870 eene
749 1820 856 1882 grauissi-

54 1909 123 1949 nrunr
131 1897 290 1959 peoeatorurn3
305 1905 336 1942 ex
350 1903 378 1942 ao
391 1890 451 1955 qobd
463 1903 506 1954 per
522 1903 547 1940 ee
560 1890 668 1955 oonrpetit
680 1891 792 1956 principio
804 1930 811 1952 ,
828 1905 857 1942 ex

54 1981 106 2035 qno
119 1965 245 2018 anaaditur
258 1963 356 2026 paritas
374 1962 400 2012 iu
417 1965 527 2026 peecat03
547 1966 570 2013 at
586 1961 638 2012 ideo
658 1962 769 2026 superbia
779 1966 858 2013 canent

54 2039 195 2106 multatam
204 2035 299 2086 albenni
308 2039 463 2099 peoonorunr.
474 2032 592 2096 Contingit
601 2044 655 2096 ergo
664 2036 716 2083 ante
724 2034 858 2097 superbiam

52 2125 110 2165 esea
122 2109 198 2172 aliqua
211 2110 303 2172 parente
318 2106 435 2170 grauiora,
451 2119 502 2168 qun
517 2105 585 2155 etiarn
600 2118 628 2154 ex
638 2104 764 2168 ignorantia
773 2106 810 2155 vel
822 2105 859 2155 in·

54 2182 165 2235 omine
178 2178 355 2230 oaarmittuntur.
365 2178 410 2229 Sed
424 2176 485 2226 inter
496 2175 698 2241 grauiona'peooota
712 2175 811 2242 primurn
824 2177 859 2228 eat

54 2253 168 2318 superbia
182 2251 241 2302 aient
260 2263 329 2301 mora
345 2263 387 2312 per
402 2261 470 2313 quani
487 2249 531 2299 alia
548 2251 642 2312 peecata
659 2250 822 2312 aggravandum
835 2251 859 2299 et

54 2326 114 2394 quia
129 2325 153 2374 id
162 2321 374 2388 quodeetprimnm
388 2322 414 2371 io
423 2321 536 2371 annullo
547 2323 654 2384 peecata,
671 2322 706 2370 eet
720 2318 789 2370 etiam
804 2317 859 2368 ulti·

55 2394 156 2450 munio
164 2393 310 2456 mondo),
319 2391 511 2456 idaoeuperillud
521 2389 588 2441 Prot.
600 2391 680 2453 lllllll,
693 2390 860 2441 «emundabor

54 2485 70 2522 a
85 2467 172 2520 delicto
180 2463 292 2528 maximo,
301 2479 317 2512 rr
328 2463 384 2515 diait
393 2464 486 2521 (ibere,
500 2465 569 2512 uhoo
578 2465 612 2514 eet
623 2461 636 2513 l
646 2462 729 2512 delioto
738 2462 858 2526 superbia,

55 2541 120 2608 quod
135 2542 172 2590 eet
184 2533 290 2588 ultinrunr
303 2536 451 2588 redeuntibus
467 2537 496 2587 ad
506 2535 591 2598 monn,
609 2537 632 2584 et
643 2533 742 2598 primunr
753 2534 860 2586 receden-

55 2613 124 2666 tibus
141 2610 156 2661 l
174 2611 254 2660 beon

92 2684 127 2734 nd
142 2682 246 2745 quintum
262 2681 398 2743 beandum,
413 2680 473 2745 qubd
487 2679 639 2742 Pbiloeopbue
651 2679 860 2744 poniteuperbinur

50 2756 122 2807 eirea
140 2750 255 2804 aermon
267 2751 414 2815 tortitudinis,
429 2764 475 2801 non
489 2751 541 2815 quia
555 2750 629 2802 selbun
641 2751 664 2800 in
676 2751 722 2802 boe
735 2752 859 2814 consistat,
947 2795 948 2814 2

56 2826 104 2879 aed
118 2824 174 2889 qnia
190 2837 231 2888 per
244 2824 288 2874 boe
302 2825 370 2874 borno
386 2826 476 2888 reputat
494 2821 565 2886 magis
582 2835 606 2873 se
617 2835 685 2888 posse
702 2824 859 2876 excellentiam

57 2897 126 2964 apud
139 2895 244 2950 bouiueu
252 2895 371 2962 annoqu,
382 2894 486 2948 aieudu
495 2894 534 2946 rel
546 2893 612 2948 dordr
623 2895 736 2949 rideatur.
