1934 3284
313 202 344 239 υἱ
358 202 554 243 mammons.
784 198 832 246 509

64 275 111 327 Sed
122 277 199 329 contra
213 279 258 339 est,
270 276 331 341 qudd
339 278 493 345 Philosophus
504 280 557 333 dicit
567 281 591 333 iu
604 284 633 334 ll.
648 288 671 335 et
682 284 722 335 ltt.
731 284 827 341 Etlic„

36 346 94 411 qudd
104 347 271 412 «magnanimo
286 349 407 415 opponitur
415 365 455 415 per
466 364 583 408 excessum
592 357 710 419 conamen
720 373 735 403 u
745 356 768 406 id
785 361 829 419 cst,

35 421 150 482 fumosus
163 420 200 472 vel
210 422 337 479 ventosus,
347 436 415 487 quem
426 436 469 474 uos
481 422 577 475 dicimus
587 430 830 492 presumptuosum.

67 492 225 556 (Concessio.
241 518 271 529 —
281 494 432 558 Prosumptiu
449 495 629 559 magnanimitati
647 498 778 549 adversatur
788 513 830 565 pet
922 522 925 527 ·

36 577 164 627 excessum,
176 563 301 615 secuudum
312 564 479 632 proportionem
492 567 587 631 pmpriae
598 566 738 634 facultatis.)

64 636 202 699 Respondeo
217 636 345 701 dicendum,
355 637 415 701 qudd
428 638 486 689 sicut
496 638 564 703 suprl
575 640 661 689 dictum
669 645 704 691 est
716 642 765 705 (qu.
775 646 831 704 13⁰,

35 710 75 757 art.
91 712 106 756 3
123 704 211 771 adt),
225 708 399 772 magnanimitas
415 709 555 761 consistitis
576 710 662 774 medio;
679 725 725 763 uon
743 712 834 775 quidem

35 778 160 842 sccundirm
176 780 325 843 quantitatem
345 782 395 846 ejus
411 780 437 831 iu
456 783 517 845 quod
536 780 624 845 tendit,
638 783 692 845 quia
712 783 786 834 tendit
807 784 831 835 iu

36 852 174 913 marimum,
184 851 225 901 sed
240 852 387 903 constituitur
398 852 424 904 in
438 854 514 905 medio
529 854 652 905 socunddm
665 854 834 919 proportionem

35 922 61 971 ad
71 921 189 986 propriam
196 923 340 988 facmtatem3
355 937 402 975 nou
413 926 474 975 enim
486 926 514 977 ad
528 926 615 989 majora
627 925 700 975 tendit
712 924 780 989 quim
791 927 835 977 sibi

35 993 182 1044 conveniant.
197 994 390 1060 Praesumptuosus
407 1001 485 1049 autem
505 1001 613 1061 quantum
636 997 706 1048 adid
728 998 752 1047 in
772 998 834 1061 quod

36 1064 121 1124 tendit,
134 1078 182 1115 uon
196 1067 287 1117 excedit
304 1068 647 1133 magnanimum;sedmulti1m
660 1070 795 1133 quaudoque
807 1070 835 1121 alr

34 1149 61 1186 co
75 1134 165 1187 deficit
175 1138 271 1188 Excedit
284 1143 360 1189 antem
373 1139 498 1191 secuuddm
514 1140 683 1205 proportionem
701 1154 747 1193 sucu
766 1141 836 1191 fecul-

34 1208 102 1272 tatis‚
116 1221 188 1272 quam
204 1211 361 1273 magnanimus
374 1224 421 1262 oon
438 1210 588 1262 transcendit.
603 1212 631 1261 Et
644 1213 688 1263 lroc
699 1213 764 1281 modo
778 1224 836 1276 prm·

36 1280 136 1345 sumptio
154 1280 275 1345 opponitur
288 1282 470 1347 magnanimitati
484 1296 526 1347 per
541 1295 667 1333 excessum.

64 1353 98 1402 rid
112 1353 212 1417 primum
226 1366 279 1417 erqo
291 1354 420 1417 dicendum,
434 1352 495 1418 quod
510 1367 554 1405 nou
568 1354 676 1417 quelibet
688 1354 836 1419 praesumptio

36 1424 128 1487 ponitur
138 1428 258 1489 peccatum
270 1426 294 1475 in
309 1425 420 1490 Spiritum
431 1428 535 1477 sanctum
542 1464 551 1490 ,
566 1426 607 1477 sed
620 1425 658 1476 illa
669 1439 714 1491 qua
727 1425 779 1489 quis
797 1428 835 1478 di-

36 1494 111 1544 iiuam
127 1494 240 1557 justitiam
252 1498 392 1561 coutemnit,
408 1512 438 1549 er
458 1497 585 1550 inordinate
602 1497 737 1549 confidentia
753 1497 851 1551 divium

36 1565 197 1617 misericordie
213 1581 218 1615 :
232 1570 256 1617 et
268 1568 321 1618 talis
337 1568 484 1633 presumptio
496 1568 583 1619 ratione
597 1568 714 1632 materie,
727 1568 752 1617 iu
766 1582 838 1633 qnan-

37 1639 82 1686 tum
96 1635 188 1687 scilicct
197 1651 237 1702 per
250 1644 301 1689 eam
318 1640 471 1691 contemuitur
484 1638 569 1703 aliquid
582 1640 701 1702 divinum,
717 1640 837 1703 opponitur

38 1706 142 1758 charitati
156 1709 192 1758 uel
203 1708 279 1773 petiis
292 1710 351 1762 douo
365 1711 467 1770 timoris,
483 1712 549 1775 cujus
562 1715 597 1761 cst
609 1712 678 1761 Deum
689 1710 797 1777 reuereri.
811 1712 838 1761 lu

39 1784 148 1841 quantum
160 1784 236 1830 umen
247 1780 298 1831 talis
309 1785 454 1846 contemptus
462 1781 552 1833 excedit
562 1782 731 1846 proportionem
742 1781 838 1847 proprie

39 1849 166 1910 facultatis,
180 1854 256 1915 potest
268 1852 352 1917 opponi
366 1852 556 1917 magmoimitati.

67 1924 101 1972 dd
117 1923 243 1972 secuudum
265 1923 400 1984 dicendum,
412 1924 473 1988 quod
493 1924 553 1973 sicut
572 1924 746 1986 rnaguauimitas
765 1923 798 1976 ita
815 1928 838 1976 et

40 1994 187 2059 presumptio
205 1993 231 2045 in
249 1994 340 2059 aliquod
361 2009 467 2059 maguum
481 1993 685 2048 comminetur.
708 1996 760 2052 Nou
777 1995 838 2046 euim

39 2066 135 2117 mollium
151 2067 270 2117 cousuevit
282 2065 328 2117 dici
346 2065 429 2129 aliquis
444 2068 674 2129 presumptuosus,
690 2066 710 2116 si
723 2067 748 2117 iu
764 2066 839 2129 aliquo

39 2138 126 2188 modico
140 2136 200 2187 vires
213 2138 316 2203 proprias
331 2138 485 2189 mausceudat.
502 2138 527 2187 Si
538 2141 616 2189 tamen
630 2137 684 2188 talis
699 2153 839 2203 praesump-

41 2210 128 2262 tuosus
148 2208 243 2271 dicator,
255 2211 306 2260 haec
316 2208 464 2273 presumptio
481 2222 530 2259 non
545 2208 667 2272 opponitur
686 2209 838 2273 magnanimi-

40 2280 93 2348 tati,
111 2278 154 2331 scd
167 2279 199 2330 ilii
217 2280 295 2331 rituti
309 2282 409 2345 quaest
422 2280 481 2331 circa
499 2278 624 2333 mediocres
634 2281 741 2344 honores,
753 2284 779 2330 ut
793 2280 840 2331 dio

41 2353 86 2401 tum
101 2354 146 2403 cst.

69 2424 104 2473 nd
118 2422 210 2472 tertium
228 2422 367 2487 dicendum,
383 2423 444 2487 qudd
456 2424 533 2474 nullus
550 2425 650 2474 attentat
671 2422 757 2485 aliquid
772 2424 840 2488 sopri

40 2506 102 2544 mam
115 2494 260 2557 facultatem,
276 2494 322 2545 nisi
338 2495 364 2545 iu
380 2499 489 2559 qnantum
510 2496 644 2546 facultatem
663 2506 728 2544 suam
743 2495 841 2547 estimat

41 2568 149 2631 mojorem
169 2566 236 2629 quim
251 2566 295 2630 sit,
310 2567 369 2617 circa
390 2568 451 2632 quod
467 2572 543 2633 polest
565 2579 615 2618 esse
636 2573 700 2617 error
712 2566 839 2630 dupliciter.

42 2638 90 2689 Uno
108 2637 331 2701 modo,secmrdi1m
349 2639 419 2691 solam
437 2640 600 2705 quantitatem3
616 2638 672 2705 pute
691 2637 742 2689 ciam
759 2640 841 2706 aliquis

42 2711 140 2761 estimat
154 2722 180 2760 se
195 2710 279 2762 trahere
293 2714 402 2774 majorem
413 2712 523 2762 uirtutem
534 2749 541 2774 ‚
551 2712 589 2762 uel
602 2710 741 2775 scientiam,
752 2712 790 2763 vel
800 2713 841 2763 ali-

43 2782 97 2844 quid
104 2781 381 2847 atiuduupsroodfqnim
390 2784 481 2836 habeat.
492 2782 540 2835 auo
548 2784 623 2845 modo,
631 2783 757 2837 eecuuddm
770 2798 841 2848 genus

44 2853 88 2918 rei3
102 2853 170 2920 puli,
187 2852 239 2904 cium
253 2854 336 2919 aliquis
349 2869 379 2905 en
389 2856 433 2906 hoe
445 2854 543 2909 estimat
555 2869 580 2911 sc
596 2868 703 2919 magnum
717 2860 740 2907 et
753 2856 842 2921 maguis

44 2925 152 2991 dignum,
166 2940 197 2978 ex
209 2940 255 2993 quo
267 2941 314 2980 uon
330 2930 380 2994 est3
398 2927 466 2994 pau„
477 2930 569 2994 propter
582 2928 685 2995 dudo,
699 2928 737 2983 uel
750 2932 842 2993 propter
