1934 3284
112 202 158 253 lte
234 212 342 253 monson
355 200 482 264 mensus,
497 205 590 259 osser.
606 205 677 263 sest,
694 213 748 253 sur.
763 199 782 251 l.

113 291 316 356 proportionatum.
331 290 396 341 Finis
416 294 492 341 aulem
507 291 580 341 divini
592 290 666 340 onltds
679 294 728 354 est,
745 293 770 339 nt
784 291 856 342 bomo
872 292 948 346 Deo

114 362 152 413 det
166 363 291 426 gloriamsi
307 362 330 413 ei
345 376 369 413 se
386 362 576 426 subjiciatmente
588 366 612 413 et
625 374 727 426 corpore.
743 362 771 411 Et
781 361 836 411 ideo
849 366 947 426 punic-

113 434 167 497 quid
176 434 244 483 bomo
254 433 324 483 iaciat
334 433 394 497 qnod
405 434 503 497 pertinet
513 434 542 483 ad
552 434 593 483 llei
601 434 694 497 gloriam
701 470 710 497 ,
719 436 742 483 et
755 434 840 483 adhoc
853 436 947 499 qubd

114 517 180 555 mens
198 504 300 555 bominis
318 506 364 555 llso
378 504 528 569 subjiciatur,
549 509 574 554 et
591 503 659 554 etium
676 517 759 568 eorpus
777 516 820 568 per
838 508 949 558 mode-

114 579 185 625 ratum
206 574 389 627 refrenationem
411 576 660 640 concupiscentiarum,
683 574 807 626 secuudbm
832 576 880 627 llei
911 587 947 630 et

114 645 221 697 Ecclesiae
234 647 397 699 ordinationem
417 652 440 698 et
453 647 642 698 cousuetudinem
655 660 732 699 eorum
746 648 830 710 qulbus
848 649 946 703 bomo

115 716 229 779 convivit,
243 728 289 769 non
307 722 343 769 est
359 720 498 783 superfluum
517 718 542 769 in
559 718 638 769 divino
652 720 722 768 cultu.
738 718 764 768 Si
782 722 862 769 aulem
880 723 945 772 ali-

115 790 167 854 quid
184 790 214 839 slt
221 826 229 852 ,
244 790 304 853 quod
319 790 442 855 (qnsrrtum
457 794 494 841 est
503 790 532 841 de
545 790 586 852 sel
602 803 648 841 non
661 791 762 854 pertinet
772 790 801 839 ad
815 791 858 841 liei
870 794 943 855 glo-

116 860 186 925 rium,
202 872 275 925 nepus
290 864 317 913 ed
327 864 375 928 'boe
386 862 446 926 qubd
459 876 524 913 meus
534 861 634 912 bominis
644 862 731 912 feratur
743 861 767 911 in
780 862 867 925 Deum,
883 872 942 916 aut

116 931 178 996 qubd
188 934 263 985 omnis
273 934 461 999 concupiscentie
473 933 605 984 inordinate
618 934 780 997 relraeneutur3
797 936 942 987 autetiam

116 1004 137 1054 si
156 1005 185 1055 sit
205 1010 287 1070 preter
303 1006 343 1057 llei
358 1011 380 1059 et
394 1006 500 1057 Euelesie
517 1006 698 1067 institutionem,
713 1006 750 1055 uel
764 1012 848 1055 eontra
867 1020 943 1059 eon-

118 1077 260 1131 suetudinem
274 1089 430 1138 communem,
445 1089 495 1141 que
515 1076 638 1128 seeundbm
658 1077 809 1141 augustinum
828 1077 939 1142 (Epist.

118 1147 236 1211 Llllllll'l)
252 1150 355 1213 prolege
369 1148 470 1199 habenda
480 1152 524 1209 est,
538 1152 610 1199 tolum
620 1149 665 1199 boe
678 1148 828 1212 reputandum
838 1155 877 1199 est
887 1164 941 1202 su-

119 1220 229 1283 perfluum
243 1224 266 1271 et
282 1220 479 1285 superstitiosum
496 1220 548 1283 quis
567 1221 592 1270 in
605 1220 754 1271 exterioribus
772 1216 848 1271 solem
869 1236 942 1275 con—

120 1290 217 1353 sistens,
233 1292 258 1341 sd
274 1291 404 1343 interiorem
417 1293 457 1343 llei
471 1293 556 1341 cubum
567 1305 614 1342 nou
631 1290 737 1355 pertinet.
752 1290 816 1341 Unde
833 1295 941 1359 bogus-

119 1361 181 1411 tinus
193 1362 218 1413 in
226 1363 268 1413 lib.
284 1364 320 1413 De
333 1378 391 1415 oeno
404 1364 527 1427 outlpiooe
540 1364 601 1427 (esp.
615 1363 650 1426 s),
664 1362 751 1412 inducit
761 1362 822 1427 quod
835 1357 938 1417 dieitur

121 1434 192 1493 Luc„
209 1434 286 1485 llllll:
305 1436 433 1499 «Regnum
445 1434 486 1485 liei
499 1435 558 1485 intra
572 1448 614 1486 sos
627 1437 663 1484 est
668 1471 677 1497 ,
692 1451 706 1481 o
720 1437 800 1485 contre
810 1433 942 1500 supersti-

119 1503 207 1571 tiosos,
225 1510 264 1570 qul
284 1507 369 1559 seilicet
387 1505 538 1558 exterioribus
557 1505 706 1571 principalem
725 1517 803 1555 eurem
825 1506 941 1573 impen-

122 1575 185 1628 dnnl.

154 1650 186 1700 dd
201 1651 296 1716 primum
310 1664 363 1715 ergo
375 1652 513 1713 dicendum,
525 1651 586 1715 quod
602 1651 627 1701 in
641 1651 691 1715 ipss
702 1651 742 1701 liei
757 1650 938 1715 poniumtione

121 1720 250 1786 implicetur
263 1723 321 1787 qubd
336 1724 359 1773 id
373 1724 432 1787 quod
448 1724 474 1773 dt
486 1724 584 1787 pertinet
596 1723 673 1773 adllei
686 1722 795 1786 gloriam,
809 1735 853 1787 por
862 1729 935 1788 quod

123 1794 249 1846 excluditur
263 1795 431 1859 superstitionis
442 1796 594 1859 superfluitas.
887 1850 892 1856 ⁴

155 1867 188 1915 dd
204 1867 329 1917 secuudum
342 1866 459 1916 dioendum
466 1903 474 1929 ,
485 1866 547 1929 qubd
564 1880 605 1931 per
616 1866 697 1931 fidem,
713 1868 813 1931 spernet
824 1868 936 1921 ebarita-

85 1938 89 1945 '
124 1941 179 1999 tem,
197 1936 272 1987 anima
284 1936 401 2001 subjicitur
413 1936 468 1999 Deo,
477 1940 537 1989 uude
552 1939 576 1989 in
585 1940 620 1989 eis
629 1952 675 1989 non
689 1941 823 2002 potestesse
834 1939 933 2003 aliquid

124 2006 276 2073 superllunm‘l
290 2008 349 2059 aiud
360 2012 434 2059 autem
445 2012 481 2059 est
491 2010 519 2060 de
528 2007 675 2061 exterioribus
685 2008 785 2070 actibus,
797 2008 836 2071 spui
849 2022 933 2075 quan-

94 2123 96 2129 ,
125 2080 198 2144 doque
211 2081 238 2131 ad
249 2080 297 2131 bec
311 2093 358 2131 uon
377 2080 501 2144 perlibens.
658 2089 662 2093 ·

157 2153 190 2203 td
206 2152 296 2203 tertium
307 2144 426 2203 dicendum
432 2191 440 2218 ,
451 2152 510 2218 qubd
527 2154 585 2205 mtto
595 2152 633 2204 illu
645 2152 747 2220 procedit
762 2153 790 2205 de
807 2155 934 2219 superfluo

126 2228 233 2291 quantum
253 2225 281 2276 ad
299 2225 447 2290 quantitatem
462 2226 597 2277 absolutam.

463 2419 565 2435 ῌ

384 2575 551 2652 QUAESTIO
569 2573 673 2652 xilla

223 2724 258 2768 De
269 2722 424 2777 edololmrso,
438 2727 468 2772 s'o
485 2730 592 2783 quator·
603 2727 725 2773 orttootor·
735 2715 832 2779 disten

160 2872 245 2925 Deinde
259 2874 444 2927 considerandum
457 2878 493 2927 est
504 2876 534 2927 de
546 2875 679 2931 idololatria.

161 2945 190 2997 lit
205 2946 263 2999 euim
277 2948 322 2999 boe
339 2952 468 3011 quaeruntur
484 2950 581 3013 quintum
594 2964 600 3000 :
613 2955 641 3001 t'
652 2949 732 3001 lltrbm
746 2947 873 3004 idololatris
893 2950 930 3007 rio
