<?xml version="1.0" encoding="UTF-8"?>
<!DOCTYPE html PUBLIC "-//W3C//DTD XHTML 1.0 Transitional//EN"
    "http://www.w3.org/TR/xhtml1/DTD/xhtml1-transitional.dtd">
<html xmlns="http://www.w3.org/1999/xhtml" xml:lang="en" lang="en">
 <head>
  <title>
</title>
<meta http-equiv="Content-Type" content="text/html;charset=utf-8" />
  <meta name='ocr-system' content='tesseract 3.04.00' />
  <meta name='ocr-capabilities' content='ocr_page ocr_carea ocr_par ocr_line ocrx_word'/>
</head>
<body>
  <div class='ocr_page' id='page_1' title='image "./summatheologica05nicogoog_0590.png"; bbox 0 0 1934 3284; ppageno 0'>
   <div class='ocr_carea' id='block_1_1' title="bbox 105 199 922 2703">
    <p class='ocr_par' dir='ltr' id='par_1_1' title="bbox 105 199 914 481">
     <span class='ocr_line' id='line_1_1' title="bbox 105 199 914 269; baseline -0.002 -12"><span class='ocrx_word' id='word_1_1' title='bbox 105 200 236 269; x_wconf 82' lang='lat' dir='ltr'><strong>dependet.</strong></span> <span class='ocrx_word' id='word_1_2' title='bbox 255 200 301 253; x_wconf 84' lang='lat' dir='ltr'><strong>Sed</strong></span> <span class='ocrx_word' id='word_1_3' title='bbox 317 199 518 266; x_wconf 84' lang='lat' dir='ltr'><strong>temperantiaest</strong></span> <span class='ocrx_word' id='word_1_4' title='bbox 535 199 594 251; x_wconf 87' lang='lat' dir='ltr'><strong>circa</strong></span> <span class='ocrx_word' id='word_1_5' title='bbox 611 212 703 265; x_wconf 78' lang='lat' dir='ltr'><strong>eaque</strong></span> <span class='ocrx_word' id='word_1_6' title='bbox 721 200 914 265; x_wconf 62' lang='lat' dir='ltr'><strong>morerer</strong></span> 
     </span>
     <span class='ocr_line' id='line_1_2' title="bbox 106 271 912 338; baseline 0.001 -12"><span class='ocrx_word' id='word_1_7' title='bbox 106 273 214 338; x_wconf 75' lang='lat' dir='ltr'><strong>nocuo,</strong></span> <span class='ocrx_word' id='word_1_8' title='bbox 226 272 384 325; x_wconf 84' lang='lat' dir='ltr'><strong>scilisetciroa</strong></span> <span class='ocrx_word' id='word_1_9' title='bbox 397 271 638 335; x_wconf 57' lang='lat' dir='ltr'><strong>oroeandemque</strong></span> <span class='ocrx_word' id='word_1_10' title='bbox 651 275 704 323; x_wconf 88' lang='lat' dir='ltr'><strong>suut</strong></span> <span class='ocrx_word' id='word_1_11' title='bbox 717 272 784 325; x_wconf 81' lang='lat' dir='ltr'><strong>uotis</strong></span> <span class='ocrx_word' id='word_1_12' title='bbox 797 276 821 325; x_wconf 85' lang='lat' dir='ltr'><strong>et</strong></span> <span class='ocrx_word' id='word_1_13' title='bbox 839 274 912 327; x_wconf 83' lang='lat' dir='ltr'><strong>tratis</strong></span> 
     </span>
     <span class='ocr_line' id='line_1_3' title="bbox 108 342 914 411; baseline 0.001 -15"><span class='ocrx_word' id='word_1_14' title='bbox 108 359 260 409; x_wconf 91' lang='lat' dir='ltr'><strong>communes,</strong></span> <span class='ocrx_word' id='word_1_15' title='bbox 270 344 304 394; x_wconf 92' lang='lat' dir='ltr'><strong>uti</strong></span> <span class='ocrx_word' id='word_1_16' title='bbox 314 344 395 395; x_wconf 89' lang='lat' dir='ltr'><strong>dicitnr</strong></span> <span class='ocrx_word' id='word_1_17' title='bbox 407 342 432 393; x_wconf 89' lang='lat' dir='ltr'><strong>in</strong></span> <span class='ocrx_word' id='word_1_18' title='bbox 447 344 487 394; x_wconf 92' lang='lat' dir='ltr'><strong>lll.</strong></span> <span class='ocrx_word' id='word_1_19' title='bbox 498 344 581 394; x_wconf 79' lang='lat' dir='ltr'><strong>Editio.</strong></span> <span class='ocrx_word' id='word_1_20' title='bbox 596 343 605 407; x_wconf 95' lang='lat'>(</span> <span class='ocrx_word' id='word_1_21' title='bbox 613 356 664 409; x_wconf 88' lang='lat' dir='ltr'><strong>cap.</strong></span> <span class='ocrx_word' id='word_1_22' title='bbox 679 348 723 407; x_wconf 76' lang='lat' dir='ltr'><strong>le,</strong></span> <span class='ocrx_word' id='word_1_23' title='bbox 733 345 811 396; x_wconf 79' lang='lat' dir='ltr'><strong>uelle</strong></span> <span class='ocrx_word' id='word_1_24' title='bbox 821 348 839 409; x_wconf 91' lang='grc'><strong>1.</strong></span> <span class='ocrx_word' id='word_1_25' title='bbox 852 346 914 411; x_wconf 68' lang='lat' dir='ltr'><strong>drgo</strong></span> 
     </span>
     <span class='ocr_line' id='line_1_4' title="bbox 107 414 724 481; baseline -0.005 -12"><span class='ocrx_word' id='word_1_26' title='bbox 107 417 263 481; x_wconf 69' lang='lat' dir='ltr'><strong>temperantia</strong></span> <span class='ocrx_word' id='word_1_27' title='bbox 276 430 324 469; x_wconf 93' lang='lat' dir='ltr'><strong>non</strong></span> <span class='ocrx_word' id='word_1_28' title='bbox 336 415 425 467; x_wconf 80' lang='lat' dir='ltr'><strong>ridetm</strong></span> <span class='ocrx_word' id='word_1_29' title='bbox 435 428 488 466; x_wconf 86' lang='lat' dir='ltr'><strong>esse</strong></span> <span class='ocrx_word' id='word_1_30' title='bbox 497 414 631 479; x_wconf 86' lang='lat' dir='ltr'><strong>principalis</strong></span> <span class='ocrx_word' id='word_1_31' title='bbox 643 416 724 467; x_wconf 72' lang='lat' dir='ltr'><strong>vidue</strong></span> 
     </span>
    </p>

    <p class='ocr_par' dir='ltr' id='par_1_2' title="bbox 108 485 915 984">
     <span class='ocr_line' id='line_1_5' title="bbox 144 485 914 553; baseline 0.001 -12"><span class='ocrx_word' id='word_1_32' title='bbox 144 494 169 541; x_wconf 79' lang='lat'><strong>2.</strong></span> <span class='ocrx_word' id='word_1_33' title='bbox 183 491 316 550; x_wconf 68' lang='lat' dir='ltr'><strong>Praeterea,</strong></span> <span class='ocrx_word' id='word_1_34' title='bbox 334 487 419 553; x_wconf 69' lang='lat' dir='ltr'><strong>manto</strong></span> <span class='ocrx_word' id='word_1_35' title='bbox 433 487 520 551; x_wconf 81' lang='lat' dir='ltr'><strong>aliquid</strong></span> <span class='ocrx_word' id='word_1_36' title='bbox 538 490 573 537; x_wconf 89' lang='lat' dir='ltr'><strong>est</strong></span> <span class='ocrx_word' id='word_1_37' title='bbox 586 485 659 550; x_wconf 71' lang='lat' dir='ltr'><strong>magis</strong></span> <span class='ocrx_word' id='word_1_38' title='bbox 671 486 841 552; x_wconf 80' lang='lat' dir='ltr'><strong>impetuosum,</strong></span> <span class='ocrx_word' id='word_1_39' title='bbox 850 489 914 542; x_wconf 80' lang='lat' dir='ltr'><strong>tanto</strong></span> 
     </span>
     <span class='ocr_line' id='line_1_6' title="bbox 108 558 915 625; baseline 0 -12"><span class='ocrx_word' id='word_1_40' title='bbox 108 560 232 613; x_wconf 82' lang='lat' dir='ltr'><strong>difficilius</strong></span> <span class='ocrx_word' id='word_1_41' title='bbox 239 560 390 611; x_wconf 67' lang='lat' dir='ltr'><strong>videturesse</strong></span> <span class='ocrx_word' id='word_1_42' title='bbox 399 560 429 610; x_wconf 86' lang='lat' dir='ltr'><strong>ad</strong></span> <span class='ocrx_word' id='word_1_43' title='bbox 438 559 613 611; x_wconf 76' lang='lat' dir='ltr'><strong>refrenandum.</strong></span> <span class='ocrx_word' id='word_1_44' title='bbox 622 558 667 609; x_wconf 85' lang='lat' dir='ltr'><strong>Sed</strong></span> <span class='ocrx_word' id='word_1_45' title='bbox 674 558 718 623; x_wconf 70' lang='lat' dir='ltr'><strong>ua,</strong></span> <span class='ocrx_word' id='word_1_46' title='bbox 730 572 798 625; x_wconf 83' lang='lat' dir='ltr'><strong>quam</strong></span> <span class='ocrx_word' id='word_1_47' title='bbox 808 561 915 613; x_wconf 71' lang='lat' dir='ltr'><strong>telmai</strong></span> 
     </span>
     <span class='ocr_line' id='line_1_7' title="bbox 110 628 913 699; baseline 0.001 -15"><span class='ocrx_word' id='word_1_48' title='bbox 110 633 279 695; x_wconf 84' lang='lat' dir='ltr'><strong>mansuetudo,</strong></span> <span class='ocrx_word' id='word_1_49' title='bbox 290 631 381 683; x_wconf 80' lang='lat' dir='ltr'><strong>videtur</strong></span> <span class='ocrx_word' id='word_1_50' title='bbox 394 646 446 683; x_wconf 89' lang='lat' dir='ltr'><strong>esse</strong></span> <span class='ocrx_word' id='word_1_51' title='bbox 461 630 611 696; x_wconf 82' lang='lat' dir='ltr'><strong>impetuosior</strong></span> <span class='ocrx_word' id='word_1_52' title='bbox 627 628 696 694; x_wconf 81' lang='lat' dir='ltr'><strong>quim</strong></span> <span class='ocrx_word' id='word_1_53' title='bbox 717 632 913 699; x_wconf 71' lang='lat' dir='ltr'><strong>oncupisooodr,</strong></span> 
     </span>
     <span class='ocr_line' id='line_1_8' title="bbox 111 702 912 769; baseline 0.001 -16"><span class='ocrx_word' id='word_1_54' title='bbox 111 718 184 769; x_wconf 85' lang='lat' dir='ltr'><strong>qnam</strong></span> <span class='ocrx_word' id='word_1_55' title='bbox 198 704 306 755; x_wconf 76' lang='lat' dir='ltr'><strong>mdaeuat</strong></span> <span class='ocrx_word' id='word_1_56' title='bbox 317 703 466 767; x_wconf 74' lang='lat' dir='ltr'><strong>temperantia</strong></span> <span class='ocrx_word' id='word_1_57' title='bbox 479 718 486 754; x_wconf 78' lang='lat' dir='ltr'><em>z</em></span> <span class='ocrx_word' id='word_1_58' title='bbox 499 702 581 753; x_wconf 89' lang='lat' dir='ltr'><strong>dicitur</strong></span> <span class='ocrx_word' id='word_1_59' title='bbox 597 702 659 753; x_wconf 88' lang='lat' dir='ltr'><strong>enim</strong></span> <span class='ocrx_word' id='word_1_60' title='bbox 672 702 800 764; x_wconf 69' lang='lat' dir='ltr'><strong>Proceri„</strong></span> <span class='ocrx_word' id='word_1_61' title='bbox 814 705 912 757; x_wconf 84' lang='lat' dir='ltr'><strong>xxvll:</strong></span> 
     </span>
     <span class='ocr_line' id='line_1_9' title="bbox 111 774 915 840; baseline 0.002 -15"><span class='ocrx_word' id='word_1_62' title='bbox 111 794 128 825; x_wconf 83' lang='lat' dir='ltr'><strong>d</strong></span> <span class='ocrx_word' id='word_1_63' title='bbox 137 778 175 827; x_wconf 93' lang='lat' dir='ltr'><strong>lra</strong></span> <span class='ocrx_word' id='word_1_64' title='bbox 192 788 238 827; x_wconf 90' lang='lat' dir='ltr'><strong>non</strong></span> <span class='ocrx_word' id='word_1_65' title='bbox 253 776 323 827; x_wconf 85' lang='lat' dir='ltr'><strong>hahet</strong></span> <span class='ocrx_word' id='word_1_66' title='bbox 336 775 531 837; x_wconf 83' lang='lat' dir='ltr'><strong>misericordiam,</strong></span> <span class='ocrx_word' id='word_1_67' title='bbox 545 788 588 826; x_wconf 90' lang='lat' dir='ltr'><strong>nec</strong></span> <span class='ocrx_word' id='word_1_68' title='bbox 602 786 724 839; x_wconf 89' lang='lat' dir='ltr'><strong>erumpens</strong></span> <span class='ocrx_word' id='word_1_69' title='bbox 739 774 816 840; x_wconf 79' lang='lat' dir='ltr'><strong>turor3</strong></span> <span class='ocrx_word' id='word_1_70' title='bbox 829 776 915 828; x_wconf 84' lang='lat' dir='ltr'><strong>etim·</strong></span> 
     </span>
     <span class='ocr_line' id='line_1_10' title="bbox 109 844 915 913; baseline 0 -14"><span class='ocrx_word' id='word_1_71' title='bbox 109 851 195 913; x_wconf 91' lang='lat' dir='ltr'><strong>petum</strong></span> <span class='ocrx_word' id='word_1_72' title='bbox 207 846 315 899; x_wconf 76' lang='lat' dir='ltr'><strong>mnciteti</strong></span> <span class='ocrx_word' id='word_1_73' title='bbox 333 846 429 911; x_wconf 80' lang='lat' dir='ltr'><strong>spiritis</strong></span> <span class='ocrx_word' id='word_1_74' title='bbox 443 846 504 897; x_wconf 84' lang='lat' dir='ltr'><strong>ferre</strong></span> <span class='ocrx_word' id='word_1_75' title='bbox 519 846 571 911; x_wconf 81' lang='lat' dir='ltr'><strong>puis</strong></span> <span class='ocrx_word' id='word_1_76' title='bbox 591 844 689 911; x_wconf 77' lang='lat' dir='ltr'><strong>poterit?</strong></span> <span class='ocrx_word' id='word_1_77' title='bbox 707 845 795 909; x_wconf 74' lang='lat' dir='ltr'><strong>»drgo</strong></span> <span class='ocrx_word' id='word_1_78' title='bbox 808 860 915 899; x_wconf 86' lang='lat' dir='ltr'><strong>mansue-</strong></span> 
     </span>
     <span class='ocr_line' id='line_1_11' title="bbox 109 916 721 984; baseline -0.007 -13"><span class='ocrx_word' id='word_1_79' title='bbox 109 921 170 971; x_wconf 89' lang='lat' dir='ltr'><strong>tudo</strong></span> <span class='ocrx_word' id='word_1_80' title='bbox 179 923 216 971; x_wconf 84' lang='lat' dir='ltr'><strong>est</strong></span> <span class='ocrx_word' id='word_1_81' title='bbox 231 918 377 984; x_wconf 83' lang='lat' dir='ltr'><strong>principalior</strong></span> <span class='ocrx_word' id='word_1_82' title='bbox 395 918 470 969; x_wconf 79' lang='lat' dir='ltr'><strong>virtus</strong></span> <span class='ocrx_word' id='word_1_83' title='bbox 479 918 548 983; x_wconf 76' lang='lat' dir='ltr'><strong>qnam</strong></span> <span class='ocrx_word' id='word_1_84' title='bbox 562 916 721 983; x_wconf 73' lang='lat' dir='ltr'><strong>temperantia.</strong></span> 
     </span>
    </p>

    <p class='ocr_par' dir='ltr' id='par_1_3' title="bbox 111 988 915 1343">
     <span class='ocr_line' id='line_1_12' title="bbox 144 988 914 1055; baseline 0.001 -14"><span class='ocrx_word' id='word_1_85' title='bbox 144 996 170 1041; x_wconf 76' lang='lat'><strong>3.</strong></span> <span class='ocrx_word' id='word_1_86' title='bbox 183 992 313 1051; x_wconf 66' lang='lat' dir='ltr'><strong>motu,</strong></span> <span class='ocrx_word' id='word_1_87' title='bbox 328 1003 381 1055; x_wconf 88' lang='lat' dir='ltr'><strong>spes</strong></span> <span class='ocrx_word' id='word_1_88' title='bbox 394 994 431 1041; x_wconf 91' lang='lat' dir='ltr'><strong>est</strong></span> <span class='ocrx_word' id='word_1_89' title='bbox 443 990 592 1055; x_wconf 80' lang='lat' dir='ltr'><strong>principalior</strong></span> <span class='ocrx_word' id='word_1_90' title='bbox 606 988 680 1040; x_wconf 86' lang='lat' dir='ltr'><strong>motos</strong></span> <span class='ocrx_word' id='word_1_91' title='bbox 693 988 774 1039; x_wconf 83' lang='lat' dir='ltr'><strong>enimu</strong></span> <span class='ocrx_word' id='word_1_92' title='bbox 787 988 855 1052; x_wconf 79' lang='lat' dir='ltr'><strong>quam</strong></span> <span class='ocrx_word' id='word_1_93' title='bbox 872 990 914 1043; x_wconf 92' lang='lat' dir='ltr'><strong>de-</strong></span> 
     </span>
     <span class='ocr_line' id='line_1_13' title="bbox 111 1060 914 1127; baseline -0.001 -13"><span class='ocrx_word' id='word_1_94' title='bbox 111 1062 226 1114; x_wconf 90' lang='lat' dir='ltr'><strong>siderium</strong></span> <span class='ocrx_word' id='word_1_95' title='bbox 233 1064 259 1112; x_wconf 89' lang='lat' dir='ltr'><strong>et</strong></span> <span class='ocrx_word' id='word_1_96' title='bbox 267 1061 461 1126; x_wconf 87' lang='lat' dir='ltr'><strong>concupiscentia,</strong></span> <span class='ocrx_word' id='word_1_97' title='bbox 469 1064 496 1111; x_wconf 89' lang='lat' dir='ltr'><strong>ut</strong></span> <span class='ocrx_word' id='word_1_98' title='bbox 507 1060 576 1127; x_wconf 79' lang='lat' dir='ltr'><strong>supra</strong></span> <span class='ocrx_word' id='word_1_99' title='bbox 588 1060 690 1113; x_wconf 69' lang='lat' dir='ltr'><strong>labium</strong></span> <span class='ocrx_word' id='word_1_100' title='bbox 699 1062 735 1111; x_wconf 91' lang='lat' dir='ltr'><strong>est</strong></span> <span class='ocrx_word' id='word_1_101' title='bbox 744 1060 778 1123; x_wconf 88' lang='lat' dir='ltr'><strong>(d,</strong></span> <span class='ocrx_word' id='word_1_102' title='bbox 788 1064 812 1120; x_wconf 78' lang='lat' dir='ltr'><strong>e,</strong></span> <span class='ocrx_word' id='word_1_103' title='bbox 823 1075 863 1125; x_wconf 79' lang='lat' dir='ltr'><strong>qn.</strong></span> <span class='ocrx_word' id='word_1_104' title='bbox 874 1066 914 1126; x_wconf 77' lang='grc'><strong>11,</strong></span> 
     </span>
     <span class='ocr_line' id='line_1_14' title="bbox 111 1131 915 1197; baseline 0 -12"><span class='ocrx_word' id='word_1_105' title='bbox 111 1138 161 1185; x_wconf 89' lang='lat' dir='ltr'><strong>art.</strong></span> <span class='ocrx_word' id='word_1_106' title='bbox 175 1133 219 1196; x_wconf 86' lang='lat' dir='ltr'><strong>t).</strong></span> <span class='ocrx_word' id='word_1_107' title='bbox 233 1132 279 1183; x_wconf 87' lang='lat' dir='ltr'><strong>Sed</strong></span> <span class='ocrx_word' id='word_1_108' title='bbox 295 1131 412 1183; x_wconf 77' lang='lat' dir='ltr'><strong>humilitas</strong></span> <span class='ocrx_word' id='word_1_109' title='bbox 427 1133 532 1185; x_wconf 79' lang='lat' dir='ltr'><strong>redensi</strong></span> <span class='ocrx_word' id='word_1_110' title='bbox 544 1131 742 1197; x_wconf 70' lang='lat' dir='ltr'><strong>prmumpttouou</strong></span> <span class='ocrx_word' id='word_1_111' title='bbox 760 1131 915 1185; x_wconf 73' lang='lat' dir='ltr'><strong>immoderate</strong></span> 
     </span>
     <span class='ocr_line' id='line_1_15' title="bbox 112 1202 915 1271; baseline 0.002 -18"><span class='ocrx_word' id='word_1_112' title='bbox 112 1204 175 1271; x_wconf 83' lang='lat' dir='ltr'><strong>spei.</strong></span> <span class='ocrx_word' id='word_1_113' title='bbox 183 1205 244 1269; x_wconf 77' lang='lat' dir='ltr'><strong>Ergo</strong></span> <span class='ocrx_word' id='word_1_114' title='bbox 256 1203 373 1254; x_wconf 83' lang='lat' dir='ltr'><strong>humilitas</strong></span> <span class='ocrx_word' id='word_1_115' title='bbox 383 1202 472 1255; x_wconf 81' lang='lat' dir='ltr'><strong>videtu</strong></span> <span class='ocrx_word' id='word_1_116' title='bbox 481 1216 532 1255; x_wconf 86' lang='lat' dir='ltr'><strong>essa</strong></span> <span class='ocrx_word' id='word_1_117' title='bbox 544 1202 689 1267; x_wconf 75' lang='lat' dir='ltr'><strong>principalior</strong></span> <span class='ocrx_word' id='word_1_118' title='bbox 697 1202 770 1253; x_wconf 80' lang='lat' dir='ltr'><strong>uirtus</strong></span> <span class='ocrx_word' id='word_1_119' title='bbox 779 1202 848 1267; x_wconf 80' lang='lat' dir='ltr'><strong>qutm</strong></span> <span class='ocrx_word' id='word_1_120' title='bbox 855 1208 915 1256; x_wconf 90' lang='lat' dir='ltr'><strong>tem·</strong></span> 
     </span>
     <span class='ocr_line' id='line_1_16' title="bbox 111 1274 660 1343; baseline -0.007 -15"><span class='ocrx_word' id='word_1_121' title='bbox 111 1277 235 1343; x_wconf 72' lang='lat' dir='ltr'><strong>pendia,</strong></span> <span class='ocrx_word' id='word_1_122' title='bbox 251 1291 304 1342; x_wconf 79' lang='lat' dir='ltr'><strong>que</strong></span> <span class='ocrx_word' id='word_1_123' title='bbox 322 1278 429 1327; x_wconf 79' lang='lat' dir='ltr'><strong>refrenat</strong></span> <span class='ocrx_word' id='word_1_124' title='bbox 445 1274 660 1341; x_wconf 83' lang='lat' dir='ltr'><strong>concupiscentiam.</strong></span> 
     </span>
    </p>

    <p class='ocr_par' dir='ltr' id='par_1_4' title="bbox 112 1345 916 1487">
     <span class='ocr_line' id='line_1_17' title="bbox 148 1345 916 1412; baseline -0.003 -11"><span class='ocrx_word' id='word_1_125' title='bbox 148 1350 194 1401; x_wconf 86' lang='lat' dir='ltr'><strong>Sed</strong></span> <span class='ocrx_word' id='word_1_126' title='bbox 206 1352 284 1399; x_wconf 87' lang='lat' dir='ltr'><strong>contra</strong></span> <span class='ocrx_word' id='word_1_127' title='bbox 296 1352 341 1411; x_wconf 88' lang='lat' dir='ltr'><strong>est,</strong></span> <span class='ocrx_word' id='word_1_128' title='bbox 353 1347 415 1412; x_wconf 81' lang='lat' dir='ltr'><strong>quod</strong></span> <span class='ocrx_word' id='word_1_129' title='bbox 423 1347 545 1411; x_wconf 69' lang='grc' dir='ltr'><strong>ὒιιςιιιιι</strong></span> <span class='ocrx_word' id='word_1_130' title='bbox 555 1346 581 1397; x_wconf 91' lang='lat' dir='ltr'><strong>in</strong></span> <span class='ocrx_word' id='word_1_131' title='bbox 591 1346 620 1398; x_wconf 94' lang='lat' dir='ltr'><strong>ll.</strong></span> <span class='ocrx_word' id='word_1_132' title='bbox 629 1345 768 1399; x_wconf 76' lang='lat' dir='ltr'><strong>Moralium</strong></span> <span class='ocrx_word' id='word_1_133' title='bbox 782 1346 848 1412; x_wconf 90' lang='lat' dir='ltr'><strong>ponit</strong></span> <span class='ocrx_word' id='word_1_134' title='bbox 858 1350 916 1399; x_wconf 81' lang='lat' dir='ltr'><strong>tem</strong></span> 
     </span>
     <span class='ocr_line' id='line_1_18' title="bbox 112 1419 588 1487; baseline -0.002 -16"><span class='ocrx_word' id='word_1_135' title='bbox 112 1420 245 1487; x_wconf 75' lang='lat' dir='ltr'><strong>peranfim</strong></span> <span class='ocrx_word' id='word_1_136' title='bbox 258 1419 317 1470; x_wconf 89' lang='lat' dir='ltr'><strong>iuter</strong></span> <span class='ocrx_word' id='word_1_137' title='bbox 331 1420 426 1470; x_wconf 69' lang='lat' dir='ltr'><strong>mtntes</strong></span> <span class='ocrx_word' id='word_1_138' title='bbox 440 1420 588 1485; x_wconf 81' lang='lat' dir='ltr'><strong>principales.</strong></span> 
     </span>
    </p>

    <p class='ocr_par' dir='ltr' id='par_1_5' title="bbox 112 1490 918 1699">
     <span class='ocr_line' id='line_1_19' title="bbox 150 1490 918 1572; baseline 0 -27"><span class='ocrx_word' id='word_1_139' title='bbox 150 1493 311 1558; x_wconf 66' lang='lat' dir='ltr'><strong>(mansio.</strong></span> <span class='ocrx_word' id='word_1_140' title='bbox 328 1518 361 1530; x_wconf 93' lang='lat'><em>-</em></span> <span class='ocrx_word' id='word_1_141' title='bbox 373 1492 532 1556; x_wconf 79' lang='lat' dir='ltr'><strong>Temperantia</strong></span> <span class='ocrx_word' id='word_1_142' title='bbox 551 1494 588 1543; x_wconf 89' lang='lat' dir='ltr'><strong>est</strong></span> <span class='ocrx_word' id='word_1_143' title='bbox 611 1490 683 1542; x_wconf 83' lang='lat' dir='ltr'><strong>uirtus</strong></span> <span class='ocrx_word' id='word_1_144' title='bbox 704 1490 841 1572; x_wconf 74' lang='grc' dir='ltr'><strong>ιιιιῑιιιι,</strong></span> <span class='ocrx_word' id='word_1_145' title='bbox 856 1490 918 1556; x_wconf 80' lang='lat' dir='ltr'><strong>qnod</strong></span> 
     </span>
     <span class='ocr_line' id='line_1_20' title="bbox 113 1562 917 1629; baseline 0 -12"><span class='ocrx_word' id='word_1_146' title='bbox 113 1564 241 1617; x_wconf 88' lang='lat' dir='ltr'><strong>moderatio</strong></span> <span class='ocrx_word' id='word_1_147' title='bbox 257 1565 323 1627; x_wconf 78' lang='lat' dir='ltr'><strong>(qnae</strong></span> <span class='ocrx_word' id='word_1_148' title='bbox 338 1567 373 1614; x_wconf 80' lang='lat' dir='ltr'><strong>est</strong></span> <span class='ocrx_word' id='word_1_149' title='bbox 389 1563 491 1615; x_wconf 89' lang='lat' dir='ltr'><strong>omnium</strong></span> <span class='ocrx_word' id='word_1_150' title='bbox 504 1564 615 1615; x_wconf 78' lang='grc' dir='ltr'><strong>ιίιιιιιιι</strong></span> <span class='ocrx_word' id='word_1_151' title='bbox 632 1562 792 1629; x_wconf 79' lang='lat' dir='ltr'><strong>communisl&#39;</strong></span> <span class='ocrx_word' id='word_1_152' title='bbox 785 1576 810 1613; x_wconf 90' lang='lat' dir='ltr'><strong>m</strong></span> <span class='ocrx_word' id='word_1_153' title='bbox 828 1566 917 1629; x_wconf 82' lang='lat' dir='ltr'><strong>tempe·</strong></span> 
     </span>
     <span class='ocr_line' id='line_1_21' title="bbox 112 1636 583 1699; baseline -0.011 -9"><span class='ocrx_word' id='word_1_154' title='bbox 112 1639 191 1690; x_wconf 88' lang='lat' dir='ltr'><strong>rantia</strong></span> <span class='ocrx_word' id='word_1_155' title='bbox 203 1636 327 1686; x_wconf 83' lang='lat' dir='ltr'><strong>maximam</strong></span> <span class='ocrx_word' id='word_1_156' title='bbox 337 1639 451 1687; x_wconf 87' lang='lat' dir='ltr'><strong>mereator</strong></span> <span class='ocrx_word' id='word_1_157' title='bbox 463 1636 564 1687; x_wconf 89' lang='lat' dir='ltr'><strong>laudem.</strong></span> <span class='ocrx_word' id='word_1_158' title='bbox 574 1638 583 1699; x_wconf 88' lang='grc'><strong>1</strong></span> 
     </span>
    </p>

    <p class='ocr_par' dir='ltr' id='par_1_6' title="bbox 111 1707 921 2490">
     <span class='ocr_line' id='line_1_22' title="bbox 145 1707 917 1774; baseline -0.003 -13"><span class='ocrx_word' id='word_1_159' title='bbox 145 1708 414 1774; x_wconf 77' lang='lat' dir='ltr'><strong>Respondeodlcsudum</strong></span> <span class='ocrx_word' id='word_1_160' title='bbox 421 1707 500 1774; x_wconf 78' lang='lat' dir='ltr'><strong>‚quod</strong></span> <span class='ocrx_word' id='word_1_161' title='bbox 509 1707 733 1773; x_wconf 75' lang='lat' dir='ltr'><strong>sicutsnpndictum</strong></span> <span class='ocrx_word' id='word_1_162' title='bbox 744 1710 779 1759; x_wconf 83' lang='lat' dir='ltr'><strong>est</strong></span> <span class='ocrx_word' id='word_1_163' title='bbox 790 1708 846 1773; x_wconf 83' lang='lat' dir='ltr'><strong>(qu</strong></span> <span class='ocrx_word' id='word_1_164' title='bbox 859 1712 917 1771; x_wconf 75' lang='grc'><strong>113,</strong></span> 
     </span>
     <span class='ocr_line' id='line_1_23' title="bbox 112 1778 918 1844; baseline -0.004 -11"><span class='ocrx_word' id='word_1_165' title='bbox 112 1780 394 1843; x_wconf 72' lang='lat' dir='ltr'><strong>art11‚etint,2‚.qn</strong></span> <span class='ocrx_word' id='word_1_166' title='bbox 405 1784 451 1841; x_wconf 81' lang='lat' dir='ltr'><strong>dl,</strong></span> <span class='ocrx_word' id='word_1_167' title='bbox 461 1782 505 1829; x_wconf 86' lang='lat' dir='ltr'><strong>art.</strong></span> <span class='ocrx_word' id='word_1_168' title='bbox 514 1782 551 1841; x_wconf 77' lang='lat' dir='ltr'><strong>tt,</strong></span> <span class='ocrx_word' id='word_1_169' title='bbox 562 1778 918 1844; x_wconf 71' lang='lat' dir='ltr'><strong>uduspriuctpolisseuccr-</strong></span> 
     </span>
     <span class='ocr_line' id='line_1_24' title="bbox 114 1850 919 1917; baseline 0 -13"><span class='ocrx_word' id='word_1_170' title='bbox 114 1854 218 1905; x_wconf 68' lang='lat' dir='ltr'><strong>deuotis</strong></span> <span class='ocrx_word' id='word_1_171' title='bbox 238 1851 335 1912; x_wconf 88' lang='lat' dir='ltr'><strong>dicitm,</strong></span> <span class='ocrx_word' id='word_1_172' title='bbox 351 1864 403 1914; x_wconf 76' lang='lat' dir='ltr'><strong>poe</strong></span> <span class='ocrx_word' id='word_1_173' title='bbox 417 1850 566 1915; x_wconf 74' lang='lat' dir='ltr'><strong>principalius</strong></span> <span class='ocrx_word' id='word_1_174' title='bbox 578 1850 682 1902; x_wconf 87' lang='lat' dir='ltr'><strong>laudatur</strong></span> <span class='ocrx_word' id='word_1_175' title='bbox 697 1864 726 1903; x_wconf 85' lang='lat' dir='ltr'><strong>ex</strong></span> <span class='ocrx_word' id='word_1_176' title='bbox 746 1852 821 1917; x_wconf 80' lang='lat' dir='ltr'><strong>adque</strong></span> <span class='ocrx_word' id='word_1_177' title='bbox 840 1866 919 1904; x_wconf 89' lang='lat' dir='ltr'><strong>eorum</strong></span> 
     </span>
     <span class='ocr_line' id='line_1_25' title="bbox 114 1920 920 1991; baseline 0 -16"><span class='ocrx_word' id='word_1_178' title='bbox 114 1939 168 1991; x_wconf 82' lang='lat' dir='ltr'><strong>quae</strong></span> <span class='ocrx_word' id='word_1_179' title='bbox 181 1921 332 1975; x_wconf 87' lang='lat' dir='ltr'><strong>communiter</strong></span> <span class='ocrx_word' id='word_1_180' title='bbox 346 1920 490 1985; x_wconf 75' lang='lat' dir='ltr'><strong>mquiruotur</strong></span> <span class='ocrx_word' id='word_1_181' title='bbox 503 1921 532 1971; x_wconf 89' lang='lat' dir='ltr'><strong>ad</strong></span> <span class='ocrx_word' id='word_1_182' title='bbox 548 1922 659 1973; x_wconf 72' lang='lat' dir='ltr'><strong>udonem</strong></span> <span class='ocrx_word' id='word_1_183' title='bbox 674 1922 775 1974; x_wconf 80' lang='lat' dir='ltr'><strong>vidctis.</strong></span> <span class='ocrx_word' id='word_1_184' title='bbox 795 1922 920 1975; x_wconf 76' lang='lat' dir='ltr'><strong>Moderatio</strong></span> 
     </span>
     <span class='ocr_line' id='line_1_26' title="bbox 115 1992 920 2059; baseline -0.001 -12"><span class='ocrx_word' id='word_1_185' title='bbox 115 2002 205 2057; x_wconf 75' lang='lat' dir='ltr'><strong>autem</strong></span> <span class='ocrx_word' id='word_1_186' title='bbox 219 2007 272 2059; x_wconf 75' lang='lat' dir='ltr'><strong>qun</strong></span> <span class='ocrx_word' id='word_1_187' title='bbox 286 1992 382 2042; x_wconf 89' lang='lat' dir='ltr'><strong>inomni</strong></span> <span class='ocrx_word' id='word_1_188' title='bbox 394 1992 477 2043; x_wconf 72' lang='lat' dir='ltr'><strong>ritule</strong></span> <span class='ocrx_word' id='word_1_189' title='bbox 486 1992 624 2057; x_wconf 83' lang='lat' dir='ltr'><strong>requiritur,</strong></span> <span class='ocrx_word' id='word_1_190' title='bbox 634 1994 876 2057; x_wconf 79' lang='lat' dir='ltr'><strong>prscipoelaudanilis</strong></span> <span class='ocrx_word' id='word_1_191' title='bbox 885 1999 920 2046; x_wconf 88' lang='lat' dir='ltr'><strong>est</strong></span> 
     </span>
     <span class='ocr_line' id='line_1_27' title="bbox 115 2064 919 2129; baseline -0.001 -11"><span class='ocrx_word' id='word_1_192' title='bbox 115 2068 143 2118; x_wconf 87' lang='lat' dir='ltr'><strong>in</strong></span> <span class='ocrx_word' id='word_1_193' title='bbox 162 2064 351 2118; x_wconf 77' lang='lat' dir='ltr'><strong>delectationibus</strong></span> <span class='ocrx_word' id='word_1_194' title='bbox 368 2064 460 2125; x_wconf 75' lang='lat' dir='ltr'><strong>tactos,</strong></span> <span class='ocrx_word' id='word_1_195' title='bbox 475 2064 537 2114; x_wconf 91' lang='lat' dir='ltr'><strong>circa</strong></span> <span class='ocrx_word' id='word_1_196' title='bbox 550 2078 606 2128; x_wconf 85' lang='lat' dir='ltr'><strong>quas</strong></span> <span class='ocrx_word' id='word_1_197' title='bbox 625 2069 660 2116; x_wconf 89' lang='lat' dir='ltr'><strong>est</strong></span> <span class='ocrx_word' id='word_1_198' title='bbox 679 2064 831 2129; x_wconf 86' lang='lat' dir='ltr'><strong>temperantia</strong></span> <span class='ocrx_word' id='word_1_199' title='bbox 848 2070 919 2119; x_wconf 87' lang='lat' dir='ltr'><strong>:tum</strong></span> 
     </span>
     <span class='ocr_line' id='line_1_28' title="bbox 117 2134 919 2204; baseline 0.004 -17"><span class='ocrx_word' id='word_1_200' title='bbox 117 2139 174 2204; x_wconf 79' lang='lat' dir='ltr'><strong>quia</strong></span> <span class='ocrx_word' id='word_1_201' title='bbox 189 2138 249 2188; x_wconf 86' lang='lat' dir='ltr'><strong>tales</strong></span> <span class='ocrx_word' id='word_1_202' title='bbox 265 2134 428 2185; x_wconf 59' lang='lat' dir='ltr'><strong>domitores</strong></span> <span class='ocrx_word' id='word_1_203' title='bbox 444 2136 500 2185; x_wconf 88' lang='lat' dir='ltr'><strong>suut</strong></span> <span class='ocrx_word' id='word_1_204' title='bbox 515 2135 588 2200; x_wconf 76' lang='lat' dir='ltr'><strong>magis</strong></span> <span class='ocrx_word' id='word_1_205' title='bbox 604 2134 671 2186; x_wconf 83' lang='lat' dir='ltr'><strong>nobis</strong></span> <span class='ocrx_word' id='word_1_206' title='bbox 687 2136 819 2200; x_wconf 87' lang='lat' dir='ltr'><strong>naturales,</strong></span> <span class='ocrx_word' id='word_1_207' title='bbox 831 2138 855 2187; x_wconf 89' lang='lat' dir='ltr'><strong>et</strong></span> <span class='ocrx_word' id='word_1_208' title='bbox 867 2135 919 2191; x_wconf 85' lang='lat' dir='ltr'><strong>ideo</strong></span> 
     </span>
     <span class='ocr_line' id='line_1_29' title="bbox 116 2205 921 2271; baseline -0.004 -8"><span class='ocrx_word' id='word_1_209' title='bbox 116 2207 235 2263; x_wconf 78' lang='lat' dir='ltr'><strong>difficilius</strong></span> <span class='ocrx_word' id='word_1_210' title='bbox 245 2211 282 2258; x_wconf 89' lang='lat' dir='ltr'><strong>est</strong></span> <span class='ocrx_word' id='word_1_211' title='bbox 291 2207 320 2257; x_wconf 83' lang='lat' dir='ltr'><strong>ab</strong></span> <span class='ocrx_word' id='word_1_212' title='bbox 330 2206 366 2257; x_wconf 87' lang='lat' dir='ltr'><strong>eis</strong></span> <span class='ocrx_word' id='word_1_213' title='bbox 379 2205 492 2257; x_wconf 81' lang='lat' dir='ltr'><strong>abstinere</strong></span> <span class='ocrx_word' id='word_1_214' title='bbox 503 2211 527 2258; x_wconf 91' lang='lat' dir='ltr'><strong>et</strong></span> <span class='ocrx_word' id='word_1_215' title='bbox 540 2206 735 2271; x_wconf 78' lang='lat' dir='ltr'><strong>concupiscentias</strong></span> <span class='ocrx_word' id='word_1_216' title='bbox 749 2220 827 2259; x_wconf 73' lang='lat' dir='ltr'><strong>mrum</strong></span> <span class='ocrx_word' id='word_1_217' title='bbox 842 2207 921 2260; x_wconf 81' lang='lat' dir='ltr'><strong>retre-</strong></span> 
     </span>
     <span class='ocr_line' id='line_1_30' title="bbox 117 2276 921 2343; baseline -0.004 -9"><span class='ocrx_word' id='word_1_218' title='bbox 117 2296 175 2334; x_wconf 87' lang='lat' dir='ltr'><strong>nare</strong></span> <span class='ocrx_word' id='word_1_219' title='bbox 191 2296 199 2331; x_wconf 78' lang='lat' dir='ltr'><em>z</em></span> <span class='ocrx_word' id='word_1_220' title='bbox 214 2284 264 2329; x_wconf 85' lang='lat' dir='ltr'><strong>tum</strong></span> <span class='ocrx_word' id='word_1_221' title='bbox 282 2278 352 2329; x_wconf 90' lang='lat' dir='ltr'><strong>etiam</strong></span> <span class='ocrx_word' id='word_1_222' title='bbox 370 2279 422 2343; x_wconf 81' lang='lat' dir='ltr'><strong>quia</strong></span> <span class='ocrx_word' id='word_1_223' title='bbox 440 2291 518 2329; x_wconf 86' lang='lat' dir='ltr'><strong>earum</strong></span> <span class='ocrx_word' id='word_1_224' title='bbox 533 2278 622 2343; x_wconf 77' lang='lat' dir='ltr'><strong>objecta</strong></span> <span class='ocrx_word' id='word_1_225' title='bbox 642 2276 714 2343; x_wconf 72' lang='lat' dir='ltr'><strong>magis</strong></span> <span class='ocrx_word' id='word_1_226' title='bbox 729 2281 783 2329; x_wconf 89' lang='lat' dir='ltr'><strong>suut</strong></span> <span class='ocrx_word' id='word_1_227' title='bbox 794 2279 921 2331; x_wconf 76' lang='grc' dir='ltr'><strong>ιιιιιιιιίι</strong></span> 
     </span>
     <span class='ocr_line' id='line_1_31' title="bbox 116 2348 920 2420; baseline 0 -19"><span class='ocrx_word' id='word_1_228' title='bbox 116 2351 228 2420; x_wconf 49' lang='lat' dir='ltr'><strong>praesenti</strong></span> <span class='ocrx_word' id='word_1_229' title='bbox 237 2350 302 2411; x_wconf 66' lang='lat' dir='ltr'><strong>ntae,</strong></span> <span class='ocrx_word' id='word_1_230' title='bbox 311 2354 337 2399; x_wconf 90' lang='lat' dir='ltr'><strong>ut</strong></span> <span class='ocrx_word' id='word_1_231' title='bbox 348 2362 377 2401; x_wconf 79' lang='lat' dir='ltr'><strong>es</strong></span> <span class='ocrx_word' id='word_1_232' title='bbox 387 2349 454 2400; x_wconf 88' lang='lat' dir='ltr'><strong>dietis</strong></span> <span class='ocrx_word' id='word_1_233' title='bbox 461 2354 525 2415; x_wconf 90' lang='lat' dir='ltr'><strong>patet</strong></span> <span class='ocrx_word' id='word_1_234' title='bbox 535 2348 544 2414; x_wconf 91' lang='lat'>(</span> <span class='ocrx_word' id='word_1_235' title='bbox 554 2354 597 2400; x_wconf 89' lang='lat' dir='ltr'><strong>art.</strong></span> <span class='ocrx_word' id='word_1_236' title='bbox 609 2354 624 2399; x_wconf 76' lang='lat'>2</span> <span class='ocrx_word' id='word_1_237' title='bbox 634 2350 654 2414; x_wconf 91' lang='lat'><strong>).</strong></span> <span class='ocrx_word' id='word_1_238' title='bbox 666 2348 756 2402; x_wconf 80' lang='lat' dir='ltr'><strong>ntideo</strong></span> <span class='ocrx_word' id='word_1_239' title='bbox 769 2350 920 2415; x_wconf 87' lang='lat' dir='ltr'><strong>temperantia</strong></span> 
     </span>
     <span class='ocr_line' id='line_1_32' title="bbox 111 2421 688 2490; baseline 0 -17"><span class='ocrx_word' id='word_1_240' title='bbox 111 2424 212 2490; x_wconf 82' lang='lat' dir='ltr'><strong>punitur</strong></span> <span class='ocrx_word' id='word_1_241' title='bbox 227 2421 301 2471; x_wconf 74' lang='lat' dir='ltr'><strong>duos</strong></span> <span class='ocrx_word' id='word_1_242' title='bbox 308 2423 466 2486; x_wconf 78' lang='lat' dir='ltr'><strong>principalis</strong></span> <span class='ocrx_word' id='word_1_243' title='bbox 479 2434 521 2473; x_wconf 89' lang='lat' dir='ltr'><strong>seu</strong></span> <span class='ocrx_word' id='word_1_244' title='bbox 535 2421 688 2473; x_wconf 79' lang='lat' dir='ltr'><strong>cardinalis.</strong></span> 
     </span>
    </p>

    <p class='ocr_par' dir='ltr' id='par_1_7' title="bbox 117 2492 922 2703">
     <span class='ocr_line' id='line_1_33' title="bbox 150 2492 922 2559; baseline -0.003 -12"><span class='ocrx_word' id='word_1_245' title='bbox 150 2498 184 2547; x_wconf 83' lang='lat' dir='ltr'><strong>ld</strong></span> <span class='ocrx_word' id='word_1_246' title='bbox 202 2494 301 2559; x_wconf 89' lang='lat' dir='ltr'><strong>primum</strong></span> <span class='ocrx_word' id='word_1_247' title='bbox 320 2507 374 2557; x_wconf 76' lang='lat' dir='ltr'><strong>erpo</strong></span> <span class='ocrx_word' id='word_1_248' title='bbox 392 2495 528 2559; x_wconf 85' lang='lat' dir='ltr'><strong>dicendum,</strong></span> <span class='ocrx_word' id='word_1_249' title='bbox 542 2494 603 2559; x_wconf 80' lang='lat' dir='ltr'><strong>quid</strong></span> <span class='ocrx_word' id='word_1_250' title='bbox 621 2492 686 2547; x_wconf 78' lang='lat' dir='ltr'><strong>tanto</strong></span> <span class='ocrx_word' id='word_1_251' title='bbox 704 2494 776 2559; x_wconf 85' lang='lat' dir='ltr'><strong>major</strong></span> <span class='ocrx_word' id='word_1_252' title='bbox 794 2493 922 2545; x_wconf 87' lang='lat' dir='ltr'><strong>ostenditur</strong></span> 
     </span>
     <span class='ocr_line' id='line_1_34' title="bbox 118 2565 921 2633; baseline -0.004 -14"><span class='ocrx_word' id='word_1_253' title='bbox 118 2567 210 2633; x_wconf 79' lang='lat' dir='ltr'><strong>agentis</strong></span> <span class='ocrx_word' id='word_1_254' title='bbox 219 2565 307 2628; x_wconf 81' lang='lat' dir='ltr'><strong>sirim,</strong></span> <span class='ocrx_word' id='word_1_255' title='bbox 319 2566 403 2629; x_wconf 83' lang='lat' dir='ltr'><strong>quanto</strong></span> <span class='ocrx_word' id='word_1_256' title='bbox 413 2566 438 2615; x_wconf 92' lang='lat' dir='ltr'><strong>io</strong></span> <span class='ocrx_word' id='word_1_257' title='bbox 451 2580 478 2617; x_wconf 89' lang='lat' dir='ltr'><strong>ea</strong></span> <span class='ocrx_word' id='word_1_258' title='bbox 489 2581 541 2631; x_wconf 76' lang='lat' dir='ltr'><strong>quae</strong></span> <span class='ocrx_word' id='word_1_259' title='bbox 554 2570 609 2617; x_wconf 92' lang='lat' dir='ltr'><strong>sunt</strong></span> <span class='ocrx_word' id='word_1_260' title='bbox 622 2566 696 2629; x_wconf 76' lang='lat' dir='ltr'><strong>magis</strong></span> <span class='ocrx_word' id='word_1_261' title='bbox 708 2566 834 2628; x_wconf 87' lang='lat' dir='ltr'><strong>distantia,</strong></span> <span class='ocrx_word' id='word_1_262' title='bbox 844 2569 921 2631; x_wconf 81' lang='lat' dir='ltr'><strong>potest</strong></span> 
     </span>
     <span class='ocr_line' id='line_1_35' title="bbox 117 2636 921 2703; baseline -0.005 -12"><span class='ocrx_word' id='word_1_263' title='bbox 117 2653 185 2691; x_wconf 86' lang='lat' dir='ltr'><strong>suam</strong></span> <span class='ocrx_word' id='word_1_264' title='bbox 196 2638 353 2703; x_wconf 84' lang='lat' dir='ltr'><strong>operationem</strong></span> <span class='ocrx_word' id='word_1_265' title='bbox 363 2640 496 2689; x_wconf 81' lang='lat' dir='ltr'><strong>extendere.</strong></span> <span class='ocrx_word' id='word_1_266' title='bbox 516 2640 544 2688; x_wconf 88' lang='lat' dir='ltr'><strong>iit</strong></span> <span class='ocrx_word' id='word_1_267' title='bbox 562 2639 614 2689; x_wconf 85' lang='lat' dir='ltr'><strong>ideo</strong></span> <span class='ocrx_word' id='word_1_268' title='bbox 626 2652 655 2689; x_wconf 86' lang='lat' dir='ltr'><strong>ex</strong></span> <span class='ocrx_word' id='word_1_269' title='bbox 667 2640 711 2691; x_wconf 86' lang='lat' dir='ltr'><strong>doc</strong></span> <span class='ocrx_word' id='word_1_270' title='bbox 731 2636 782 2701; x_wconf 90' lang='lat' dir='ltr'><strong>ipso</strong></span> <span class='ocrx_word' id='word_1_271' title='bbox 795 2636 921 2691; x_wconf 72' lang='lat' dir='ltr'><strong>moritur</strong></span> 
     </span>
    </p>
   </div>
   <div class='ocr_carea' id='block_1_2' title="bbox 118 2794 929 2919">
    <p class='ocr_par' dir='ltr' id='par_1_8' title="bbox 118 2794 929 2919">
     <span class='ocr_line' id='line_1_36' title="bbox 118 2794 929 2857; baseline -0.004 -16"><span class='ocrx_word' id='word_1_272' title='bbox 118 2795 199 2853; x_wconf 65' lang='lat' dir='ltr'><strong>tuias</strong></span> <span class='ocrx_word' id='word_1_273' title='bbox 208 2797 280 2851; x_wconf 65' lang='lat' dir='ltr'><strong>aaut</strong></span> <span class='ocrx_word' id='word_1_274' title='bbox 288 2794 423 2851; x_wconf 66' lang='grc' dir='ltr'><strong>ιΜοΜι</strong></span> <span class='ocrx_word' id='word_1_275' title='bbox 430 2794 596 2841; x_wconf 64' lang='lat' dir='ltr'><strong>nocuitatem</strong></span> <span class='ocrx_word' id='word_1_276' title='bbox 608 2794 725 2855; x_wconf 72' lang='lat' dir='ltr'><strong>pausiam</strong></span> <span class='ocrx_word' id='word_1_277' title='bbox 733 2794 793 2841; x_wconf 81' lang='lat' dir='ltr'><strong>rutis</strong></span> <span class='ocrx_word' id='word_1_278' title='bbox 804 2796 837 2841; x_wconf 85' lang='lat' dir='ltr'><strong>eat</strong></span> <span class='ocrx_word' id='word_1_279' title='bbox 847 2800 929 2857; x_wconf 77' lang='lat' dir='ltr'><strong>caueto·-¹</strong></span> 
     </span>
     <span class='ocr_line' id='line_1_37' title="bbox 120 2858 376 2919; baseline 0 -16"><span class='ocrx_word' id='word_1_280' title='bbox 120 2865 183 2919; x_wconf 77' lang='lat' dir='ltr'><strong>pas,</strong></span> <span class='ocrx_word' id='word_1_281' title='bbox 190 2862 249 2907; x_wconf 70' lang='lat' dir='ltr'><strong>otc,</strong></span> <span class='ocrx_word' id='word_1_282' title='bbox 259 2863 286 2903; x_wconf 83' lang='lat' dir='ltr'><strong>ut</strong></span> <span class='ocrx_word' id='word_1_283' title='bbox 297 2858 376 2915; x_wconf 77' lang='lat' dir='ltr'><strong>snpra.</strong></span> 
     </span>
    </p>
   </div>
   <div class='ocr_carea' id='block_1_3' title="bbox 0 0 988 3284">
    <p class='ocr_par' dir='ltr' id='par_1_9' title="bbox 0 0 988 3284">
     <span class='ocr_line' id='line_1_38' title="bbox 0 0 988 3284; baseline 0 0"><span class='ocrx_word' id='word_1_284' title='bbox 0 0 988 3284; x_wconf 95' lang='lat' dir='ltr'><strong> </strong></span> 
     </span>
    </p>
   </div>
  </div>
 </body>
</html>
