1934 3284
108 105 156 154 titt
223 113 330 153 ereum
345 112 472 163 munus,
488 111 582 159 onum.
597 113 665 166 mm,
684 113 740 152 rna.
756 114 792 154 rr.

106 192 187 243 falsam
197 190 329 254 opinionem
342 189 456 254 pertinere
469 190 590 251 uidentur,
603 201 654 254 qua
667 191 725 241 nulli
737 191 821 242 uirtuti
837 193 916 258 potest
952 197 953 226 Ι

107 267 252 327 cumpeterc3
268 260 356 313 scilicet
368 261 429 326 qudd
443 278 458 309 n
469 261 551 326 uliquis
566 261 697 325 pronuntiet
713 275 740 312 se
756 263 866 314 omnibus
880 264 916 314 ri·

106 335 203 396 liorem,
217 350 232 382 r
246 336 271 383 et
284 332 345 395 quud
360 351 374 380 u
388 333 505 384 adomnia
520 333 638 397 iudignum
652 337 675 384 et
690 334 804 386 inutilem·
814 349 840 387 se
857 351 914 387 con·

108 407 199 456 litentur
210 406 330 456 etmedut.
348 421 363 453 u
378 406 437 469 Ergo
449 405 640 456 inconvenienter
658 405 703 455 istu
721 412 848 470 ponuntur
860 409 917 458 inter
952 459 953 466 χ

108 477 344 542 pradusbnmilitatis.
815 523 817 528 .

139 554 164 601 t.
174 551 299 610 umere,
309 549 426 600 humilitas
435 548 464 598 ab
474 548 620 600 interioribus
630 549 658 598 ad
669 549 786 601 exteriora
799 551 915 616 procedit,

109 622 170 673 deut
181 625 205 672 et
215 625 303 673 cetere
314 622 417 672 virtutes.
430 621 622 677 inconvenienter
636 633 690 682 ergo
701 623 885 685 praemittuntur
896 623 918 672 iu

109 693 233 761 memissis
245 694 351 759 pudibus
364 694 403 743 illa
413 707 464 758 que
474 693 590 757 pertinent
606 694 635 743 ad
645 693 775 744 exteriores
787 701 876 758 actus,
887 697 918 746 h'n
952 731 953 736 η

110 781 162 832 que
177 766 293 832 pertinent
304 766 334 815 ad
345 764 474 816 interiores.
952 815 953 834 Ι

143 844 166 890 t.
186 841 314 902 Praeterea,
327 838 451 889 anselmus
464 837 489 887 in
503 837 560 888 libro
579 837 616 886 De
628 836 729 900 Sirmii,
744 839 816 902 pouit
833 845 918 906 septem
952 837 953 922 Ι

111 912 247 963 humilitatis
257 912 357 974 omnum
371 912 472 970 ducrum
487 909 575 974 primus
586 911 633 971 est,
649 911 885 974 «contemptibilem
899 926 920 962 se
952 933 953 962 1

111 996 164 1034 ease
180 995 351 1048 coguoscecere.
369 981 530 1041 «Secundus,
552 980 580 1030 dc
602 981 645 1030 bue
665 978 752 1031 dolere.
776 999 791 1030 u
815 983 918 1044 Tertius,
952 981 953 986 ’

113 1073 128 1104 n
140 1057 184 1106 lucc
197 1055 334 1107 confiteri.»
348 1056 462 1115 Quartus,
477 1071 492 1102 «
504 1053 548 1104 hcc
560 1052 713 1116 persuadere3
728 1056 755 1102 ut
770 1053 869 1106 scilicet
881 1059 920 1106 lnce

111 1128 167 1179 uelit
183 1127 254 1179 credi.
269 1145 283 1174 u
297 1126 409 1187 Quintus,
429 1142 443 1172 n
461 1129 487 1174 ut
505 1124 619 1190 patienter
635 1124 749 1174 sustineat
770 1127 818 1177 boc
840 1129 919 1179 diri.»
952 1135 953 1140 ¹

112 1199 207 1262 Sextus,
218 1216 234 1247 e
246 1204 272 1250 ut
314 1199 383 1249 tiatur
392 1196 592 1261 contemptibiliter
606 1209 631 1246 se
643 1196 744 1246 tracturi.
758 1214 774 1244 n
790 1199 920 1264 Septimus,

115 1272 216 1320 cutboc
226 1266 278 1322 aare
289 1307 295 1320 .
305 1286 319 1318 a
330 1271 390 1333 Engo
401 1268 507 1318 uidentur
514 1267 627 1332 premissi
637 1267 719 1332 gradus
730 1282 783 1319 esse
798 1273 920 1335 superflui.

146 1345 169 1392 t.
184 1344 309 1405 musea,
319 1343 424 1400 Metti„
435 1341 475 1403 ΙΙΙ,
488 1341 541 1391 dicit
555 1340 630 1390 Glossa
641 1353 647 1388 :
659 1355 673 1386 u
684 1339 792 1391 Periecta
803 1343 922 1393 humilitas

113 1417 160 1464 tres
168 1414 236 1464 babet
247 1413 345 1476 gradus:
358 1413 449 1462 Primus
461 1414 511 1472 est,
527 1411 622 1462 subdere
642 1423 666 1460 se
681 1410 780 1473 majori,
797 1417 823 1463 et
838 1428 866 1465 se
881 1429 922 1465 nou

113 1484 219 1549 preferre
233 1484 330 1548 aquarn
345 1484 385 1546 oui
403 1487 439 1534 est
455 1482 581 1534 sufficiens.
596 1481 712 1532 &enudus
726 1487 763 1532 est
781 1484 889 1536 subdere
902 1500 922 1535 se

115 1554 210 1618 munli,
221 1568 264 1604 nec
277 1555 384 1618 praeferre
396 1569 421 1606 se
431 1555 513 1606 minori
524 1571 531 1618 3
541 1557 564 1605 et
575 1553 611 1602 bic
626 1551 708 1602 dicitur
719 1552 859 1608 abundans.
872 1559 922 1608 Ter-

114 1625 159 1676 tius
173 1629 219 1687 est,
234 1626 328 1677 subesse
349 1626 431 1677 minori
451 1626 475 1676 in
493 1638 537 1690 quo
553 1628 589 1675 est
609 1623 684 1675 omnis
702 1623 809 1688 justitia.
831 1643 847 1674 n
869 1631 921 1694 Ergo

115 1696 227 1761 premissi
242 1697 325 1760 gradun
337 1698 444 1748 videntur
457 1711 508 1748 esse
519 1697 634 1762 surperllui
763 1759 764 1766 Ι

147 1772 170 1818 5.
181 1769 304 1831 Preterea,
315 1770 453 1833 Augustinus
462 1769 516 1820 dicit
524 1770 547 1820 in
555 1769 594 1822 lib.
608 1769 642 1818 De
652 1764 773 1832 vr'rpinit.
786 1771 854 1836 icap.
866 1773 921 1838 sn:

116 1841 247 1893 obtensum
260 1842 394 1893 humilitatis
408 1843 489 1906 cuique
500 1855 528 1893 ex
543 1852 649 1894 mensura
660 1839 733 1904 ipsius
747 1839 922 1906 'magnitudinis

114 1915 166 1964 data
181 1917 229 1976 est;
242 1914 278 1963 cui
292 1917 327 1964 est
338 1914 464 1978 periculosa
474 1913 577 1978 superbia
591 1927 641 1976 quar
654 1909 752 1976 ampliirs
769 1915 923 1979 amplioribus

114 1985 240 2037 insidiatur.
256 2001 270 2033 n
284 1986 327 2037 Sed
344 1999 450 2036 mensum
469 1983 632 2048 magnitudinis
653 1985 759 2033 hurmanae
777 1998 828 2036 non
850 1993 923 2054 potest
953 1971 954 2054 Ι

114 2057 157 2106 sub
176 2060 237 2107 certo
256 2059 351 2108 numeru
366 2057 476 2120 graduum
496 2055 647 2108 determinari.
669 2055 727 2118 Ergo
744 2054 846 2108 videtur
866 2060 922 2123 quid
953 2073 954 2108 l

114 2139 160 2178 uon
174 2126 263 2190 possint
275 2127 419 2178 determinati
431 2128 512 2191 gradun
525 2125 659 2176 humilitatis
674 2125 800 2187 assignari.

110 2207 115 2224 ¹
145 2198 402 2266 (concussio-larii
416 2203 439 2251 et
453 2199 588 2264 multiplices
601 2201 655 2248 sunt
668 2195 810 2248 humilitatis
827 2205 921 2266 gradm,

113 2269 196 2336 quibus
211 2271 340 2322 continetur
358 2271 448 2322 uirtutis
462 2271 530 2321 istius
546 2270 674 2336 perlecti03
688 2267 824 2330 cujusmodi
840 2277 922 2338 gradus

114 2341 203 2394 abeato
215 2342 339 2393 Benedictu
353 2343 414 2395 recle
428 2342 547 2394 duodecim
561 2339 749 2404 enumerantur.)

146 2415 283 2479 licspcudec
303 2415 437 2478 dicendum,
460 2413 521 2479 qudd
544 2414 601 2464 sient
623 2427 651 2462 en
675 2425 742 2478 supra
764 2413 839 2466 dictis
861 2421 923 2481 patet

116 2487 177 2552 (art.
189 2487 235 2553 Ι),
248 2486 364 2537 humilitas
377 2487 531 2539 essentialiter
547 2485 571 2534 iu
586 2485 689 2550 appetitu
703 2483 825 2548 consistit,
839 2501 922 2538 secun·

114 2555 168 2607 dbm
189 2557 249 2622 qubd
267 2557 349 2622 aliquis
368 2559 472 2630 refraenat
493 2558 603 2622 inpetum
621 2555 690 2606 animi
708 2555 744 2605 sui
762 2567 792 2605 ne
813 2559 921 2611 ordinati

112 2629 199 2696 pteudat
212 2629 235 2678 iu
249 2641 344 2692 magna,
366 2632 405 2682 sed
424 2631 526 2694 regulam
540 2629 610 2680 babet
624 2629 648 2679 in
662 2626 808 2692 cognitione,
822 2638 850 2679 nl
873 2633 923 2682 sci-

47 2721 52 2734 ι
123 2697 168 2748 icet
179 2700 261 2761 aliquis
272 2713 318 2750 non
329 2713 355 2750 se
364 2700 478 2751 existimet
491 2715 559 2766 supra
570 2702 592 2751 id
605 2700 725 2762 essequod
739 2703 789 2761 est;
801 2703 826 2750 et
836 2704 921 2753 utrius-

115 2778 160 2827 que
175 2767 311 2830 principium
331 2774 354 2820 et
373 2772 436 2820 radix
450 2775 486 2822 est
505 2770 632 2822 reverentia
643 2782 714 2833 uuam
732 2769 786 2832 quia
800 2770 872 2822 habet
892 2776 920 2823 ad

114 2835 195 2884 Deum.
210 2836 244 2885 Ex
258 2837 359 2890 interiori
378 2845 452 2892 autem
472 2842 620 2906 dispositione
636 2840 771 2890 numilitatis
790 2844 921 2905 procedunt
