1934 3284
303 195 308 202 '
342 200 374 240 nn
389 199 513 239 anamma.
585 207 592 226 ι
779 187 826 236 ιιι

29 277 143 343 ιιιιιιίι;
154 277 278 331 seeundum
287 277 343 328 iilud
356 279 418 338 Ira„
431 279 471 328 xi,
488 293 495 324 ι
510 292 524 325 u
537 277 615 328 omnis
628 288 680 327 earo
692 277 793 337 iconum,
803 277 827 326 et

29 352 102 401 omnis
115 351 185 416 gioria
199 353 249 413 eius
267 350 332 414 qnasi
346 349 389 400 dos
406 349 469 413 agri3
487 363 502 396 ι
516 351 539 400 ιι
552 348 610 398 intra
629 348 716 398 LXIV:
735 347 827 408 «Quasi

28 435 118 486 pannus
137 424 281 472 menstruatae
294 421 406 472 universe
420 421 516 485 justitie
533 423 627 470 nostre.
641 435 655 467 ι

59 495 92 544 ad
106 494 231 545 seeundum
243 492 380 554 dicendum,
394 493 455 557 dudd
474 491 589 556 oppositio
604 489 655 540 sitii
670 489 699 541 nd
719 490 827 540 virtutem

28 567 152 616 attenditur
173 563 297 616 secuudum
314 564 445 628 objectum,
459 565 517 628 quud
540 563 695 614 consideratur
715 576 744 613 er
764 565 828 626 parte

28 637 184 688 conversionis
202 651 209 684 ε
224 639 247 686 ιι
261 638 383 686 secundnm
397 637 441 686 hoe
455 633 559 699 superbia
579 647 623 685 non
638 635 706 684 habet
725 633 783 700 quod
799 632 829 684 sit

28 711 155 772 maximum
167 712 328 773 peecatorum,
339 708 398 758 sieut
412 721 455 758 nee
474 707 592 757 humilitas
607 705 667 771 quod
683 706 713 756 sit
729 705 829 755 murima

28 781 149 830 uirtutum.
165 780 210 830 sed
224 791 253 830 ex
266 783 330 844 parte
343 779 467 830 aversionis
477 783 511 830 est
525 777 661 839 maximum,
672 780 698 827 ut
712 780 765 842 pute
779 773 829 826 aliis

28 852 128 914 peccatis
142 851 320 932 magnitudinem
334 855 451 916 prestans
468 852 577 914 damper
590 851 633 900 hue
647 849 736 912 insum,
746 848 815 898 iudde
819 873 828 884 -

28 923 85 974 ditat
67 928 99 974 trs
117 927 236 987 peecatum
254 922 345 987 grarim
362 924 477 987 redditur,
492 921 512 974 si
531 936 559 973 er
575 921 687 988 superbiae
699 922 830 984 contemptu

28 998 151 1064 procedat,
161 995 260 1058 quim
241 1009 261 1045 sn
276 1009 306 1046 ex
317 995 445 1059 ignorantia
460 995 499 1046 rei
513 994 642 1044 infirmitate
660 991 792 1066 proveniat:
807 995 830 1042 et

28 1068 88 1118 idem
102 1069 224 1118 dicendum
240 1071 275 1118 est
290 1069 318 1118 de
329 1067 498 1132 desperatione,
517 1071 539 1118 et
553 1067 602 1118 aliis
616 1067 756 1131 hujusmodi.

57 1141 93 1190 Ad
112 1138 205 1192 tertium
217 1138 336 1189 dicendum
343 1139 421 1203 ,qudd
435 1139 513 1189 siout'
507 1152 531 1188 ru
544 1137 681 1202 syllogismis
695 1135 830 1188 ducentibus

28 1214 53 1263 ad
71 1211 218 1276 impossibiie
237 1212 371 1276 quandoque
391 1211 474 1276 aliquis
493 1209 638 1261 convincitur
651 1224 693 1274 per
711 1212 754 1260 hoe
770 1209 832 1274 qudd

28 1285 122 1335 ducitur
138 1284 165 1333 ad
178 1283 344 1334 inconveniens
361 1282 434 1346 magis
445 1281 607 1344 manifestum
620 1281 651 1331 ita
661 1281 727 1332 etiam
742 1281 770 1330 ad
780 1295 833 1332 cun-

28 1357 170 1408 vincendum
182 1355 311 1421 superbiam
326 1354 457 1415 hominum,
471 1356 532 1404 Deus
547 1354 634 1418 aliquos
647 1353 725 1418 punit,
735 1347 833 1417 'permit-

28 1434 79 1481 tens
94 1443 138 1480 eos
159 1441 224 1478 ruere
241 1427 267 1476 in
285 1430 379 1491 peecata
394 1426 491 1477 earnalia
503 1444 509 1490 3
523 1439 573 1490 qne
594 1427 650 1477 etsi
670 1425 715 1476 sint
731 1427 832 1491 minora,

28 1506 107 1553 tamen
122 1495 298 1550 manifestiorem
311 1498 472 1563 turpitudinem
486 1497 615 1549 continent.
625 1497 690 1549 Uude
701 1500 723 1548 et
731 1497 832 1548 isidorus

28 1574 83 1625 dicit
99 1571 176 1623 iuliis.
194 1569 490 1632 Desummodoooieioe
506 1569 586 1631 Seni,
596 1570 635 1621 lib.
649 1569 670 1620 ii
678 1583 748 1635 ‚.oap
762 1569 830 1634 58):

28 1665 40 1695 u
52 1645 128 1698 Omni
141 1644 197 1695 uitio
212 1643 309 1695 deterior
328 1646 364 1694 est
379 1642 501 1708 superbia3
517 1656 557 1693 seu
571 1647 663 1706 propter
684 1642 728 1693 hoo
744 1643 804 1706 qudd
820 1638 835 1692 d

28 1719 129 1769 summis
146 1716 248 1780 personis
259 1717 282 1765 et
297 1713 377 1778 primis
388 1715 523 1776 assumitur,
536 1727 575 1764 seu
590 1712 649 1778 qudd
662 1715 689 1763 de
706 1727 773 1776 opere
783 1715 841 1796 jus·

28 1793 85 1842 itiae
96 1794 123 1841 et
131 1788 224 1838 ιιιιιιιιι
232 1786 339 1849 exoratur
351 1785 472 1849 munusque
480 1785 609 1848 culpamus
618 1785 723 1836 sentriur
734 1775 841 1836 Luxuria'

28 1862 83 1914 eerd
98 1860 176 1912 carnis
196 1859 248 1910 ideo
262 1857 368 1908 notabilis
380 1857 485 1906 omnibus
504 1858 552 1916 est,
567 1855 673 1920 quoniam
692 1855 770 1905 statim
792 1869 834 1920 per

28 1949 49 1986 ιι
66 1933 147 1998 turpis
165 1933 214 1994 est,
228 1932 340 1982 ettamen
353 1928 500 1992 dispensante
514 1927 560 1977 Deo
579 1925 685 1990 superbit
702 1925 774 1976 minor
788 1930 833 1976 est.

28 2008 71 2057 {ed
86 2005 130 2087 qui
146 2001 261 2053 detinetur
277 1999 398 2064 superbia,
415 2003 439 2050 et
457 2011 504 2049 non
522 1997 604 2061 sentit,
622 1998 705 2047 labitur
719 1998 743 2046 in
756 1996 833 2048 curnis

28 2077 205 2136 uxuriam3ut
224 2073 337 2137 perhanc
357 2069 501 2133 humriatns
516 2067 679 2120 dconiusione
699 2073 833 2152 exurgat.»

28 2151 61 2200 dx
79 2161 130 2212 quo
143 2145 213 2196 etiam
229 2148 293 2207 patet
309 2141 406 2206 grauitas
419 2141 492 2225 ipsius
503 2141 628 2214 superbiae.
637 2141 700 2191 Sicut
690 2142 775 2190 tenim
788 2154 836 2192 me-

28 2224 98 2274 dicus
111 2218 204 2284 sapiens
219 2217 245 2271 in
261 2216 385 2267 remedium
395 2215 489 2278 majoris
501 2215 574 2265 morbi
586 2207 671 2278 patitur
683 2213 820 2264 infirmum'
814 2229 837 2265 ιι

28 2294 146 2345 eriorem
162 2289 265 2339 morbum
279 2287 391 2350 insidere3
405 2287 437 2336 ita
448 2285 517 2336 etiam
531 2288 650 2367 peecatum
664 2285 777 2348 superbia
789 2299 839 2350 gru·

28 2366 86 2415 rius
107 2373 159 2412 esse
172 2359 300 2410 ostenditur
311 2364 340 2410 eri
352 2358 416 2408 hoe
409 2371 459 2422 ipso
472 2355 531 2420 qudd
546 2370 587 2422 pro
601 2357 652 2422 ejus
661 2355 767 2408 remedio
781 2357 840 2408 Deus

28 2432 150 2500 permittit
162 2431 267 2482 homines
279 2443 344 2482 ruere
358 2429 383 2480 iu
396 2429 441 2480 alia
459 2432 562 2495 peccata.
