1934 3284
94 141 142 192 lli
212 147 319 189 escum
334 146 462 197 mosne,
478 145 574 192 oum.
589 145 662 195 exer,
678 143 736 184 nus.
754 146 774 185 ι.

126 231 150 278 t.
166 227 294 286 Preme,
311 223 435 289 principato
450 221 543 274 rirtuh‘s
554 221 660 273 eondstit
675 221 701 272 iu
713 220 819 272 interiori
832 219 892 272 eteo-
960 274 961 281 χ

94 297 173 360 hono,
190 300 217 347 ut
233 295 385 360 Philosophus
398 294 453 346 dieit
466 295 492 344 in
509 293 569 344 vlu
589 293 672 343 Betis.
691 293 806 344 noussen
818 295 892 342 am

94 369 167 432 magis
180 369 270 422 videtur
281 369 309 418 ad
321 367 454 417 exteriorem
462 365 660 416 oonrusationern
668 365 801 430 pertinere,
810 377 895 414 soon-

97 439 151 492 ditm
164 440 219 490 illud
237 440 256 490 l.
271 439 343 502 Cor„
360 439 409 489 xlv
425 453 432 488 ε
447 437 554 488 «Omnia
570 435 667 490 moeste
684 441 709 487 et
722 435 847 487 manhu
857 448 894 486 or-

98 510 174 564 dinem
188 516 243 562 hant
258 511 367 562 huobis
380 526 394 558 a
408 510 467 573 Ergo
480 511 588 560 honour
601 522 647 560 non
657 513 694 561 est
703 509 765 560 idem
778 507 867 558 rirtnti.

129 587 153 634 t.
168 584 293 643 Preietos,
303 583 411 634 honestes
422 582 513 632 ridetur
526 580 649 632 wnsistere
659 580 685 630 io
692 579 845 631 exodorihns
855 580 895 630 di·

97 652 174 719 siliis,
196 654 319 706 seorrnddrn
334 653 389 706 illud
402 653 506 707 Exin„
519 653 551 702 xl
564 668 572 702 :
585 652 795 714 «muethus,
809 653 897 704 uiuet

96 739 158 778 mors
165 763 175 790 ,
188 730 310 791 paupertas
326 729 349 776 el
362 726 488 786 honestos,
501 723 516 774 h
528 725 574 774 hoo
587 727 649 774 sunl.
664 739 679 771 ι
696 724 742 774 sed
758 723 785 773 in
796 722 898 774 exterio·

96 797 160 849 ribus
172 796 258 848 divitiis
271 796 427 849 uonoousistit
440 797 522 847 virtus.
535 797 595 860 tingo
607 796 715 846 honestes
726 806 773 846 non
787 799 825 846 est
835 796 915 846 idem·

97 869 183 920 virtuti.

130 941 175 992 Sed
188 946 265 994 eontra
277 945 326 1005 est,
339 941 400 1006 quod
410 940 498 990 Tullius
515 939 606 990 dioilin
625 941 643 991 l.
659 939 696 989 De
708 939 778 1003 offic.
792 943 818 990 et
831 939 855 989 iu
867 940 898 989 ll.

99 1015 208 1070 tinctor..
216 1013 319 1064 dividens
330 1013 459 1062 horestem
467 1013 493 1061 iu
503 1014 598 1076 quatuor
605 1010 741 1076 principales
751 1012 863 1074 virtutes,
874 1011 900 1061 iu

100 1099 156 1150 quas
168 1085 236 1136 etiam
252 1085 358 1136 dividitor
368 1084 449 1134 rirlus.
464 1085 522 1147 Ergo
534 1080 664 1134 homesimi
675 1082 780 1135 solident
791 1085 885 1135 uirtuti

132 1157 293 1222 (Coresusro.
302 1184 334 1194 -
343 1157 465 1207 tloueslnnr
476 1156 505 1205 nd
513 1155 574 1206 idem
583 1157 610 1206 ad
621 1156 681 1220 quod
694 1155 777 1217 uirtus,
788 1157 897 1219 retertur:
960 1174 961 1177 ¹

99 1227 176 1293 itaquo
190 1229 234 1279 ista
246 1229 291 1280 duo
301 1241 325 1278 re
337 1227 430 1292 qnidoru
445 1232 500 1277 snut
512 1228 608 1288 eaden,
623 1225 677 1277 lioll
688 1220 817 1277 rttione'et
826 1227 903 1278 nonni·
960 1262 961 1289 q

100 1301 169 1352 nibus
184 1301 369 1363 distinguantur.)

131 1371 267 1438 despondeo
280 1370 416 1432 dicendum,
428 1369 489 1434 qndd
500 1369 562 1420 siout
577 1368 677 1421 ludorus
691 1369 749 1420 dicit
764 1369 833 1434 (tono
851 1370 902 1434 iarn

101 1442 170 1508 sopri
191 1441 320 1504 indiculo),
342 1442 481 1492 «honestas
502 1441 585 1492 dieitur
601 1440 667 1504 qussi
679 1439 773 1492 honoris
786 1445 873 1491 sotus.
887 1459 900 1486 ι
960 1496 961 1503 ¹

102 1515 166 1566 Unde
180 1515 259 1564 euhoe
273 1512 363 1564 ridetur
378 1512 463 1576 aliquid
474 1511 519 1562 diei
531 1515 673 1570 nonarum.
691 1511 752 1575 qnod
765 1514 802 1561 est
814 1513 903 1562 honore

62 1637 67 1658 ,
102 1584 204 1647 dignum.
219 1585 295 1636 Honor
308 1589 383 1636 entem
393 1622 400 1646 ‚
412 1587 438 1634 nt
449 1582 519 1647 sopri
531 1583 614 1634 dictum
630 1587 666 1635 ost
678 1584 735 1648 (qu.
747 1586 787 1643 ll,
802 1587 848 1633 ert.
859 1583 903 1646 t),
960 1586 962 1589 '

103 1655 241 1706 excellentie
250 1657 352 1707 debetur.
368 1655 508 1706 Excellentin
517 1659 595 1705 autom
607 1655 706 1708 hominis
717 1655 818 1707 mnne
829 1655 907 1708 oonsi-

103 1727 195 1778 deralur
210 1727 334 1778 secundnm
350 1727 474 1791 drtntem,
485 1741 536 1790 que
557 1731 592 1776 est
605 1725 749 1790 «dispositio
766 1726 865 1790 perlecti
877 1726 905 1776 ed

104 1797 224 1864 optimum,
235 1803 284 1848 not
296 1799 377 1851 dieitur
390 1800 414 1851 iu
423 1800 471 1850 Vll.
482 1798 580 1861 physic.
592 1799 658 1860 (tent.
668 1801 698 1846 1‘l
706 1800 731 1848 et
746 1798 801 1861 ts).
814 1799 846 1847 lit
855 1798 906 1849 ideo

104 1869 247 1931 horreolum,
260 1869 351 1936 proprid
367 1871 489 1935 loquendo,
502 1871 526 1918 iu
539 1869 599 1920 idern
610 1868 707 1920 refertur
718 1883 770 1918 oum
781 1870 880 1921 virtute.

135 1944 169 1994 nd
186 1943 282 2006 primunr
300 1955 354 2006 erqo
374 1941 508 2002 dioendnsn,
520 1940 581 2004 qudd
599 1941 657 1990 siout
674 1940 829 2004 Philosophus
852 1942 906 1992 dicit

105 2015 129 2065 io
142 2015 160 2065 1.
170 2014 252 2065 Ellis.
263 2017 322 2078 lcap.
336 2014 393 2064 tvel
404 2013 439 2076 t),
450 2027 528 2063 eorum
545 2025 596 2074 quoe
611 2015 705 2075 propter
719 2025 744 2062 se
754 2016 904 2076 appetuntur,

105 2087 208 2150 quedm
223 2088 361 2150 appetuntur
377 2084 451 2135 soldru
469 2088 561 2148 propter
578 2096 619 2146 se,
638 2088 664 2134 et
678 2095 795 2146 nunquurn
813 2088 907 2148 propter

106 2158 180 2220 uliud,
193 2158 252 2208 siout
261 2156 413 2222 felicitasque
423 2159 459 2206 est
469 2154 564 2204 ultianus
572 2155 634 2206 finis.
643 2154 750 2212 huson
759 2154 821 2206 vero
830 2169 903 2220 appe·

106 2232 183 2280 tuntnr
198 2233 221 2280 et
233 2231 326 2293 propldl
340 2241 377 2291 se,
393 2229 417 2276 in
433 2230 543 2290 qnanlnm
556 2227 642 2280 hebent
659 2227 684 2276 iu
701 2224 783 2290 seipsis
805 2227 907 2292 aliquan

107 2301 217 2352 rationem
230 2301 354 2363 honitatis,
366 2299 455 2350 etiamsi
469 2298 527 2348 nihil
537 2299 600 2351 alind
610 2299 664 2350 honi
676 2311 754 2363 porea
762 2299 832 2350 nohis
840 2301 907 2351 aoei-

106 2373 184 2436 ·terel;
199 2376 223 2424 ot
235 2379 310 2424 tamen
318 2375 372 2422 suut
383 2369 514 2434 appetihilia
524 2375 617 2434 propter
627 2371 697 2434 uliud,
705 2371 851 2433 inquantum
864 2373 907 2422 sei·

107 2443 159 2495 linet
174 2445 301 2508 perducunt
310 2455 352 2494 nos
362 2442 386 2492 iu
397 2442 490 2506 aliquod
498 2441 583 2492 honum
596 2441 720 2505 perfectius
731 2458 738 2493 ε
748 2446 772 2492 et
780 2444 827 2493 hoo
837 2445 905 2494 urodo

107 2513 200 2565 rirtules
216 2518 269 2565 suot
282 2518 374 2579 propter
387 2527 412 2564 se
430 2514 572 2577 appetendae.
583 2514 648 2567 liudo
664 2513 752 2564 Tullios
765 2514 823 2564 dicit
835 2515 862 2564 in
877 2516 906 2565 ll.

110 2585 203 2635 'liotore
219 2586 285 2650 (sire
298 2588 335 2636 Do
352 2586 446 2636 rhetor.
460 2587 565 2645 iuvent„
578 2589 606 2636 nl
614 2585 663 2649 jeru
675 2585 753 2650 sopri,
765 2600 830 2636 num.
847 2591 877 2636 3³
886 2590 905 2649 l,

114 2654 167 2714 pon
176 2672 190 2704 e
199 2657 306 2720 quiddam
318 2659 424 2721 estquod
436 2669 478 2708 son
491 2657 515 2706 si
524 2657 603 2721 doch,
615 2661 639 2708 el
649 2670 690 2707 soa
703 2657 815 2720 dignitate
826 2659 905 2720 hohil,

15 2779 19 2789 ¹
115 2730 131 2776 «t
145 2724 230 2787 virtus,
242 2727 339 2792 unitas,
355 2728 459 2780 edentia
473 2745 488 2776 n
503 2729 533 2780 ill
544 2730 588 2780 hoo
600 2728 686 2780 suffieit
698 2730 728 2778 ud
740 2728 853 2780 nhonsnr
865 2730 906 2779 llo·

108 2798 905 2937 ''effi‘soeuroumrronrum,prominentissimum
