1934 3284
143 191 188 238 746
267 201 375 238 SECUNDA
391 201 517 246 SECUNM,
533 200 624 245 oonst.
641 201 708 251 clvi,
724 202 781 239 m.
799 203 818 239 l.

398 415 565 488 thstlo
582 414 677 482 olli.

219 557 254 602 ilc
270 557 465 605 incontinentia.
476 559 507 604 t'n
520 562 627 617 motor
639 559 761 604 onticntoe
773 557 869 607 dicito.

168 707 250 759 Postea
265 707 451 758 rounicrundnrn
466 709 503 757 est
514 707 542 757 de
558 705 736 759 incontinentia.

139 783 143 796 '
170 777 198 830 Et
216 781 277 830 eirca
298 782 340 829 hoc
361 783 492 841 qureruulur
511 783 621 842 quatuor:
639 783 666 828 1⁰
681 779 760 830 Utrhro
779 781 940 832 incontinentia

138 849 251 916 pertinent
267 851 294 900 ad
313 849 413 900 oninium
433 851 470 899 uel
483 851 511 899 erl
530 863 621 913 corpus.
635 851 665 899 ἢν
684 849 764 900 Uirium
779 851 940 904 incontinentia

139 921 170 972 eil
189 927 316 985 peccaturo.
333 925 359 969 8⁰
377 921 407 970 lle
422 920 591 985 comparatione
607 921 782 973 incontincnliae
802 924 832 973 acl
854 928 942 989 teupe-

139 995 245 1043 rentium.
261 997 285 1044 l⁰
297 992 351 1053 Quis
360 991 389 1042 sit
399 992 501 1059 turpior;
511 992 587 1044 utrhrn
596 991 742 1046 incontinens
752 997 808 1060 ire,
818 999 860 1048 ret
869 995 942 1047 incon-

139 1062 215 1116 tinens
230 1063 429 1128 concupiscentie.

440 1224 603 1276 nullcllltis
616 1225 635 1274 l.

142 1347 228 1394 Utrtlm
243 1349 416 1394 incontinentia
432 1350 553 1406 pertineat
569 1349 602 1394 ott
615 1349 734 1403 animam,
748 1362 782 1394 nn
799 1351 835 1396 ool
853 1364 942 1408 corpus.

171 1476 203 1526 td
219 1475 316 1539 puniunt
331 1477 363 1528 sic
375 1475 514 1541 proceditur.
531 1476 625 1525 Videtur
637 1475 696 1538 qnod
710 1476 881 1528 incontinentia
903 1492 942 1529 nor

138 1547 251 1612 pertinent
264 1548 293 1596 ao
306 1548 465 1610 atriruorn,sod
480 1549 508 1597 orl
523 1561 613 1612 corpus.
632 1549 757 1598 llitersitos
769 1548 831 1600 enirn
848 1564 941 1600 sennen

138 1631 184 1668 nou
201 1631 230 1668 er
244 1624 308 1682 purte
322 1620 403 1669 cuiun
418 1621 456 1670 sert
472 1631 501 1670 et
513 1624 576 1682 purte
590 1619 690 1682 corpruis
702 1625 745 1669 est.
758 1621 805 1669 Seal
822 1619 942 1672 tliversitus

138 1701 232 1740 ntorum
256 1689 309 1739 lucil
330 1689 483 1740 diversitatem
507 1691 565 1740 nnn
586 1689 785 1740 incontinentiam.
803 1692 867 1742 Dicit
888 1693 941 1742 euin

139 1759 290 1824 Philosophus
306 1761 330 1811 in
345 1761 393 1810 l'll.
411 1761 492 1813 little.
505 1763 570 1826 (cup.
583 1765 612 1824 t,
622 1761 672 1811 sire
683 1765 722 1820 6),
734 1761 796 1824 onhrl
811 1766 941 1814 u-mulieres

139 1845 184 1883 nou
201 1833 306 1882 dicuutur
321 1839 393 1898 neque
408 1838 564 1896 continentes,
578 1846 652 1897 neone
664 1833 846 1886 incontinentes.
860 1853 877 1883 n
891 1840 942 1898 Ergo

138 1903 303 1956 incontinentia
315 1917 359 1955 nou
374 1902 471 1968 pertinet
484 1906 513 1955 ad
527 1905 603 1955 onina
613 1922 640 1968 u,
653 1905 694 1954 seri
707 1904 736 1955 oti
751 1919 849 1970 corpus.

172 1979 196 2026 t.
218 1977 341 2037 Panterea,
354 1976 378 2025 irl
396 1977 456 2038 quotl
478 1976 577 2039 pertinet
592 1976 622 2026 nal
643 1975 753 2035 unimam,
771 1990 819 2028 nou
842 1978 943 2042 sequitur

139 2047 242 2111 corporis
262 2048 439 2116 cttmpleriones.
457 2048 502 2100 sel
525 2048 691 2098 incontinentia
716 2047 824 2111 seqnitur
845 2050 945 2114 corporis

140 2119 329 2184 completionem.
340 2119 470 2170 llicrteuitn
483 2119 635 2184 Philosophus
645 2120 668 2170 in
679 2121 729 2170 llll.
741 2120 828 2171 litleic.
844 2127 913 2187 (cap.
926 2124 943 2170 l.

138 2190 188 2242 site
203 2194 240 2254 tt,
255 2191 314 2256 quhrl
327 2209 341 2239 u
352 2190 449 2242 marioth
462 2190 524 2242 scuti
539 2191 576 2255 (id
585 2197 629 2250 est,
640 2191 763 2255 cholerici)
776 2198 802 2243 et
813 2195 944 2244 melantho

137 2261 175 2321 lici
189 2261 314 2314 secuuoiuu
323 2263 452 2314 elireuateto
462 2263 668 2326 concupiscentiam
678 2263 942 2317 suntincoutlnentesu

137 2331 198 2398 Ergo
213 2333 375 2385 incontinentia
388 2335 488 2398 pertinet
500 2334 528 2383 od
543 2347 633 2399 corpus.

170 2411 193 2456 3.
210 2407 333 2466 Praeterea,
352 2405 446 2456 victorie
468 2405 540 2469 magis
559 2400 665 2471 pertinet
680 2407 708 2456 ad
725 2418 778 2456 eutn
798 2408 844 2470 qui
860 2408 942 2463 vincit,

136 2477 203 2541 qurum
219 2479 247 2528 atl
262 2491 313 2529 enm
325 2477 364 2541 qui
376 2477 480 2528 vincitur.
496 2478 541 2528 Sel
555 2491 583 2527 er
598 2479 642 2528 hoc
651 2477 734 2529 dicitnr
745 2476 832 2540 aliquis
846 2494 901 2531 esse
914 2480 943 2527 in-

136 2551 268 2612 continens,
284 2549 343 2614 quotl
362 2566 375 2596 u
390 2563 442 2600 curo
460 2550 624 2614 coucupiscens
636 2549 746 2601 alvercos
760 2553 875 2614 spiritum
889 2552 942 2616 (1)»

134 2627 228 2682 cuperat
240 2621 313 2684 ipsuru
329 2637 335 2672 :
350 2621 408 2685 Ergo
423 2620 589 2672 incontinentia
605 2623 678 2686 magis
691 2621 792 2687 pertinet
804 2625 837 2674 nd
852 2635 942 2676 cannen

135 2690 204 2752 quim
217 2693 245 2741 etl
258 2694 366 2743 cuinam.

169 2795 200 2855 (tl
215 2799 245 2844 Ut
259 2799 291 2846 oti
306 2801 395 2856 Galat„
412 2805 447 2859 V,
467 2815 528 2849 vers.
545 2801 730 2860 1⁷‚npostulus
749 2803 874 2859 loquitur,
893 2805 943 2851 sule

134 2856 192 2902 dous
207 2871 299 2916 quoque
312 2875 352 2918 per
365 2865 496 2921 oppositum
511 2866 573 2922 qtrhtl
584 2867 688 2924 spirituc
699 2865 818 2912 nocensne
830 2879 940 2914 corneos.

134 2919 204 2966 Absit
214 2928 291 2968 autern
304 2930 329 2968 tit
338 2936 429 2982 semper
438 2939 494 2974 cero
507 2932 675 2986 concupiscens
686 2929 720 2974 ite
730 2929 840 2986 spiritum
852 2931 939 2977 tinen.
