1934 3284
157 148 738 201 mummcunmmmrcammrrm.
799 144 848 195 eut
949 110 950 143 ³

43 232 118 285 lenm
131 228 306 294 commeminit,
318 229 400 281 uidene
414 229 532 294 pulchram
548 230 666 289 mutemur
680 244 725 283 nun
742 232 847 285 Mente-

44 308 92 365 tur,
106 319 122 353 o
136 304 197 367 qnod
216 302 364 355 contrariatur
383 301 573 365 intemperantiae.
594 303 652 367 Ergo
673 303 848 369 intemperantia

44 390 95 429 non
107 379 144 426 eet
152 374 240 440 puerile
252 377 381 439 peccatum.

77 452 103 502 Ξ..
115 448 246 508 Praeterea,
259 445 327 511 pueri
340 458 387 497 non
406 446 492 498 helem
504 446 549 497 nini
564 447 763 513 concupiscentias
780 454 849 501 natu·

44 522 118 573 roten.
137 520 183 571 sed
200 519 284 570 ucirca
292 519 407 570 mturelcn
417 520 614 584 concupiscentias
625 532 705 585 parum
716 520 786 584 aliqui
796 534 850 585 pcc·

44 596 104 643 cent
114 604 156 657 per
165 590 378 655 intemperantiam,
390 607 405 639 c
415 593 443 641 ut
452 590 604 665 l’lrilcaoppua
613 590 669 643 dicit
677 590 702 641 in
712 592 752 643 lll.
762 594 847 644 litte.

44 666 109 729 Ergo
119 662 294 727 intemperantia
306 675 354 712 non
371 665 407 713 ert
420 666 541 727 peccatam
556 661 651 727 puerile.

79 740 107 785 80
125 735 252 794 Praeterea,
267 732 334 797 pueri
346 737 401 783 nunt
412 732 505 786 incendi
520 736 545 785 et
562 733 684 785 nutriendi.
699 734 744 787 Sed
762 748 850 786 coucu-

45 804 162 872 piscentia
172 808 196 855 et
211 804 329 856 delectatio
339 804 400 855 circe
410 818 461 869 qum
475 808 511 855 ent
520 804 706 870 intemperantia,
716 809 850 870 meemper

44 876 200 931 diminumma
218 881 242 927 et
262 875 410 942 extirpanda3
430 876 555 929 necunddm
576 878 639 950 illudx
652 878 689 929 uel
711 877 777 937 Col„
796 878 847 929 tlt:

47 967 62 998 n
79 946 217 1000 itcrttncne
231 948 332 1000 membra
344 954 420 999 uestra
436 962 506 1014 anper
523 953 618 1012 terram,
634 962 685 1014 que
699 951 753 999 cunt
765 962 850 999 concu-

44 1023 173 1093 piscentie,
184 1028 228 1075 etc.
237 1040 252 1073 e
261 1025 321 1089 llige
335 1024 512 1089 intemperantia
524 1038 570 1076 non
579 1028 615 1076 eat
624 1023 711 1089 puerile
719 1028 848 1089 peccatum.

78 1097 127 1147 Sed
137 1099 216 1147 contra
226 1100 274 1158 est,
283 1096 343 1161 quod
356 1096 509 1160 Philosophus
517 1096 572 1147 dicit
583 1097 607 1146 in
625 1097 665 1147 lll.
681 1097 777 1159 Μία,
791 1095 850 1160 qnod

46 1187 62 1219 c
75 1180 164 1221 nomen
179 1168 359 1233 intemperentia
370 1166 465 1220 lemnae
479 1169 508 1219 ad
523 1168 618 1232 puerilia
629 1170 755 1232 peccata.»
789 1182 790 1187 ¹

79 1240 244 1303 (centenero.
252 1265 283 1278 -
296 1239 474 1304 intemperantia
486 1238 586 1305 puerile
601 1241 731 1301 metum
746 1236 760 1289 t
773 1238 850 1289 Philo·

45 1314 126 1378 coplro
138 1313 231 1362 uccutm
237 1348 246 1375 ,
257 1323 305 1361 nou
318 1310 379 1375 qnid
390 1311 454 1362 ntud
463 1311 545 1363 uitium
554 1322 677 1375 puerorum
686 1310 716 1361 eit
723 1309 850 1375 proprium,

46 1386 91 1438 sed
110 1381 174 1448 quot
186 1396 240 1433 com
258 1382 323 1447 pueri
344 1382 509 1435 conditionitua
522 1394 628 1446 magnum
646 1380 731 1433 natent
748 1380 852 1433 similitu·

45 1454 161 1518 dinem.)

78 1527 221 1591 Respondec
231 1526 366 1590 dicendum,
378 1525 439 1591 nndd
449 1525 534 1590 aliquid
543 1524 625 1577 dicitnr
637 1538 688 1579 cese
698 1525 797 1591 pnertle
809 1526 852 1577 dn·

46 1599 150 1667 pliciter.
166 1599 216 1649 llno
229 1598 309 1659 modo,
321 1597 375 1661 qnia
390 1597 498 1649 conuenit
510 1598 588 1664 pneris
598 1614 605 1649 z
615 1602 640 1650 at
652 1598 687 1649 sic
697 1598 851 1663 Philosophus

47 1686 100 1725 non
120 1669 221 1721 intendit
236 1668 312 1721 dicere
331 1670 393 1736 quid
409 1673 528 1735 peccatum
545 1669 729 1734 intemperantic
749 1669 780 1720 sit
794 1684 855 1734 pce·

47 1744 108 1795 mle.
124 1740 176 1793 nlic
193 1742 271 1805 modo,
283 1742 407 1793 recandirm
418 1742 539 1805 quemdam
552 1740 720 1792 similitudinem
740 1756 747 1792 :
767 1746 790 1792 el
809 1742 855 1793 tcc

47 1816 121 1867 modo
140 1817 236 1878 peccota
258 1812 439 1879 ntemperantic
462 1812 706 1877 puerilicdicnntnr.
731 1814 853 1863 Peccatum

48 1887 117 1941 enim
137 1885 317 1949 intemperante
332 1888 369 1936 cet
386 1887 504 1949 peccatum
519 1886 638 1948 superduc
651 1883 853 1947 oncupiscentia,

48 1973 105 2025 qum
120 1956 258 2009 mimiletar
270 1968 341 2021 puero
354 1956 429 2020 qnoud
439 1954 492 2008 trie.
505 1954 581 2007 Primd
594 1954 817 2019 quidempquantum
826 1954 854 2006 ud

50 2034 75 2083 id
86 2029 150 2095 quod
158 2031 254 2092 uterque
263 2027 358 2092 appetit.
370 2026 504 2079 sicutenim
515 2026 622 2091 puer„ita
633 2030 657 2077 et
670 2026 853 2090 coucupiscentia

50 2103 144 2170 appetit
161 2100 246 2165 aliquid
260 2103 328 2165 turpe
349 2116 355 2151 ι
375 2100 442 2165 cujnn
459 2100 517 2151 ratio
541 2102 591 2157 cut,
606 2100 659 2163 qula
679 2098 815 2164 pnlclrnm
830 2098 855 2149 in

51 2176 125 2229 renue
139 2172 246 2223 humanis
261 2172 384 2222 anenditm
398 2175 466 2235 prout
478 2170 564 2235 aliquid
578 2173 613 2220 cst
625 2168 753 2220 ordinatum
770 2180 856 2219 mun·

51 2245 110 2299 dirm
121 2243 243 2295 radonem.
254 2244 318 2294 Unde
332 2244 417 2293 Tulliae
427 2241 483 2293 dicit
495 2242 520 2292 in
528 2243 546 2292 l.
557 2242 594 2291 Dc
603 2242 687 2306 offic,
701 2239 760 2304 qndd
776 2240 856 2304 cpul-

52 2320 137 2369 clmnm
149 2319 202 2377 cet,
214 2316 275 2379 quod
288 2317 465 2365 consentaneum
475 2317 512 2365 eet
521 2312 622 2365 hominis
632 2311 774 2363 excellentie
787 2311 813 2363 in
827 2325 855 2365 eo

53 2391 82 2441 in
91 2400 139 2455 qna
151 2391 233 2437 notura
243 2386 295 2451 ejus
304 2384 419 2449 treliqnin
428 2385 584 2436 animantibus
596 2384 702 2436 differt.»
712 2384 772 2435 Puer
780 2387 856 2436 annm

54 2473 104 2511 non
118 2458 215 2509 attendit
227 2458 255 2509 ad
271 2458 372 2511 ordinem
385 2456 480 2509 rationis
489 2473 494 2507 ε
504 2461 527 2508 el
540 2456 645 2509 similiter
658 2457 857 2521 concupiscentia

53 2547 106 2583 raon
122 2531 197 2581 ondit
216 2531 359 2594 rationem
373 2538 400 2581 nt
413 2530 495 2581 dircitm
512 2530 538 2581 in
559 2530 609 2579 Vll.
628 2528 712 2579 nette.
735 2526 856 2593 Secundi,

55 2602 200 2655 conveniant
211 2604 322 2667 quantum
336 2603 364 2654 ud
376 2606 492 2654 arentum.
506 2602 567 2652 Puer
579 2600 641 2652 enim
654 2600 676 2650 el
688 2612 734 2651 ene
745 2599 858 2651 uoluntati

56 2674 195 2738 dictitetur,
203 2672 283 2725 crescit
293 2674 318 2725 in
329 2673 422 2738 propria
433 2675 553 2725 uotnntate
568 2686 574 2723 ι
589 2670 650 2723 unde
665 2669 770 2731 Eccleu„
781 2670 856 2735 xllx,

57 2834 120 2879 deco
129 2828 263 2890 pntetrm
275 2829 405 2875 nolim
417 2826 619 2884 delectationem
633 2827 812 2875 construendum
822 2832 859 2875 eut

59 2901 86 2943 ut
98 2894 139 2943 nlo
152 2894 183 2942 ed
195 2892 324 2951 pleniorem
332 2904 437 2941 mecm.
