1934 3284
113 173 161 222 ets
247 173 495 232 meminissemus,
513 180 608 228 oum.
626 179 661 229 cr,
676 175 732 217 sur.
749 175 776 216 ιι.

117 263 151 311 lie
173 259 251 314 Ce'oit.
269 260 318 310 Det
331 259 399 324 (esp.
414 263 445 320 t,
463 257 503 310 ubi
525 257 623 322 cupri),
642 272 656 304 u
674 253 812 322 moresvslpi
827 265 922 306 uomere

114 331 205 396 pietatis
227 330 296 381 etism
315 330 339 380 iu
362 329 467 396 operibus
486 328 671 380 muodcordici
710 331 829 391 neumtrm3
855 327 925 390 quod

115 404 167 454 ideo
181 401 274 453 arbitror
286 401 399 464 euenisse,
414 401 466 465 quis
479 403 529 452 hee
541 399 591 450 iteri
603 399 704 464 precipu
737 399 830 449 maudut
841 399 924 462 deus,

116 487 166 537 qne
184 472 230 524 sitsi
245 487 291 538 pre
302 473 416 524 sacrificiis
427 473 515 537 plaeere
530 474 637 533 testetur,
650 483 680 522 ex
694 483 739 534 qus
752 469 928 520 cousuetudine

115 545 244 596 factumest
258 548 283 594 ut
296 545 357 594 dens
371 544 418 608 ipse
431 544 485 608 pius
497 543 593 594 dicitnr.

147 616 180 665 dd
190 617 281 666 teritum
293 615 420 678 dicendum,
431 613 492 678 quod
503 612 720 664 communicationes
732 611 923 676 wnmuguneo-

116 699 165 738 rum
180 691 204 737 et
219 685 348 738 concivium
364 685 435 749 meme
448 685 578 736 referuntur
590 685 619 734 sd
634 683 746 748 principis
762 681 835 734 nostri
846 697 923 743 esse,

117 757 185 822 quim
201 757 251 809 atie
269 756 503 820 communicationem
517 760 540 808 et
555 757 607 808 ideo
622 756 652 808 sd
664 757 708 806 nas
720 767 804 806 nomen
824 753 927 819 pietatis

118 829 191 894 magis
201 829 338 881 extenditur.

416 935 576 988 sumendos
589 935 618 985 11.

190 1063 276 1110 Uirium
285 1063 362 1120 pictus
378 1060 486 1107 exhibeat
497 1059 637 1116 concitem
650 1059 854 1103 sesmntote'ossem.

153 1191 186 1240 dd
204 1189 326 1240 secuudum
339 1187 373 1238 sie
385 1186 522 1252 proceditur.
533 1186 629 1237 videtur
638 1183 699 1248 quod
710 1183 784 1247 pietas
798 1185 925 1234 nouexhi·

123 1261 174 1311 beot
195 1258 327 1324 parentibus
344 1257 544 1309 sustentationem.
567 1257 601 1306 td
621 1255 728 1319 pietstcm
748 1254 809 1304 euim
834 1254 930 1306 ridetur

125 1331 240 1394 pertinere
254 1329 309 1380 iilud
322 1332 462 1393 preceptum
481 1327 602 1390 decalogi:
618 1344 632 1374 ιι
646 1327 736 1377 Honora
754 1329 843 1389 putrem
859 1329 929 1377 tuum

123 1405 147 1452 et
160 1405 254 1451 matrem
266 1404 337 1450 tuom.
352 1417 365 1447 o
385 1400 430 1451 Sed
446 1399 479 1448 ibi
491 1412 537 1449 uon
548 1398 681 1462 precipitur
697 1395 744 1446 uisi
754 1397 848 1447 honoris
859 1397 928 1447 eriri-

123 1471 188 1522 hitio.
198 1473 257 1535 Ergo
268 1471 296 1521 od
308 1471 416 1536 pietatem
427 1485 473 1521 uou
481 1469 582 1535 pertinet
593 1468 781 1520 sustentationem
790 1467 929 1532 parentibus

124 1542 240 1594 exhihere.

157 1619 180 1664 2.
196 1615 322 1677 Praeterea,
344 1613 388 1664 iliis
408 1615 476 1668 homo
492 1613 559 1666 debet
576 1610 743 1674 thesaurisare,
759 1623 816 1674 ques
836 1614 933 1663 terretur

125 1689 259 1737 sustentare.
270 1685 314 1736 Sed
325 1685 449 1736 secuudirm
464 1684 598 1749 Apostolum
611 1684 651 1750 (ut
665 1683 790 1736 umcmrrt
801 1683 838 1732 ad
851 1683 924 1739 Gor„

126 1755 197 1823 iiii),
214 1774 228 1804 u
243 1757 283 1806 idii
296 1769 342 1807 uon
355 1755 438 1808 debent
459 1755 611 1808 thesaurizare
624 1753 763 1819 perentibus
778 1770 793 1802 c
806 1755 865 1818 Ergo
878 1767 928 1805 nou

127 1831 233 1879 tenentur
245 1840 284 1878 eos
298 1840 338 1891 per
347 1826 454 1890 pietatem
468 1831 604 1878 sustentare.

160 1903 182 1948 3.
198 1899 321 1960 Praeterea,
334 1897 408 1962 pietas
421 1911 466 1948 uon
476 1896 550 1948 sotium
562 1896 664 1948 extendit
675 1909 701 1946 se
715 1895 744 1947 ad
754 1899 874 1960 petentes,
883 1899 925 1948 sed

106 1957 114 1977 ⁸
128 1969 237 2020 etiamad
251 1968 307 2020 aiios
321 1968 501 2032 consanguineos
514 1972 539 2018 et
552 1967 674 2029 munires,
685 1970 711 2016 ut
721 1965 808 2017 dictum
818 1971 863 2016 est.
878 1968 924 2017 Sed

73 2095 78 2114 ι
129 2054 175 2092 uon
191 2043 280 2091 tenetur
293 2038 373 2102 aliquis
388 2051 468 2089 omues
485 2037 665 2101 consanguineos
680 2041 704 2087 et
717 2035 823 2087 eoueiues
834 2041 928 2088 susten·

129 2116 185 2163 tere.
195 2111 254 2174 Ergo
268 2123 310 2160 use
323 2108 390 2160 etism
405 2113 495 2160 tenetur
505 2110 533 2159 ad
548 2108 737 2160 sustentationem
748 2110 878 2172 parentum.

160 2183 204 2233 Sed
213 2184 291 2232 eontra
300 2184 349 2243 esi,
361 2179 421 2244 qudd
434 2180 552 2241 Dominus,
566 2179 666 2235 diuiti„
675 2180 725 2243 XV,
741 2178 857 2241 redarguit
868 2181 934 2244 pirc-

129 2254 206 2306 risaeos
220 2253 279 2317 quod
297 2251 452 2316 impediebant
470 2252 529 2303 iiiios
542 2265 571 2302 ne
588 2251 721 2315 psrsutihus
737 2250 930 2302 susteutsm'ouem

130 2326 271 2376 exhiberent.

166 2397 326 2458 (Corcuosro.
334 2395 502 2458 -ouanquom
515 2393 606 2457 pietatis
619 2393 695 2446 officio
708 2394 782 2444 honor
794 2395 928 2457 parentibus

131 2480 172 2532 per
185 2481 209 2517 se
224 2467 254 2516 sit
267 2465 422 2528 exhibendus,
433 2470 523 2530 oportet
537 2470 615 2517 tamen
624 2470 650 2516 ut
660 2479 690 2516 cx
698 2464 783 2530 pietste
792 2466 930 2516 iseuedcium

132 2538 288 2598 subventionis
305 2551 332 2587 ec
345 2537 520 2590 sustentationis
534 2541 655 2602 prestetur
676 2535 810 2601 peremtione
828 2536 931 2588 uecessi-

133 2613 201 2660 totem
218 2607 382 2672 patientibus.)

164 2680 297 2744 Respondeo
313 2679 450 2740 dicendum,
465 2679 526 2743 qudd
543 2678 675 2743 parentibus
697 2685 722 2731 et
736 2678 868 2730 concivibus
887 2679 931 2730 sii-

133 2750 189 2814 quid
200 2751 291 2802 debetur
302 2748 436 2813 dupliciter:
451 2764 497 2801 uuo
513 2751 577 2800 modo
589 2762 630 2812 per
639 2763 674 2814 se,
688 2751 734 2802 adio
743 2752 808 2804 modo
818 2762 859 2816 per
870 2751 930 2801 soei·

134 2821 199 2873 deus.
214 2822 257 2872 Per
274 2834 299 2871 se
319 2820 411 2883 quidem
434 2821 528 2872 debetur
546 2820 581 2870 eis
597 2820 621 2870 id
637 2822 699 2883 quod
717 2823 784 2874 decet
803 2825 891 2885 pstrsrn
905 2821 934 2874 iu

134 2897 242 2962 quantum
252 2895 317 2960 poter
327 2895 375 2956 est3
386 2891 427 2956 qui
437 2891 489 2944 edm
502 2891 532 2944 sit
541 2891 660 2955 superior,
669 2893 734 2957 qussi
742 2892 881 2959 principium
889 2893 934 2950 filii
