1934 3284
366 180 399 218 ss
413 177 560 220 somnum
815 171 863 220 stt

59 254 178 316 eumdem
189 251 273 318 siquid
286 256 321 305 est
333 253 417 308 vitute
428 256 586 320 excellentius,
599 256 686 308 scilcet
699 257 759 308 dens
770 261 795 310 et
804 259 864 310 lea-

61 325 152 389 titudo;
170 328 194 376 et
216 325 346 388 hujusmodi
361 340 408 378 non
427 332 481 378 sunt
502 328 534 377 ita
552 327 618 378 notis
636 341 679 392 per
697 328 861 394 experientiem

61 401 131 460 nota,
155 397 214 447 sicut
229 397 326 448 uirtutm
344 397 467 451 secuudum
487 411 544 464 onas
565 399 665 463 qnotidie
682 413 814 466 operamur,
837 407 861 453 et

59 469 111 521 ideo
122 469 196 520 uirtus
210 470 283 532 magis
302 470 345 521 sibi
359 470 458 522 uindicm
471 484 555 522 nomen
564 470 670 523 lonesti.
680 473 730 524 nlla
743 472 797 524 read
809 487 862 538 que

61 545 117 592 sunt
136 540 195 590 inira
215 539 337 605 uirtutem,
356 542 496 593 honorantur
515 543 540 592 ln
553 546 663 606 euentum
680 544 816 608 coadjuvant
832 546 862 596 ad

62 611 219 676 operationem
233 610 338 676 uirtutis,
356 611 414 664 sicut
431 613 551 678 nobilitas,
565 615 669 679 potentia
681 619 705 666 et
719 615 812 668 divitia
832 616 863 669 tte

62 683 125 733 enim
144 682 295 746 Philosophus
313 683 368 734 dicit
380 684 405 734 iu
420 685 459 736 tv,
475 685 776 751 Etdic.(cap.ivs18),
794 689 863 738 uhu·

58 753 161 818 jusmodi
169 754 327 806 honorenturd
335 756 527 818 quibusdam‚sed
535 757 661 808 secunddm
670 757 789 810 veritatem
798 758 861 812 sulus

61 826 136 878 bonus
151 830 187 878 est
206 827 360 878 honorandus.
377 845 391 875 u
405 829 482 880 lionis
494 833 571 880 sutem
586 828 716 893 celedonis
735 829 863 881 secuuddm

60 896 182 961 uirtutem,
195 901 219 947 et
228 898 279 948 ideo
293 897 370 948 uirtuti
379 899 471 962 quidem
481 901 576 952 deletur
584 901 650 963 laus,
663 899 787 951 secunddm
800 899 863 964 qued

62 972 97 1018 est
109 967 238 1034 appetibilis
251 973 344 1034 propter
357 970 432 1036 aliud3
447 973 520 1022 hemor
532 977 622 1036 numm,
636 977 704 1036 prout
722 975 758 1023 est
774 972 863 1037 appeti·

61 1040 114 1090 bilis
131 1045 224 1104 propter
242 1041 355 1106 seipsam,
370 1046 394 1094 et
407 1043 533 1096 secundism
546 1046 590 1096 hoe
607 1045 675 1095 limet
687 1044 798 1095 rationem
813 1046 863 1096 lto-

61 1115 137 1163 nesti.

92 1186 127 1235 lid
145 1184 238 1236 tertium
253 1183 387 1248 dicendum,
401 1183 462 1249 quod
481 1185 541 1236 sicut
557 1186 642 1238 dictum
660 1191 710 1250 est,
730 1187 859 1240 loneetum

60 1257 169 1322 importat
181 1254 295 1306 deditum
306 1255 416 1306 toneris.
428 1257 505 1308 llonor
514 1263 591 1308 autem
602 1262 639 1308 est
647 1258 784 1310 contestatio
794 1272 859 1322 que-

60 1329 114 1378 dam
131 1327 160 1378 de
177 1326 311 1378 excellentia
330 1325 442 1392 alicujus,
453 1331 480 1377 ut
497 1327 567 1392 supra
585 1329 718 1381 dictumest
730 1330 788 1395 (qn.
800 1334 859 1392 1⁰3,

60 1403 104 1450 art.
118 1403 129 1450 l
143 1399 162 1463 ).
177 1397 341 1450 Testimonium
352 1403 427 1450 autem
438 1412 484 1450 non
494 1400 607 1465 proicitur
619 1401 700 1454 niside
708 1403 857 1462 redssnotis.

60 1471 158 1522 interior
173 1473 249 1521 summ
264 1469 346 1522 electio
357 1484 403 1522 uon
414 1471 536 1523 innotescit
548 1473 617 1523 homo
629 1472 674 1523 nisi
684 1486 726 1537 per
734 1472 861 1526 exteriores

60 1548 125 1594 sotus
141 1558 147 1592 ε
164 1537 187 1594 o
206 1541 256 1594 ideo
273 1542 370 1593 exterior
389 1543 531 1595 conuersatio
552 1545 621 1596 halet
638 1544 747 1598 rationem
765 1547 862 1596 sonesti

61 1614 188 1668 secuuddm
211 1613 271 1679 quod
290 1620 326 1666 est
341 1617 519 1672 demonstrativa
538 1616 653 1669 interioris
667 1617 818 1670 rectitudinis.
832 1618 863 1668 lit

60 1692 155 1754 propter
164 1689 207 1738 hoc
216 1685 344 1738 radicaliter
355 1689 465 1740 honestas
474 1688 580 1740 consistit
591 1690 616 1740 in
627 1690 730 1741 interiori
738 1690 860 1754 electione,

60 1757 213 1824 significative
225 1763 300 1810 autem
313 1759 337 1810 in
351 1759 452 1810 interiori
462 1761 643 1812 conversatione.

94 1833 129 1884 nd
141 1833 244 1895 quantuni
257 1829 391 1893 dicendum,
404 1831 463 1892 qudd
476 1832 531 1894 quia
543 1830 667 1882 secontiam
678 1833 794 1898 sulmrem
809 1833 861 1900 opi·

60 1904 154 1956 nionem
167 1900 301 1952 excellentia
312 1900 441 1953 divitiarum
459 1901 515 1952 lacit
530 1903 647 1953 nominem
659 1903 752 1968 dignum
761 1905 858 1967 honere,

58 1975 113 2026 inde
133 1977 170 2024 est
187 1971 245 2036 quod
267 1972 402 2038 quandoque
421 1985 505 2026 nomen
524 1974 662 2024 tonoetatis
680 1975 709 2026 ud
725 1975 861 2028 exteriorem

59 2045 234 2113 prosperitatem
248 2045 390 2096 translertur.

358 2221 520 2276 nstitutus
535 2225 564 2275 Π.

192 2349 277 2396 Utritus
288 2347 412 2396 honestum
425 2351 457 2395 stt
465 2349 529 2396 idem
539 2348 603 2407 qnod
614 2348 732 2396 doemon.

92 2477 127 2528 nd
140 2476 261 2527 secundum
280 2475 313 2527 sie
330 2475 466 2542 proceditur.
480 2476 574 2527 Videtur
587 2475 650 2540 dudd
662 2475 790 2526 honestum
810 2489 858 2529 non

60 2549 92 2601 sit
104 2547 165 2600 idem
180 2547 239 2612 quod
249 2547 378 2598 decorum.
388 2547 453 2598 ilatio
463 2550 526 2598 enim
537 2547 634 2598 honesti
644 2547 740 2598 sumitur
747 2561 777 2598 ex
786 2561 858 2614 apps-

60 2622 120 2686 titu;
137 2633 189 2671 nam
204 2621 347 2672 «honestum
360 2621 467 2684 estquod
481 2632 523 2685 per
532 2633 558 2670 se
571 2618 719 2685 appetitur.»
734 2621 778 2672 Sed
789 2621 859 2673 deeo-

57 2707 121 2742 rum
143 2691 213 2756 magis
234 2691 329 2756 respicit
345 2693 493 2755 conspectum
507 2691 544 2742 coi
563 2692 645 2756 placet.
666 2691 725 2757 Ergo
742 2691 859 2745 morunt

59 2777 109 2816 non
119 2766 155 2814 est
168 2763 228 2813 idem
242 2764 303 2827 quod
315 2763 453 2814 honestum.
569 2770 573 2780 ’

93 2840 118 2886 s.
133 2835 264 2900 preterea,
278 2835 345 2888 decor
355 2833 606 2900 quemdamclaritatem
619 2835 728 2902 monuit,
741 2850 793 2902 qus
806 2849 860 2902 per·

58 2909 120 2962 tinet
130 2907 160 2960 ad
176 2905 287 2966 reticem
301 2906 395 2976 glorie3
409 2905 539 2960 deuotum
547 2909 625 2963 mum
634 2907 729 2976 respicit
738 2911 862 2970 hesma.»
