1934 3284
267 152 297 189 on
310 149 399 191 osium
413 147 565 191 emensum.
770 141 817 190 ebt

46 233 72 277 2.
89 227 214 288 Preterea,
226 242 240 275 n
252 232 331 278 natura
346 240 392 281 uon
403 228 457 279 iacit
472 242 515 293 per
523 230 595 279 multa
607 228 667 293 quod
680 232 758 293 potest
770 228 820 279 beri

28 314 56 350 er
70 311 158 362 nurum,
174 314 188 347 n
200 302 223 349 et
236 300 307 351 multb
323 299 397 351 minis
409 301 488 363 bens,
503 301 542 365 qui
558 300 684 352 ordioutiirs
699 301 767 365 qoem
778 314 819 351 na·

25 385 67 421 nra
87 373 200 435 operatur.
216 370 261 421 Sed
275 374 363 435 poterat
377 374 436 423 lleus
453 372 528 423 iacere
542 377 568 423 ut
586 386 654 422 uuam
667 373 767 436 linguam
785 372 819 423 lo

28 445 113 492 ruentes
123 442 174 506 ejus
185 442 291 507 discipuli
302 444 330 493 ab
346 442 450 495 omuibus
463 443 650 508 intelligerentur.
665 445 729 495 Unde
747 458 817 509 super

29 515 72 563 lud
91 514 157 571 Aet„
178 511 198 563 ll
215 530 221 564 :
242 530 256 562 o
267 515 379 565 Audiebat
393 514 549 579 unusquisque
568 514 644 578 lingna
659 515 700 565 sud
714 514 766 566 illos
784 515 820 567 lo-

27 588 132 648 ueotes,
147 586 230 636 »dicit
242 586 320 637 Glossa
338 586 399 650 quod
415 604 429 635 u
441 586 525 651 linguis
539 587 643 637 omnibns
658 587 818 650 loquebantur,

25 655 54 706 vcl
70 656 113 705 sua
128 657 168 721 (id
181 662 230 721 est,
241 657 362 723 hebraici)
373 658 450 722 lingua
462 660 581 723 loquentes
595 658 623 708 ab
636 659 742 709 omnibus
750 659 818 708 intel-

25 727 155 790 ,gebautun
170 728 230 779 acsi
247 728 345 793 propriis
358 729 499 794 singulorum
513 731 666 793 loquerentur.
684 745 698 776 n
713 730 771 792 Ergo
784 730 818 779 ri·

27 802 86 848 etur
102 798 161 863 qnbd
179 814 226 851 non
242 801 369 852 babuerunt
388 800 508 852 scientiam
528 800 636 864 loquendi
652 800 759 852 omnibns
776 799 819 851 lin·

25 884 80 920 urs.
333 893 336 897 ·

49 945 75 991 3.
93 942 224 1007 Preterea,
241 956 320 995 omnes
330 944 408 1007 gratie
422 944 552 996 derivantur
564 944 577 994 l
590 943 682 995 Cbrbto
693 946 717 994 in
733 956 815 1007 corpus

25 1017 80 1078 jus,
92 1015 151 1077 qood
162 1019 198 1066 est
211 1017 325 1080 Ecclesia3
341 1016 464 1068 secundum
479 1016 532 1067 illud
547 1018 629 1073 Joon„
645 1018 655 1065 l
670 1032 675 1065 :
694 1017 753 1065 ulle
767 1016 817 1080 ple-

25 1084 124 1135 riiudiue
141 1086 192 1149 cjus
210 1098 290 1138 omnes
307 1088 444 1151 accepimns.
459 1106 472 1135 n
487 1088 532 1137 Sed
546 1087 652 1137 Christus
671 1100 716 1138 uon
732 1087 817 1150 legitur

25 1156 92 1205 nisse
105 1156 192 1209 locutus
205 1158 249 1209 nisi
263 1158 307 1209 und
320 1158 409 1223 lingui,
425 1172 467 1210 nec
479 1160 549 1209 etium
563 1171 623 1208 nunc
636 1158 716 1208 fideles
730 1157 816 1221 singuli

25 1227 124 1279 risioni
137 1230 213 1295 lingua
226 1232 355 1295 loquuntur.
368 1233 429 1295 lingo
441 1232 532 1282 ridetur
543 1230 602 1294 qubd
620 1229 724 1294 discipuli
735 1225 820 1279 Cluisti

25 1315 67 1353 ron
86 1308 221 1366 acceperuut
241 1303 270 1353 ad
287 1304 331 1355 boc
348 1304 442 1367 gratiam
467 1306 493 1352 ut
512 1301 617 1352 omnibus
635 1301 719 1364 linguis
736 1301 819 1364 loque-

26 1376 110 1425 entur.

48 1444 98 1495 Sed
113 1448 190 1495 contra
202 1450 251 1507 est,
266 1448 326 1510 quod
344 1446 425 1498 dicitur
439 1447 505 1503 Aet„
520 1447 540 1495 ll
553 1460 559 1496 :
571 1445 632 1514 qubrl
649 1444 756 1507 «repleti
769 1449 823 1493 suut

25 1530 105 1567 ornnes
119 1516 204 1580 Spiritu
218 1523 294 1569 sancto
302 1556 311 1583 ,
324 1523 347 1570 el
364 1523 481 1584 ceperunt
495 1518 557 1582 loqui
573 1517 642 1567 seriis
659 1515 742 1581 linguis
754 1520 822 1581 prout

25 1588 120 1655 lpiritus
133 1592 224 1641 sauctus
238 1591 305 1641 dabat
316 1592 391 1654 eloqui
404 1591 462 1655 illis3
481 1608 496 1639 n
511 1590 549 1640 ubi
560 1590 615 1641 dicit
631 1588 709 1639 Glosse
720 1588 821 1652 Gregorii

26 1661 85 1727 ubd
98 1661 216 1725 ‹usniritus
230 1666 322 1713 sauctus
336 1676 405 1727 snper
418 1663 543 1726 discipulos
556 1661 579 1710 in
592 1660 665 1723 igneis
680 1660 764 1724 linguis
777 1672 822 1725 ap-

30 1732 108 1795 aruit,
118 1736 141 1783 et
155 1734 189 1785 eis
203 1734 303 1786 omniurn
314 1735 441 1798 linguarum
454 1735 551 1784 scientia
564 1734 635 1784 dedit.
651 1748 665 1780 n

55 1807 222 1869 (Concuusro.
242 1831 273 1845 -
291 1806 377 1857 Christi
396 1804 516 1869 discipuli,
530 1802 583 1853 cim
605 1805 632 1853 ad
652 1804 820 1867 praedicandum

28 1876 175 1940 :comgellum
193 1891 234 1943 per
248 1878 377 1929 universum
388 1882 498 1928 terrarum
512 1876 588 1925 orbem
600 1875 666 1925 electi
679 1874 778 1937 luerint,
792 1887 821 1925 ne

29 1951 65 2001 lsi
81 1949 140 1999 alios
154 1950 241 2001 doctori
257 1951 285 2001 ab
299 1951 349 2001 aliis
363 1952 440 2000 esseut
453 1949 563 2011 doeeodi;
578 1946 707 2010 cognitione
720 1947 821 1996 omnium

35 2034 152 2085 nguarnm
167 2022 276 2073 divinitis
291 2022 382 2073 luerunt
394 2019 548 2084 instruendi.)

49 2092 191 2155 Respondeo
207 2094 341 2159 dicendum,
355 2094 416 2159 qubd
433 2092 500 2158 primi
519 2091 624 2155 discipuli
636 2090 718 2140 Christi
734 2090 762 2139 ad
777 2090 821 2139 boc

32 2168 117 2218 rerunt
132 2165 220 2230 abipso
236 2167 316 2231 electi,
330 2172 355 2217 ut
366 2180 406 2231 per
419 2165 552 2216 universum
568 2163 645 2213 orbem
658 2162 821 2222 discurrentes,

32 2242 91 2289 dom
105 2237 157 2300 ejus
170 2237 252 2300 ubique
266 2239 428 2300 praedicarent,
439 2234 563 2287 secundum
576 2234 631 2283 illud
644 2232 748 2290 Mottb„
758 2232 801 2280 ult.
815 2247 820 2279 :

46 2311 140 2359 Enutes
153 2308 231 2359 docete
245 2322 323 2360 omnes
337 2314 422 2372 gentes.
438 2322 452 2355 n
469 2308 520 2357 Non
535 2310 610 2356 nomm
622 2308 670 2354 erat
683 2302 822 2352 conueniens

34 2388 41 2433 t
65 2380 109 2445 qui
124 2378 270 2431 mittebantur
284 2381 312 2431 ad
328 2382 385 2431 alios
397 2380 559 2440 instruendos,
576 2376 706 2440 indigerent
723 2375 752 2424 ab
771 2373 823 2423 eliis

34 2452 107 2505 istrui
124 2452 220 2514 qualiter
233 2453 283 2503 aliis
300 2453 460 2517 loquerentur,
470 2451 508 2502 vel
519 2450 614 2515 qualiter
627 2461 676 2511 que
695 2445 734 2495 alii
745 2446 824 2509 loque·

35 2530 103 2576 :ntur
119 2522 279 2587 intelligerent.
292 2524 420 2575 Praesertim
430 2523 483 2587 quia
493 2524 532 2573 isti
542 2522 581 2585 qui
592 2519 748 2578 mittebantur,
757 2520 822 2566 erant

36 2599 91 2647 nius
113 2594 203 2657 gentis,
218 2595 303 2645 scilicet
317 2596 406 2658 tudae,
423 2592 548 2645 secundnm
561 2593 615 2642 illud
629 2591 702 2646 leot..
719 2588 800 2639 llllllll
815 2605 822 2638 ε

51 2666 101 2727 Qui
115 2666 260 2728 egrediuntur
279 2667 365 2731 impetu
378 2666 391 2716 i
404 2665 492 2729 Jacob,
513 2664 640 2728 implebunt
657 2660 739 2711 sociem
763 2660 824 2711 orbis

38 2740 120 2791 emine.
134 2752 149 2783 u
166 2737 200 2787 llli
210 2738 279 2788 etiam
290 2737 330 2801 qni
345 2738 499 2799 mittebantur,
510 2748 623 2800 paupmes
641 2737 665 2784 et
685 2732 823 2797 impotentes

38 2813 107 2873 ¹unt;
124 2818 168 2859 uec
185 2807 286 2859 delacili
298 2809 434 2875 lenocinio
447 2808 586 2873 reperissent
603 2804 644 2870 qui
660 2816 739 2855 eorum
753 2802 823 2853 rerba

39 2884 73 2935 iis
87 2879 185 2931 lidoliter
196 2880 403 2946 interpretarentur,
417 2881 455 2933 uel
468 2880 539 2931 rerba
558 2879 653 2931 aliorum
673 2877 708 2929 eis
720 2884 820 2940 moune-
