<?xml version="1.0" encoding="UTF-8"?>
<!DOCTYPE html PUBLIC "-//W3C//DTD XHTML 1.0 Transitional//EN"
    "http://www.w3.org/TR/xhtml1/DTD/xhtml1-transitional.dtd">
<html xmlns="http://www.w3.org/1999/xhtml" xml:lang="en" lang="en">
 <head>
  <title>
</title>
<meta http-equiv="Content-Type" content="text/html;charset=utf-8" />
  <meta name='ocr-system' content='tesseract 3.04.00' />
  <meta name='ocr-capabilities' content='ocr_page ocr_carea ocr_par ocr_line ocrx_word'/>
</head>
<body>
  <div class='ocr_page' id='page_1' title='image "./summatheologica05nicogoog_0129.png"; bbox 0 0 1934 3284; ppageno 0'>
   <div class='ocr_carea' id='block_1_1' title="bbox 134 125 855 210">
    <p class='ocr_par' dir='ltr' id='par_1_1' title="bbox 134 125 855 210">
     <span class='ocr_line' id='line_1_1' title="bbox 134 125 855 210; baseline 0 -13"><span class='ocrx_word' id='word_1_1' title='bbox 134 146 182 197; x_wconf 78' lang='lat' dir='ltr'><strong>ttt</strong></span> <span class='ocrx_word' id='word_1_2' title='bbox 218 158 327 198; x_wconf 80' lang='lat' dir='ltr'><strong>arumna</strong></span> <span class='ocrx_word' id='word_1_3' title='bbox 343 156 471 209; x_wconf 69' lang='lat' dir='ltr'><strong>manuos,</strong></span> <span class='ocrx_word' id='word_1_4' title='bbox 488 156 583 204; x_wconf 67' lang='lat' dir='ltr'><strong>eursu</strong></span> <span class='ocrx_word' id='word_1_5' title='bbox 598 125 719 210; x_wconf 70' lang='lat' dir='ltr'><strong>eumin,</strong></span> <span class='ocrx_word' id='word_1_6' title='bbox 734 156 790 197; x_wconf 80' lang='lat' dir='ltr'><strong>aur.</strong></span> <span class='ocrx_word' id='word_1_7' title='bbox 807 158 855 197; x_wconf 76' lang='lat' dir='ltr'><strong>un.</strong></span> 
     </span>
    </p>
   </div>
   <div class='ocr_carea' id='block_1_2' title="bbox 418 342 643 395">
    <p class='ocr_par' dir='ltr' id='par_1_2' title="bbox 418 342 643 395">
     <span class='ocr_line' id='line_1_2' title="bbox 418 342 643 395; baseline 0 -2"><span class='ocrx_word' id='word_1_8' title='bbox 418 342 576 395; x_wconf 76' lang='lat' dir='ltr'><strong>laudunus</strong></span> <span class='ocrx_word' id='word_1_9' title='bbox 592 342 643 393; x_wconf 85' lang='lat' dir='ltr'><strong>llll.</strong></span> 
     </span>
    </p>
   </div>
   <div class='ocr_carea' id='block_1_3' title="bbox 138 468 953 588">
    <p class='ocr_par' dir='ltr' id='par_1_3' title="bbox 138 468 953 588">
     <span class='ocr_line' id='line_1_3' title="bbox 138 468 953 527; baseline -0.006 -11"><span class='ocrx_word' id='word_1_10' title='bbox 138 468 953 527; x_wconf 64' lang='lat' dir='ltr'><strong>Utrdorudoommtotiooemoeldiopenaotiomoottrepstmrm</strong></span> 
     </span>
     <span class='ocr_line' id='line_1_4' title="bbox 403 530 657 588; baseline 0.004 -12"><span class='ocrx_word' id='word_1_11' title='bbox 403 532 498 588; x_wconf 75' lang='lat' dir='ltr'><strong>prolati</strong></span> <span class='ocrx_word' id='word_1_12' title='bbox 512 530 657 577; x_wconf 67' lang='lat' dir='ltr'><strong>authoritas.</strong></span> 
     </span>
    </p>
   </div>
   <div class='ocr_carea' id='block_1_4' title="bbox 102 656 960 2653">
    <p class='ocr_par' dir='ltr' id='par_1_4' title="bbox 133 656 956 1155">
     <span class='ocr_line' id='line_1_5' title="bbox 164 656 951 721; baseline 0.001 -10"><span class='ocrx_word' id='word_1_13' title='bbox 164 660 197 711; x_wconf 87' lang='lat' dir='ltr'><strong>ild</strong></span> <span class='ocrx_word' id='word_1_14' title='bbox 212 658 369 711; x_wconf 83' lang='lat' dir='ltr'><strong>duodecimum</strong></span> <span class='ocrx_word' id='word_1_15' title='bbox 383 658 416 708; x_wconf 88' lang='lat' dir='ltr'><strong>alc</strong></span> <span class='ocrx_word' id='word_1_16' title='bbox 433 657 563 721; x_wconf 75' lang='lat' dir='ltr'><strong>proceditur</strong></span> <span class='ocrx_word' id='word_1_17' title='bbox 576 658 620 716; x_wconf 83' lang='lat' dir='ltr'><strong>(ll.</strong></span> <span class='ocrx_word' id='word_1_18' title='bbox 639 656 732 708; x_wconf 86' lang='lat' dir='ltr'><strong>llidotur</strong></span> <span class='ocrx_word' id='word_1_19' title='bbox 743 658 803 721; x_wconf 87' lang='lat' dir='ltr'><strong>qndd</strong></span> <span class='ocrx_word' id='word_1_20' title='bbox 822 660 854 710; x_wconf 87' lang='lat' dir='ltr'><strong>ad</strong></span> <span class='ocrx_word' id='word_1_21' title='bbox 871 676 951 715; x_wconf 87' lang='lat' dir='ltr'><strong>com-</strong></span> 
     </span>
     <span class='ocr_line' id='line_1_6' title="bbox 133 728 954 794; baseline 0.005 -11"><span class='ocrx_word' id='word_1_22' title='bbox 133 731 280 783; x_wconf 89' lang='lat' dir='ltr'><strong>mutationem</strong></span> <span class='ocrx_word' id='word_1_23' title='bbox 293 733 330 782; x_wconf 83' lang='lat' dir='ltr'><strong>vel</strong></span> <span class='ocrx_word' id='word_1_24' title='bbox 340 730 532 794; x_wconf 69' lang='lat' dir='ltr'><strong>dispensationem</strong></span> <span class='ocrx_word' id='word_1_25' title='bbox 544 728 592 779; x_wconf 78' lang='lat' dir='ltr'><strong>soti</strong></span> <span class='ocrx_word' id='word_1_26' title='bbox 601 741 650 779; x_wconf 89' lang='lat' dir='ltr'><strong>uon</strong></span> <span class='ocrx_word' id='word_1_27' title='bbox 660 728 786 792; x_wconf 74' lang='lat' dir='ltr'><strong>requiratur</strong></span> <span class='ocrx_word' id='word_1_28' title='bbox 795 732 888 794; x_wconf 83' lang='lat' dir='ltr'><strong>praelati</strong></span> <span class='ocrx_word' id='word_1_29' title='bbox 902 750 954 787; x_wconf 92' lang='lat' dir='ltr'><strong>an-</strong></span> 
     </span>
     <span class='ocr_line' id='line_1_7' title="bbox 134 798 952 865; baseline 0.005 -12"><span class='ocrx_word' id='word_1_30' title='bbox 134 804 236 855; x_wconf 81' lang='lat' dir='ltr'><strong>thericus.</strong></span> <span class='ocrx_word' id='word_1_31' title='bbox 251 801 337 865; x_wconf 79' lang='lat' dir='ltr'><strong>Aliquis</strong></span> <span class='ocrx_word' id='word_1_32' title='bbox 348 800 409 853; x_wconf 87' lang='lat' dir='ltr'><strong>enim</strong></span> <span class='ocrx_word' id='word_1_33' title='bbox 420 803 495 865; x_wconf 84' lang='lat' dir='ltr'><strong>potest</strong></span> <span class='ocrx_word' id='word_1_34' title='bbox 508 800 591 849; x_wconf 89' lang='lat' dir='ltr'><strong>intrare</strong></span> <span class='ocrx_word' id='word_1_35' title='bbox 605 798 739 862; x_wconf 79' lang='lat' dir='ltr'><strong>religionem</strong></span> <span class='ocrx_word' id='word_1_36' title='bbox 750 802 837 865; x_wconf 80' lang='lat' dir='ltr'><strong>absque</strong></span> <span class='ocrx_word' id='word_1_37' title='bbox 853 808 952 858; x_wconf 85' lang='lat' dir='ltr'><strong>antho-</strong></span> 
     </span>
     <span class='ocr_line' id='line_1_8' title="bbox 133 871 956 939; baseline 0.001 -12"><span class='ocrx_word' id='word_1_38' title='bbox 133 876 199 927; x_wconf 80' lang='lat' dir='ltr'><strong>ritate</strong></span> <span class='ocrx_word' id='word_1_39' title='bbox 214 874 312 936; x_wconf 87' lang='lat' dir='ltr'><strong>alicujus</strong></span> <span class='ocrx_word' id='word_1_40' title='bbox 325 872 448 939; x_wconf 88' lang='lat' dir='ltr'><strong>superioris</strong></span> <span class='ocrx_word' id='word_1_41' title='bbox 458 872 555 935; x_wconf 78' lang='lat' dir='ltr'><strong>prelati.</strong></span> <span class='ocrx_word' id='word_1_42' title='bbox 569 871 614 922; x_wconf 85' lang='lat' dir='ltr'><strong>Sed</strong></span> <span class='ocrx_word' id='word_1_43' title='bbox 632 884 673 936; x_wconf 86' lang='lat' dir='ltr'><strong>per</strong></span> <span class='ocrx_word' id='word_1_44' title='bbox 687 871 807 923; x_wconf 87' lang='lat' dir='ltr'><strong>introitum</strong></span> <span class='ocrx_word' id='word_1_45' title='bbox 820 874 956 939; x_wconf 74' lang='lat' dir='ltr'><strong>religionis</strong></span> 
     </span>
     <span class='ocr_line' id='line_1_9' title="bbox 133 942 954 1004; baseline 0 -7"><span class='ocrx_word' id='word_1_46' title='bbox 133 946 256 997; x_wconf 79' lang='lat' dir='ltr'><strong>absolutor</strong></span> <span class='ocrx_word' id='word_1_47' title='bbox 269 946 337 997; x_wconf 89' lang='lat' dir='ltr'><strong>homo</strong></span> <span class='ocrx_word' id='word_1_48' title='bbox 350 944 363 995; x_wconf 79' lang='lat' dir='ltr'><strong>&#39;a</strong></span> <span class='ocrx_word' id='word_1_49' title='bbox 376 942 468 995; x_wconf 84' lang='lat' dir='ltr'><strong>valisin</strong></span> <span class='ocrx_word' id='word_1_50' title='bbox 484 944 567 994; x_wconf 80' lang='lat' dir='ltr'><strong>seculo</strong></span> <span class='ocrx_word' id='word_1_51' title='bbox 583 942 662 1004; x_wconf 85' lang='lat' dir='ltr'><strong>tactis,</strong></span> <span class='ocrx_word' id='word_1_52' title='bbox 681 942 749 993; x_wconf 90' lang='lat' dir='ltr'><strong>etiam</strong></span> <span class='ocrx_word' id='word_1_53' title='bbox 765 943 779 993; x_wconf 85' lang='lat' dir='ltr'><strong>l</strong></span> <span class='ocrx_word' id='word_1_54' title='bbox 795 948 852 995; x_wconf 81' lang='lat' dir='ltr'><strong>noto</strong></span> <span class='ocrx_word' id='word_1_55' title='bbox 870 950 954 1003; x_wconf 78' lang='lat' dir='ltr'><strong>terrae</strong></span> 
     </span>
     <span class='ocr_line' id='line_1_10' title="bbox 134 1014 952 1081; baseline -0.005 -10"><span class='ocrx_word' id='word_1_56' title='bbox 134 1023 227 1071; x_wconf 80' lang='lat' dir='ltr'><strong>sancte.</strong></span> <span class='ocrx_word' id='word_1_57' title='bbox 253 1020 309 1081; x_wconf 73' lang='lat' dir='ltr'><strong>ugo</strong></span> <span class='ocrx_word' id='word_1_58' title='bbox 329 1016 377 1067; x_wconf 81' lang='lat' dir='ltr'><strong>uoti</strong></span> <span class='ocrx_word' id='word_1_59' title='bbox 397 1016 543 1067; x_wconf 85' lang='lat' dir='ltr'><strong>commutatio</strong></span> <span class='ocrx_word' id='word_1_60' title='bbox 566 1015 601 1065; x_wconf 87' lang='lat' dir='ltr'><strong>vel</strong></span> <span class='ocrx_word' id='word_1_61' title='bbox 620 1014 762 1079; x_wconf 85' lang='lat' dir='ltr'><strong>dispensatio</strong></span> <span class='ocrx_word' id='word_1_62' title='bbox 782 1019 861 1079; x_wconf 86' lang='lat' dir='ltr'><strong>potest</strong></span> <span class='ocrx_word' id='word_1_63' title='bbox 887 1034 952 1073; x_wconf 76' lang='lat' dir='ltr'><strong>esse</strong></span> 
     </span>
     <span class='ocr_line' id='line_1_11' title="bbox 134 1086 609 1155; baseline -0.013 -14"><span class='ocrx_word' id='word_1_64' title='bbox 134 1091 219 1155; x_wconf 88' lang='lat' dir='ltr'><strong>absque</strong></span> <span class='ocrx_word' id='word_1_65' title='bbox 229 1089 365 1141; x_wconf 81' lang='lat' dir='ltr'><strong>atrthorilale</strong></span> <span class='ocrx_word' id='word_1_66' title='bbox 378 1086 500 1151; x_wconf 87' lang='lat' dir='ltr'><strong>superioris</strong></span> <span class='ocrx_word' id='word_1_67' title='bbox 512 1086 609 1151; x_wconf 69' lang='lat' dir='ltr'><strong>praelati.</strong></span> 
     </span>
    </p>

    <p class='ocr_par' dir='ltr' id='par_1_5' title="bbox 102 1157 960 1870">
     <span class='ocr_line' id='line_1_12' title="bbox 165 1157 954 1232; baseline 0.004 -19"><span class='ocrx_word' id='word_1_68' title='bbox 165 1168 189 1213; x_wconf 73' lang='lat'><strong>2.</strong></span> <span class='ocrx_word' id='word_1_69' title='bbox 206 1164 333 1223; x_wconf 79' lang='lat' dir='ltr'><strong>Preterea,</strong></span> <span class='ocrx_word' id='word_1_70' title='bbox 347 1157 487 1223; x_wconf 80' lang='lat' dir='ltr'><strong>dispensatio</strong></span> <span class='ocrx_word' id='word_1_71' title='bbox 505 1159 552 1208; x_wconf 80' lang='lat' dir='ltr'><strong>soti</strong></span> <span class='ocrx_word' id='word_1_72' title='bbox 575 1158 600 1208; x_wconf 94' lang='lat' dir='ltr'><strong>iu</strong></span> <span class='ocrx_word' id='word_1_73' title='bbox 622 1160 666 1209; x_wconf 90' lang='lat' dir='ltr'><strong>hoc</strong></span> <span class='ocrx_word' id='word_1_74' title='bbox 685 1159 810 1209; x_wconf 74' lang='lat' dir='ltr'><strong>musiniano</strong></span> <span class='ocrx_word' id='word_1_75' title='bbox 829 1160 954 1232; x_wconf 83' lang='lat' dir='ltr'><strong>videtur,</strong></span> 
     </span>
     <span class='ocr_line' id='line_1_13' title="bbox 134 1230 953 1296; baseline 0.007 -13"><span class='ocrx_word' id='word_1_76' title='bbox 134 1232 194 1296; x_wconf 90' lang='lat' dir='ltr'><strong>qudd</strong></span> <span class='ocrx_word' id='word_1_77' title='bbox 212 1232 373 1284; x_wconf 83' lang='lat' dir='ltr'><strong>determinatur</strong></span> <span class='ocrx_word' id='word_1_78' title='bbox 386 1230 410 1279; x_wconf 94' lang='lat' dir='ltr'><strong>in</strong></span> <span class='ocrx_word' id='word_1_79' title='bbox 428 1242 474 1294; x_wconf 87' lang='lat' dir='ltr'><strong>que</strong></span> <span class='ocrx_word' id='word_1_80' title='bbox 487 1242 540 1281; x_wconf 83' lang='lat' dir='ltr'><strong>casu</strong></span> <span class='ocrx_word' id='word_1_81' title='bbox 554 1232 632 1279; x_wconf 82' lang='lat' dir='ltr'><strong>votum</strong></span> <span class='ocrx_word' id='word_1_82' title='bbox 650 1230 740 1281; x_wconf 87' lang='lat' dir='ltr'><strong>nonsit</strong></span> <span class='ocrx_word' id='word_1_83' title='bbox 757 1230 953 1289; x_wconf 81' lang='lat' dir='ltr'><strong>ohsorrauduru.</strong></span> 
     </span>
     <span class='ocr_line' id='line_1_14' title="bbox 134 1300 952 1368; baseline 0.009 -17"><span class='ocrx_word' id='word_1_84' title='bbox 134 1303 178 1354; x_wconf 86' lang='lat' dir='ltr'><strong>Sed</strong></span> <span class='ocrx_word' id='word_1_85' title='bbox 194 1304 213 1355; x_wconf 87' lang='lat' dir='ltr'><strong>si</strong></span> <span class='ocrx_word' id='word_1_86' title='bbox 230 1305 335 1368; x_wconf 79' lang='lat' dir='ltr'><strong>prolatus</strong></span> <span class='ocrx_word' id='word_1_87' title='bbox 347 1300 405 1353; x_wconf 79' lang='lat' dir='ltr'><strong>mall</strong></span> <span class='ocrx_word' id='word_1_88' title='bbox 415 1300 552 1352; x_wconf 88' lang='lat' dir='ltr'><strong>determinet</strong></span> <span class='ocrx_word' id='word_1_89' title='bbox 556 1338 565 1364; x_wconf 88' lang='lat'><em>,</em></span> <span class='ocrx_word' id='word_1_90' title='bbox 575 1315 622 1353; x_wconf 89' lang='lat' dir='ltr'><strong>nou</strong></span> <span class='ocrx_word' id='word_1_91' title='bbox 635 1301 724 1353; x_wconf 86' lang='lat' dir='ltr'><strong>videtur</strong></span> <span class='ocrx_word' id='word_1_92' title='bbox 737 1314 824 1355; x_wconf 81' lang='lat' dir='ltr'><strong>nouem</strong></span> <span class='ocrx_word' id='word_1_93' title='bbox 835 1317 893 1357; x_wconf 85' lang='lat' dir='ltr'><strong>esse</strong></span> <span class='ocrx_word' id='word_1_94' title='bbox 906 1311 952 1360; x_wconf 84' lang='lat' dir='ltr'><strong>ah-</strong></span> 
     </span>
     <span class='ocr_line' id='line_1_15' title="bbox 135 1372 953 1439; baseline 0.004 -12"><span class='ocrx_word' id='word_1_95' title='bbox 135 1376 222 1427; x_wconf 88' lang='lat' dir='ltr'><strong>solulus</strong></span> <span class='ocrx_word' id='word_1_96' title='bbox 235 1374 249 1427; x_wconf 81' lang='lat' dir='ltr'><strong>l</strong></span> <span class='ocrx_word' id='word_1_97' title='bbox 261 1379 326 1437; x_wconf 80' lang='lat' dir='ltr'><strong>vot03</strong></span> <span class='ocrx_word' id='word_1_98' title='bbox 337 1374 391 1439; x_wconf 91' lang='lat' dir='ltr'><strong>quia</strong></span> <span class='ocrx_word' id='word_1_99' title='bbox 409 1373 482 1423; x_wconf 87' lang='lat' dir='ltr'><strong>nulus</strong></span> <span class='ocrx_word' id='word_1_100' title='bbox 500 1374 607 1437; x_wconf 82' lang='lat' dir='ltr'><strong>prelatus</strong></span> <span class='ocrx_word' id='word_1_101' title='bbox 616 1377 692 1437; x_wconf 88' lang='lat' dir='ltr'><strong>potest</strong></span> <span class='ocrx_word' id='word_1_102' title='bbox 705 1372 836 1438; x_wconf 89' lang='lat' dir='ltr'><strong>dispensare</strong></span> <span class='ocrx_word' id='word_1_103' title='bbox 855 1384 953 1433; x_wconf 82' lang='lat' dir='ltr'><strong>eontra</strong></span> 
     </span>
     <span class='ocr_line' id='line_1_16' title="bbox 134 1445 954 1517; baseline -0.001 -20"><span class='ocrx_word' id='word_1_104' title='bbox 134 1450 272 1513; x_wconf 83' lang='lat' dir='ltr'><strong>praeceptum</strong></span> <span class='ocrx_word' id='word_1_105' title='bbox 284 1446 385 1498; x_wconf 79' lang='lat' dir='ltr'><strong>diuinum</strong></span> <span class='ocrx_word' id='word_1_106' title='bbox 397 1446 425 1497; x_wconf 92' lang='lat' dir='ltr'><strong>de</strong></span> <span class='ocrx_word' id='word_1_107' title='bbox 433 1445 549 1510; x_wconf 91' lang='lat' dir='ltr'><strong>implendo</strong></span> <span class='ocrx_word' id='word_1_108' title='bbox 560 1450 628 1506; x_wconf 84' lang='lat' dir='ltr'><strong>voto,</strong></span> <span class='ocrx_word' id='word_1_109' title='bbox 638 1449 663 1495; x_wconf 86' lang='lat' dir='ltr'><strong>ut</strong></span> <span class='ocrx_word' id='word_1_110' title='bbox 678 1446 762 1496; x_wconf 85' lang='lat' dir='ltr'><strong>dictum</strong></span> <span class='ocrx_word' id='word_1_111' title='bbox 776 1451 813 1496; x_wconf 85' lang='lat' dir='ltr'><strong>est</strong></span> <span class='ocrx_word' id='word_1_112' title='bbox 825 1447 893 1509; x_wconf 80' lang='lat' dir='ltr'><strong>tart.</strong></span> <span class='ocrx_word' id='word_1_113' title='bbox 907 1453 954 1517; x_wconf 76' lang='lat'><strong>1),</strong></span> 
     </span>
     <span class='ocr_line' id='line_1_17' title="bbox 135 1516 959 1581; baseline 0.012 -14"><span class='ocrx_word' id='word_1_114' title='bbox 135 1518 242 1571; x_wconf 87' lang='lat' dir='ltr'><strong>Similiter</strong></span> <span class='ocrx_word' id='word_1_115' title='bbox 255 1518 322 1569; x_wconf 83' lang='lat' dir='ltr'><strong>etiam</strong></span> <span class='ocrx_word' id='word_1_116' title='bbox 339 1518 360 1569; x_wconf 87' lang='lat' dir='ltr'><strong>si</strong></span> <span class='ocrx_word' id='word_1_117' title='bbox 372 1516 453 1581; x_wconf 86' lang='lat' dir='ltr'><strong>aliquis</strong></span> <span class='ocrx_word' id='word_1_118' title='bbox 467 1516 558 1581; x_wconf 86' lang='lat' dir='ltr'><strong>pmprii</strong></span> <span class='ocrx_word' id='word_1_119' title='bbox 572 1518 709 1570; x_wconf 79' lang='lat' dir='ltr'><strong>authoritate</strong></span> <span class='ocrx_word' id='word_1_120' title='bbox 722 1516 784 1569; x_wconf 83' lang='lat' dir='ltr'><strong>reete</strong></span> <span class='ocrx_word' id='word_1_121' title='bbox 800 1519 959 1577; x_wconf 81' lang='lat' dir='ltr'><strong>determinet</strong></span> 
     </span>
     <span class='ocr_line' id='line_1_18' title="bbox 134 1586 960 1655; baseline -0.002 -17"><span class='ocrx_word' id='word_1_122' title='bbox 134 1586 159 1640; x_wconf 95' lang='lat' dir='ltr'><strong>in</strong></span> <span class='ocrx_word' id='word_1_123' title='bbox 172 1603 217 1655; x_wconf 91' lang='lat' dir='ltr'><strong>quo</strong></span> <span class='ocrx_word' id='word_1_124' title='bbox 229 1603 284 1641; x_wconf 88' lang='lat' dir='ltr'><strong>caan</strong></span> <span class='ocrx_word' id='word_1_125' title='bbox 301 1593 379 1641; x_wconf 85' lang='lat' dir='ltr'><strong>votum</strong></span> <span class='ocrx_word' id='word_1_126' title='bbox 392 1602 439 1641; x_wconf 90' lang='lat' dir='ltr'><strong>uon</strong></span> <span class='ocrx_word' id='word_1_127' title='bbox 457 1590 488 1641; x_wconf 90' lang='lat' dir='ltr'><strong>sit</strong></span> <span class='ocrx_word' id='word_1_128' title='bbox 500 1589 656 1653; x_wconf 86' lang='lat' dir='ltr'><strong>implendum,</strong></span> <span class='ocrx_word' id='word_1_129' title='bbox 671 1602 717 1641; x_wconf 89' lang='lat' dir='ltr'><strong>nou</strong></span> <span class='ocrx_word' id='word_1_130' title='bbox 731 1589 820 1639; x_wconf 80' lang='lat' dir='ltr'><strong>videtu</strong></span> <span class='ocrx_word' id='word_1_131' title='bbox 836 1595 902 1645; x_wconf 80' lang='lat' dir='ltr'><strong>voto</strong></span> <span class='ocrx_word' id='word_1_132' title='bbox 916 1600 960 1648; x_wconf 67' lang='lat' dir='ltr'><strong>te.</strong></span> 
     </span>
     <span class='ocr_line' id='line_1_19' title="bbox 134 1659 956 1727; baseline 0.002 -16"><span class='ocrx_word' id='word_1_133' title='bbox 134 1663 198 1725; x_wconf 88' lang='lat' dir='ltr'><strong>ueri;</strong></span> <span class='ocrx_word' id='word_1_134' title='bbox 212 1661 264 1726; x_wconf 83' lang='lat' dir='ltr'><strong>quia</strong></span> <span class='ocrx_word' id='word_1_135' title='bbox 276 1666 353 1713; x_wconf 86' lang='lat' dir='ltr'><strong>volum</strong></span> <span class='ocrx_word' id='word_1_136' title='bbox 366 1675 412 1713; x_wconf 89' lang='lat' dir='ltr'><strong>uon</strong></span> <span class='ocrx_word' id='word_1_137' title='bbox 426 1662 547 1725; x_wconf 80' lang='lat' dir='ltr'><strong>obligatio</strong></span> <span class='ocrx_word' id='word_1_138' title='bbox 563 1674 640 1711; x_wconf 75' lang='lat' dir='ltr'><strong>«casu</strong></span> <span class='ocrx_word' id='word_1_139' title='bbox 655 1660 680 1710; x_wconf 90' lang='lat' dir='ltr'><strong>in</strong></span> <span class='ocrx_word' id='word_1_140' title='bbox 695 1673 741 1724; x_wconf 90' lang='lat' dir='ltr'><strong>quo</strong></span> <span class='ocrx_word' id='word_1_141' title='bbox 751 1659 820 1711; x_wconf 80' lang='lat' dir='ltr'><strong>habel</strong></span> <span class='ocrx_word' id='word_1_142' title='bbox 833 1663 956 1727; x_wconf 78' lang='lat' dir='ltr'><strong>pejorem</strong></span> 
     </span>
     <span class='ocr_line' id='line_1_20' title="bbox 102 1730 953 1796; baseline 0.001 -12"><span class='ocrx_word' id='word_1_143' title='bbox 102 1742 109 1758; x_wconf 90' lang='grc'><em>·</em></span> <span class='ocrx_word' id='word_1_144' title='bbox 135 1738 251 1794; x_wconf 80' lang='lat' dir='ltr'><strong>eventum,</strong></span> <span class='ocrx_word' id='word_1_145' title='bbox 262 1749 275 1780; x_wconf 86' lang='lat' dir='ltr'><strong>u</strong></span> <span class='ocrx_word' id='word_1_146' title='bbox 285 1736 310 1783; x_wconf 92' lang='lat' dir='ltr'><strong>ut</strong></span> <span class='ocrx_word' id='word_1_147' title='bbox 320 1733 406 1783; x_wconf 88' lang='lat' dir='ltr'><strong>dictum</strong></span> <span class='ocrx_word' id='word_1_148' title='bbox 419 1736 455 1783; x_wconf 89' lang='lat' dir='ltr'><strong>est</strong></span> <span class='ocrx_word' id='word_1_149' title='bbox 471 1736 528 1796; x_wconf 87' lang='lat' dir='ltr'><strong>(art.</strong></span> <span class='ocrx_word' id='word_1_150' title='bbox 542 1732 584 1794; x_wconf 75' lang='lat' dir='ltr'><strong>tl.</strong></span> <span class='ocrx_word' id='word_1_151' title='bbox 600 1732 659 1796; x_wconf 78' lang='lat' dir='ltr'><strong>Ergo</strong></span> <span class='ocrx_word' id='word_1_152' title='bbox 672 1730 811 1796; x_wconf 82' lang='lat' dir='ltr'><strong>dispensatio</strong></span> <span class='ocrx_word' id='word_1_153' title='bbox 825 1736 879 1785; x_wconf 81' lang='lat' dir='ltr'><strong>noti</strong></span> <span class='ocrx_word' id='word_1_154' title='bbox 893 1751 953 1789; x_wconf 86' lang='lat' dir='ltr'><strong>mon</strong></span> 
     </span>
     <span class='ocr_line' id='line_1_21' title="bbox 135 1803 624 1870; baseline -0.006 -13"><span class='ocrx_word' id='word_1_155' title='bbox 135 1804 229 1870; x_wconf 83' lang='lat' dir='ltr'><strong>requirit</strong></span> <span class='ocrx_word' id='word_1_156' title='bbox 244 1804 404 1855; x_wconf 82' lang='lat' dir='ltr'><strong>authoritatem</strong></span> <span class='ocrx_word' id='word_1_157' title='bbox 417 1804 514 1868; x_wconf 76' lang='lat' dir='ltr'><strong>alicujus</strong></span> <span class='ocrx_word' id='word_1_158' title='bbox 529 1803 624 1868; x_wconf 79' lang='lat' dir='ltr'><strong>prelati.</strong></span> 
     </span>
    </p>

    <p class='ocr_par' dir='ltr' id='par_1_6' title="bbox 135 1874 957 2155">
     <span class='ocr_line' id='line_1_22' title="bbox 169 1874 957 1939; baseline 0.004 -14"><span class='ocrx_word' id='word_1_159' title='bbox 169 1882 191 1927; x_wconf 79' lang='lat'><strong>3.</strong></span> <span class='ocrx_word' id='word_1_160' title='bbox 205 1878 331 1937; x_wconf 75' lang='lat' dir='ltr'><strong>Protendo,</strong></span> <span class='ocrx_word' id='word_1_161' title='bbox 346 1876 365 1927; x_wconf 90' lang='lat' dir='ltr'><strong>si</strong></span> <span class='ocrx_word' id='word_1_162' title='bbox 381 1874 513 1939; x_wconf 88' lang='lat' dir='ltr'><strong>dispensare</strong></span> <span class='ocrx_word' id='word_1_163' title='bbox 527 1874 552 1924; x_wconf 91' lang='lat' dir='ltr'><strong>in</strong></span> <span class='ocrx_word' id='word_1_164' title='bbox 569 1877 623 1924; x_wconf 84' lang='lat' dir='ltr'><strong>volo</strong></span> <span class='ocrx_word' id='word_1_165' title='bbox 638 1875 735 1939; x_wconf 84' lang='lat' dir='ltr'><strong>pertinet</strong></span> <span class='ocrx_word' id='word_1_166' title='bbox 747 1875 777 1924; x_wconf 91' lang='lat' dir='ltr'><strong>ad</strong></span> <span class='ocrx_word' id='word_1_167' title='bbox 797 1879 957 1938; x_wconf 85' lang='lat' dir='ltr'><strong>potestatem</strong></span> 
     </span>
     <span class='ocr_line' id='line_1_23' title="bbox 135 1946 956 2012; baseline 0.006 -14"><span class='ocrx_word' id='word_1_168' title='bbox 135 1948 293 2012; x_wconf 76' lang='lat' dir='ltr'><strong>prelatorum,</strong></span> <span class='ocrx_word' id='word_1_169' title='bbox 303 1947 352 2012; x_wconf 86' lang='lat' dir='ltr'><strong>pari</strong></span> <span class='ocrx_word' id='word_1_170' title='bbox 368 1947 454 1997; x_wconf 90' lang='lat' dir='ltr'><strong>ratione</strong></span> <span class='ocrx_word' id='word_1_171' title='bbox 463 1946 564 2011; x_wconf 84' lang='lat' dir='ltr'><strong>pertinet</strong></span> <span class='ocrx_word' id='word_1_172' title='bbox 574 1948 602 1996; x_wconf 90' lang='lat' dir='ltr'><strong>ad</strong></span> <span class='ocrx_word' id='word_1_173' title='bbox 614 1960 701 1997; x_wconf 87' lang='lat' dir='ltr'><strong>omnes.</strong></span> <span class='ocrx_word' id='word_1_174' title='bbox 714 1948 757 1997; x_wconf 86' lang='lat' dir='ltr'><strong>Sed</strong></span> <span class='ocrx_word' id='word_1_175' title='bbox 771 1959 817 1995; x_wconf 89' lang='lat' dir='ltr'><strong>nou</strong></span> <span class='ocrx_word' id='word_1_176' title='bbox 833 1950 956 2010; x_wconf 85' lang='lat' dir='ltr'><strong>pertinet</strong></span> 
     </span>
     <span class='ocr_line' id='line_1_24' title="bbox 136 2017 955 2083; baseline 0.005 -14"><span class='ocrx_word' id='word_1_177' title='bbox 136 2020 164 2069; x_wconf 88' lang='lat' dir='ltr'><strong>ad</strong></span> <span class='ocrx_word' id='word_1_178' title='bbox 178 2031 257 2069; x_wconf 87' lang='lat' dir='ltr'><strong>omnes</strong></span> <span class='ocrx_word' id='word_1_179' title='bbox 271 2019 401 2083; x_wconf 87' lang='lat' dir='ltr'><strong>dispensare</strong></span> <span class='ocrx_word' id='word_1_180' title='bbox 416 2019 439 2068; x_wconf 96' lang='lat' dir='ltr'><strong>in</strong></span> <span class='ocrx_word' id='word_1_181' title='bbox 458 2017 560 2082; x_wconf 83' lang='lat' dir='ltr'><strong>quoliltet</strong></span> <span class='ocrx_word' id='word_1_182' title='bbox 572 2021 635 2067; x_wconf 81' lang='lat' dir='ltr'><strong>nolo.</strong></span> <span class='ocrx_word' id='word_1_183' title='bbox 655 2018 715 2080; x_wconf 75' lang='lat' dir='ltr'><strong>Ergo</strong></span> <span class='ocrx_word' id='word_1_184' title='bbox 728 2031 773 2070; x_wconf 90' lang='lat' dir='ltr'><strong>uon</strong></span> <span class='ocrx_word' id='word_1_185' title='bbox 791 2019 901 2082; x_wconf 84' lang='lat' dir='ltr'><strong>pertinet</strong></span> <span class='ocrx_word' id='word_1_186' title='bbox 919 2028 955 2073; x_wconf 88' lang='lat' dir='ltr'><strong>ad</strong></span> 
     </span>
     <span class='ocr_line' id='line_1_25' title="bbox 136 2090 654 2155; baseline -0.006 -12"><span class='ocrx_word' id='word_1_187' title='bbox 136 2094 269 2155; x_wconf 89' lang='lat' dir='ltr'><strong>potestatem</strong></span> <span class='ocrx_word' id='word_1_188' title='bbox 283 2091 426 2154; x_wconf 77' lang='lat' dir='ltr'><strong>prelatorum</strong></span> <span class='ocrx_word' id='word_1_189' title='bbox 442 2090 582 2155; x_wconf 87' lang='lat' dir='ltr'><strong>dispensatio</strong></span> <span class='ocrx_word' id='word_1_190' title='bbox 598 2090 654 2140; x_wconf 80' lang='lat' dir='ltr'><strong>noti.</strong></span> 
     </span>
    </p>

    <p class='ocr_par' dir='ltr' id='par_1_7' title="bbox 134 2161 960 2441">
     <span class='ocr_line' id='line_1_26' title="bbox 167 2161 960 2226; baseline 0.006 -13"><span class='ocrx_word' id='word_1_191' title='bbox 167 2164 212 2217; x_wconf 88' lang='lat' dir='ltr'><strong>Sed</strong></span> <span class='ocrx_word' id='word_1_192' title='bbox 227 2167 318 2219; x_wconf 75' lang='lat' dir='ltr'><strong>contu.</strong></span> <span class='ocrx_word' id='word_1_193' title='bbox 335 2162 393 2212; x_wconf 87' lang='lat' dir='ltr'><strong>sieut</strong></span> <span class='ocrx_word' id='word_1_194' title='bbox 410 2163 447 2213; x_wconf 83' lang='lat' dir='ltr'><strong>lex</strong></span> <span class='ocrx_word' id='word_1_195' title='bbox 464 2162 549 2224; x_wconf 74' lang='lat' dir='ltr'><strong>abigat</strong></span> <span class='ocrx_word' id='word_1_196' title='bbox 561 2162 588 2211; x_wconf 90' lang='lat' dir='ltr'><strong>ad</strong></span> <span class='ocrx_word' id='word_1_197' title='bbox 608 2161 694 2225; x_wconf 90' lang='lat' dir='ltr'><strong>aliquid</strong></span> <span class='ocrx_word' id='word_1_198' title='bbox 711 2162 856 2226; x_wconf 86' lang='lat' dir='ltr'><strong>laciendum,</strong></span> <span class='ocrx_word' id='word_1_199' title='bbox 873 2164 913 2215; x_wconf 79' lang='lat' dir='ltr'><strong>ila</strong></span> <span class='ocrx_word' id='word_1_200' title='bbox 931 2176 960 2218; x_wconf 89' lang='lat' dir='ltr'><strong>et</strong></span> 
     </span>
     <span class='ocr_line' id='line_1_27' title="bbox 135 2232 959 2298; baseline 0.004 -14"><span class='ocrx_word' id='word_1_201' title='bbox 135 2238 223 2287; x_wconf 86' lang='lat' dir='ltr'><strong>votum.</strong></span> <span class='ocrx_word' id='word_1_202' title='bbox 239 2235 281 2285; x_wconf 87' lang='lat' dir='ltr'><strong>Sed</strong></span> <span class='ocrx_word' id='word_1_203' title='bbox 296 2232 324 2285; x_wconf 86' lang='lat' dir='ltr'><strong>ad</strong></span> <span class='ocrx_word' id='word_1_204' title='bbox 334 2234 510 2297; x_wconf 86' lang='lat' dir='ltr'><strong>dispensandum</strong></span> <span class='ocrx_word' id='word_1_205' title='bbox 522 2233 546 2283; x_wconf 90' lang='lat' dir='ltr'><strong>iu</strong></span> <span class='ocrx_word' id='word_1_206' title='bbox 557 2236 668 2297; x_wconf 78' lang='lat' dir='ltr'><strong>precepto</strong></span> <span class='ocrx_word' id='word_1_207' title='bbox 679 2234 736 2297; x_wconf 77' lang='lat' dir='ltr'><strong>legis</strong></span> <span class='ocrx_word' id='word_1_208' title='bbox 745 2272 751 2294; x_wconf 89' lang='lat'>,</span> <span class='ocrx_word' id='word_1_209' title='bbox 761 2234 891 2298; x_wconf 76' lang='lat' dir='ltr'><strong>requiritur</strong></span> <span class='ocrx_word' id='word_1_210' title='bbox 908 2251 959 2287; x_wconf 91' lang='lat' dir='ltr'><strong>su-</strong></span> 
     </span>
     <span class='ocr_line' id='line_1_28' title="bbox 135 2304 957 2371; baseline 0.001 -14"><span class='ocrx_word' id='word_1_211' title='bbox 135 2307 231 2369; x_wconf 88' lang='lat' dir='ltr'><strong>perioris</strong></span> <span class='ocrx_word' id='word_1_212' title='bbox 245 2306 379 2368; x_wconf 85' lang='lat' dir='ltr'><strong>authoritas,</strong></span> <span class='ocrx_word' id='word_1_213' title='bbox 389 2308 490 2369; x_wconf 87' lang='lat' dir='ltr'><strong>utsupra</strong></span> <span class='ocrx_word' id='word_1_214' title='bbox 500 2305 582 2355; x_wconf 90' lang='lat' dir='ltr'><strong>dictum</strong></span> <span class='ocrx_word' id='word_1_215' title='bbox 597 2304 648 2369; x_wconf 88' lang='lat' dir='ltr'><strong>eat(</strong></span> <span class='ocrx_word' id='word_1_216' title='bbox 659 2308 716 2367; x_wconf 53' lang='grc' dir='ltr'><strong>ιβ,</strong></span> <span class='ocrx_word' id='word_1_217' title='bbox 727 2318 767 2369; x_wconf 89' lang='lat' dir='ltr'><strong>qu.</strong></span> <span class='ocrx_word' id='word_1_218' title='bbox 783 2309 825 2367; x_wconf 75' lang='lat' dir='ltr'><strong>tl,</strong></span> <span class='ocrx_word' id='word_1_219' title='bbox 838 2310 888 2357; x_wconf 90' lang='lat' dir='ltr'><strong>art.</strong></span> <span class='ocrx_word' id='word_1_220' title='bbox 907 2311 957 2371; x_wconf 81' lang='lat' dir='ltr'><strong>t).</strong></span> 
     </span>
     <span class='ocr_line' id='line_1_29' title="bbox 134 2374 730 2441; baseline 0.002 -16"><span class='ocrx_word' id='word_1_221' title='bbox 134 2377 194 2439; x_wconf 77' lang='lat' dir='ltr'><strong>urge</strong></span> <span class='ocrx_word' id='word_1_222' title='bbox 207 2378 257 2441; x_wconf 85' lang='lat' dir='ltr'><strong>pari</strong></span> <span class='ocrx_word' id='word_1_223' title='bbox 268 2377 356 2429; x_wconf 84' lang='lat' dir='ltr'><strong>latione</strong></span> <span class='ocrx_word' id='word_1_224' title='bbox 370 2376 438 2427; x_wconf 88' lang='lat' dir='ltr'><strong>etiam</strong></span> <span class='ocrx_word' id='word_1_225' title='bbox 456 2376 480 2427; x_wconf 94' lang='lat' dir='ltr'><strong>iu</strong></span> <span class='ocrx_word' id='word_1_226' title='bbox 491 2374 661 2439; x_wconf 87' lang='lat' dir='ltr'><strong>dispensatione</strong></span> <span class='ocrx_word' id='word_1_227' title='bbox 675 2376 730 2427; x_wconf 82' lang='lat' dir='ltr'><strong>voti.</strong></span> 
     </span>
    </p>

    <p class='ocr_par' dir='ltr' id='par_1_8' title="bbox 135 2445 958 2653">
     <span class='ocr_line' id='line_1_30' title="bbox 170 2445 958 2513; baseline 0.006 -16"><span class='ocrx_word' id='word_1_228' title='bbox 170 2448 328 2511; x_wconf 81' lang='lat' dir='ltr'><strong>(Concursus.</strong></span> <span class='ocrx_word' id='word_1_229' title='bbox 340 2472 371 2487; x_wconf 80' lang='lat'><em>-</em></span> <span class='ocrx_word' id='word_1_230' title='bbox 383 2446 439 2497; x_wconf 86' lang='lat' dir='ltr'><strong>Ciuu</strong></span> <span class='ocrx_word' id='word_1_231' title='bbox 453 2448 558 2511; x_wconf 75' lang='lat' dir='ltr'><strong>praelatus</strong></span> <span class='ocrx_word' id='word_1_232' title='bbox 573 2445 599 2497; x_wconf 94' lang='lat' dir='ltr'><strong>iu</strong></span> <span class='ocrx_word' id='word_1_233' title='bbox 610 2446 711 2497; x_wconf 74' lang='lat' dir='ltr'><strong>Ecclesia</strong></span> <span class='ocrx_word' id='word_1_234' title='bbox 721 2445 761 2496; x_wconf 80' lang='lat' dir='ltr'><strong>liei</strong></span> <span class='ocrx_word' id='word_1_235' title='bbox 772 2446 847 2498; x_wconf 82' lang='lat' dir='ltr'><strong>ricem</strong></span> <span class='ocrx_word' id='word_1_236' title='bbox 868 2458 958 2513; x_wconf 74' lang='lat' dir='ltr'><strong>gerat,</strong></span> 
     </span>
     <span class='ocr_line' id='line_1_31' title="bbox 135 2516 958 2585; baseline -0.002 -16"><span class='ocrx_word' id='word_1_237' title='bbox 135 2531 181 2571; x_wconf 88' lang='lat' dir='ltr'><strong>nou</strong></span> <span class='ocrx_word' id='word_1_238' title='bbox 197 2523 272 2582; x_wconf 86' lang='lat' dir='ltr'><strong>potest</strong></span> <span class='ocrx_word' id='word_1_239' title='bbox 286 2520 371 2583; x_wconf 79' lang='lat' dir='ltr'><strong>ubsque</strong></span> <span class='ocrx_word' id='word_1_240' title='bbox 384 2518 435 2584; x_wconf 83' lang='lat' dir='ltr'><strong>ejus</strong></span> <span class='ocrx_word' id='word_1_241' title='bbox 449 2520 586 2570; x_wconf 86' lang='lat' dir='ltr'><strong>authoritate</strong></span> <span class='ocrx_word' id='word_1_242' title='bbox 603 2518 652 2569; x_wconf 89' lang='lat' dir='ltr'><strong>lieri</strong></span> <span class='ocrx_word' id='word_1_243' title='bbox 663 2519 688 2570; x_wconf 91' lang='lat' dir='ltr'><strong>iu</strong></span> <span class='ocrx_word' id='word_1_244' title='bbox 705 2517 766 2569; x_wconf 83' lang='lat' dir='ltr'><strong>notis</strong></span> <span class='ocrx_word' id='word_1_245' title='bbox 780 2516 958 2585; x_wconf 79' lang='lat' dir='ltr'><strong>dispensatio,</strong></span> 
     </span>
     <span class='ocr_line' id='line_1_32' title="bbox 135 2590 367 2653; baseline 0.013 -14"><span class='ocrx_word' id='word_1_246' title='bbox 135 2590 174 2641; x_wconf 85' lang='lat' dir='ltr'><strong>nel</strong></span> <span class='ocrx_word' id='word_1_247' title='bbox 189 2590 367 2653; x_wconf 83' lang='lat' dir='ltr'><strong>cummutatio.)</strong></span> 
     </span>
    </p>
   </div>
   <div class='ocr_carea' id='block_1_5' title="bbox 169 2750 955 2814">
    <p class='ocr_par' dir='ltr' id='par_1_9' title="bbox 169 2750 955 2814">
     <span class='ocr_line' id='line_1_33' title="bbox 169 2750 955 2814; baseline 0.009 -18"><span class='ocrx_word' id='word_1_248' title='bbox 169 2750 246 2813; x_wconf 77' lang='lat' dir='ltr'><strong>(l)1)e</strong></span> <span class='ocrx_word' id='word_1_249' title='bbox 264 2754 300 2799; x_wconf 85' lang='lat' dir='ltr'><strong>hts</strong></span> <span class='ocrx_word' id='word_1_250' title='bbox 310 2754 380 2799; x_wconf 87' lang='lat' dir='ltr'><strong>eliam</strong></span> <span class='ocrx_word' id='word_1_251' title='bbox 391 2756 433 2811; x_wconf 78' lang='grc' dir='ltr'><strong>Ν,</strong></span> <span class='ocrx_word' id='word_1_252' title='bbox 450 2753 529 2804; x_wconf 73' lang='lat' dir='ltr'><strong>Soet„</strong></span> <span class='ocrx_word' id='word_1_253' title='bbox 544 2755 598 2800; x_wconf 86' lang='lat' dir='ltr'><strong>dist.</strong></span> <span class='ocrx_word' id='word_1_254' title='bbox 610 2754 650 2814; x_wconf 77' lang='grc'><strong>38,</strong></span> <span class='ocrx_word' id='word_1_255' title='bbox 665 2768 705 2814; x_wconf 92' lang='lat' dir='ltr'><strong>qu.</strong></span> <span class='ocrx_word' id='word_1_256' title='bbox 723 2754 804 2813; x_wconf 88' lang='lat' dir='ltr'><strong>l‚art.</strong></span> <span class='ocrx_word' id='word_1_257' title='bbox 822 2754 848 2814; x_wconf 89' lang='lat' dir='ltr'><strong>l,</strong></span> <span class='ocrx_word' id='word_1_258' title='bbox 864 2770 955 2813; x_wconf 82' lang='lat' dir='ltr'><strong>qnaes-</strong></span> 
     </span>
    </p>
   </div>
   <div class='ocr_carea' id='block_1_6' title="bbox 135 2814 953 2947">
    <p class='ocr_par' dir='ltr' id='par_1_10' title="bbox 135 2814 953 2947">
     <span class='ocr_line' id='line_1_34' title="bbox 135 2814 953 2878; baseline 0.009 -19"><span class='ocrx_word' id='word_1_259' title='bbox 135 2814 206 2861; x_wconf 86' lang='lat' dir='ltr'><strong>tiuuc.</strong></span> <span class='ocrx_word' id='word_1_260' title='bbox 220 2816 244 2872; x_wconf 86' lang='grc'><strong>1,</strong></span> <span class='ocrx_word' id='word_1_261' title='bbox 257 2816 285 2861; x_wconf 89' lang='lat' dir='ltr'><strong>ad</strong></span> <span class='ocrx_word' id='word_1_262' title='bbox 293 2814 318 2873; x_wconf 84' lang='lat' dir='ltr'><strong>t,</strong></span> <span class='ocrx_word' id='word_1_263' title='bbox 328 2820 401 2861; x_wconf 85' lang='lat' dir='ltr'><strong>etart.</strong></span> <span class='ocrx_word' id='word_1_264' title='bbox 413 2815 438 2875; x_wconf 84' lang='lat' dir='ltr'><strong>t,</strong></span> <span class='ocrx_word' id='word_1_265' title='bbox 449 2818 586 2873; x_wconf 69' lang='lat' dir='ltr'><strong>qnnshuue.</strong></span> <span class='ocrx_word' id='word_1_266' title='bbox 597 2816 621 2876; x_wconf 90' lang='lat' dir='ltr'><strong>l,</strong></span> <span class='ocrx_word' id='word_1_267' title='bbox 632 2822 681 2864; x_wconf 85' lang='lat' dir='ltr'><strong>tum</strong></span> <span class='ocrx_word' id='word_1_268' title='bbox 688 2818 712 2864; x_wconf 88' lang='lat' dir='ltr'><strong>ln</strong></span> <span class='ocrx_word' id='word_1_269' title='bbox 720 2831 797 2878; x_wconf 77' lang='lat' dir='ltr'><strong>corp,</strong></span> <span class='ocrx_word' id='word_1_270' title='bbox 805 2823 860 2865; x_wconf 89' lang='lat' dir='ltr'><strong>tum</strong></span> <span class='ocrx_word' id='word_1_271' title='bbox 871 2820 907 2866; x_wconf 80' lang='lat' dir='ltr'><strong>ad</strong></span> <span class='ocrx_word' id='word_1_272' title='bbox 923 2821 953 2878; x_wconf 73' lang='lat'><strong>25</strong></span> 
     </span>
     <span class='ocr_line' id='line_1_35' title="bbox 137 2876 425 2947; baseline 0.003 -26"><span class='ocrx_word' id='word_1_273' title='bbox 137 2884 161 2921; x_wconf 89' lang='lat' dir='ltr'><strong>ut</strong></span> <span class='ocrx_word' id='word_1_274' title='bbox 170 2884 193 2923; x_wconf 89' lang='lat' dir='ltr'><strong>el</strong></span> <span class='ocrx_word' id='word_1_275' title='bbox 203 2892 242 2936; x_wconf 89' lang='lat' dir='ltr'><strong>qu.</strong></span> <span class='ocrx_word' id='word_1_276' title='bbox 254 2876 278 2937; x_wconf 78' lang='lat' dir='ltr'><strong>d,</strong></span> <span class='ocrx_word' id='word_1_277' title='bbox 291 2891 331 2947; x_wconf 21' lang='lat' dir='ltr'><strong>pler</strong></span> <span class='ocrx_word' id='word_1_278' title='bbox 342 2884 425 2923; x_wconf 87' lang='lat' dir='ltr'><strong>totum.</strong></span> 
     </span>
    </p>
   </div>
   <div class='ocr_carea' id='block_1_7' title="bbox 0 0 974 3284">
    <p class='ocr_par' dir='ltr' id='par_1_11' title="bbox 0 0 974 3284">
     <span class='ocr_line' id='line_1_36' title="bbox 0 0 974 3284; baseline 0 0"><span class='ocrx_word' id='word_1_279' title='bbox 0 0 974 3284; x_wconf 95' lang='lat' dir='ltr'><strong> </strong></span> 
     </span>
    </p>
   </div>
  </div>
 </body>
</html>
