1934 3284
271 204 301 241 ua
317 204 430 242 turnare
446 203 572 243 nanninus.
778 200 823 247 'tls

24 279 83 344 puod
92 277 223 329 esthonini
234 280 455 344 conjunctissimum.
468 282 527 345 Ergo
536 282 697 351 videturqudd
706 286 824 341 fornicatio

24 351 51 401 sit
71 351 230 414 gravissimum
247 357 373 416 peecatum.

54 427 78 471 ³.
99 424 225 483 Praeterea,
247 439 261 469 u
281 422 365 489 quanto
385 424 475 488 aliquod
493 424 577 475 bonurn
596 430 632 476 est
650 432 738 491 majus,
760 431 824 483 tanto

24 498 140 556 uersatum
150 495 208 558 quod
221 500 297 544 contra
308 496 362 545 illud
375 496 532 560 committitur,
541 496 687 550 videturesse
697 503 797 562 gravius.
807 520 822 551 a

24 567 64 616 led
83 570 201 629 peccatum
217 567 373 617 fornicationis
393 568 545 619 videturesse
563 574 639 619 eontra
655 572 737 621 honuni
752 575 823 627 totius

25 639 117 687 uurnani
127 638 225 701 generis
238 643 263 688 ut
275 643 338 702 patet
349 653 376 689 ea
387 639 500 703 prardictis
510 641 562 694 (art.
572 641 607 703 ε).
620 642 658 692 Est
668 644 735 692 etiarn
746 651 824 698 eontra

24 710 147 773 llirislum,
162 713 286 760 secundnm
302 711 355 760 illud
369 713 385 761 1.
404 712 439 760 nd
455 712 524 766 Cor„
537 713 565 761 Vl
579 729 610 760 :u
620 713 709 764 Tollens
722 718 822 767 meinhart

24 783 123 844 jonati,
134 782 214 832 laciarn
229 784 327 832 membra
339 783 480 833 meretricis?
494 800 507 830 n
520 786 579 847 llrgo
594 784 713 836 fornicatio
723 790 759 837 est
768 802 820 851 gra·

24 856 140 905 tissimum
155 858 282 918 pernotum.

50 928 98 978 Sed
118 930 196 976 contra
215 929 265 987 est,
281 928 341 989 qnod
354 926 475 989 Gregorius
492 927 617 990 dicitquod
633 944 646 975 u
660 932 751 993 peccata
769 944 823 981 ear-

24 999 79 1049 nalia
102 1001 155 1046 sunt
174 997 267 1046 minoris
282 1000 354 1061 eulpae
369 997 434 1061 qiuarn
451 1005 544 1062 peecata
559 1000 693 1063 spiritualia,
715 1017 729 1047 u

53 1074 61 1134 (
72 1072 250 1121 Conclusio·
260 1071 391 1135 Quanquam
400 1071 518 1121 tornicatio
528 1072 616 1135 gravior
626 1073 654 1123 sit
665 1073 764 1137 peccatis
772 1088 821 1138 quae

24 1147 71 1192 :unt
82 1148 161 1192 contra
177 1147 270 1191 externa
286 1142 385 1191 lionrinis
395 1143 464 1200 bona,
480 1144 556 1193 minus
569 1148 643 1194 tarneu
656 1149 770 1208 peecatum
786 1150 821 1196 est

24 1213 155 1276 romicidio‚
173 1212 239 1263 eliis
255 1213 418 1277 peccatisque
436 1213 523 1265 directe
542 1220 619 1266 contra
634 1217 703 1267 lleum
720 1216 822 1268 comunit-

25 1292 107 1337 untur.
120 1286 129 1349 l

48 1358 188 1421 Respondeo
200 1357 334 1418 dicendum,
351 1356 411 1420 qrrdd
423 1356 522 1419 gravitas
535 1357 632 1421 alicujus
643 1358 730 1422 percari
744 1363 819 1423 polest

24 1429 108 1482 attendi
124 1430 245 1493 dupliciter
265 1445 271 1478 ε
289 1442 335 1479 tino
351 1431 417 1479 modo
431 1429 556 1480 seeundum
571 1444 611 1492 se;
628 1430 765 1493 ullomodo,
781 1444 822 1482 εε-

24 1502 119 1552 :undlrrn
140 1502 253 1553 accidens.
273 1500 398 1550 Seerrndlnn
422 1516 447 1551 se
465 1502 557 1564 uiridem
579 1503 701 1552 attenditur
712 1504 821 1565 'grauitas

24 1572 107 1624 tenenti
127 1586 155 1622 ea
171 1573 258 1622 ratione
274 1587 320 1624 εεεε
341 1574 440 1637 speciei3
455 1588 506 1637 qnae
521 1574 674 1624 consideratur
694 1574 819 1626 seeundlim

25 1659 104 1696 toltum
118 1644 155 1693 cui
170 1650 288 1708 peccatum
304 1645 433 1709 opponitur.
451 1644 580 1695 Fornicatio
600 1649 674 1696 autern
690 1650 726 1695 est
740 1653 820 1698 contra

25 1730 104 1768 tonnrn
116 1716 214 1765 hominis
223 1716 348 1766 nascituri:
362 1721 385 1767 et
394 1716 444 1766 ideo
458 1721 493 1766 est
505 1715 596 1776 pravius
608 1721 725 1780 peecaturn
738 1731 820 1767 senin-

25 1788 70 1839 lum
90 1788 191 1850 speciem
206 1802 270 1837 suurn
288 1788 386 1850 pecualis
403 1802 454 1850 qirae
464 1791 519 1836 sunt
534 1792 612 1837 eontra
627 1788 685 1838 bona
699 1790 818 1852 exterioru3

27 1862 74 1910 ient
87 1864 125 1908 est
139 1858 222 1908 iurtuin
234 1862 257 1909 et
270 1860 314 1907 alia
326 1859 472 1923 liujusrnodi:
486 1858 560 1908 minus
571 1864 645 1909 autern
656 1860 756 1923 peccatis
769 1874 820 1924 que

27 1938 69 1981 unt
83 1930 170 1981 directe
184 1935 260 1979 eontra
276 1934 364 1989 Deum,
376 1934 399 1980 et
414 1934 508 1994 peceato
527 1931 586 1993 quod
605 1933 640 1979 est
655 1936 731 1979 contra
751 1931 820 1981 uitam

26 2003 120 2054 nominis
132 2002 178 2064 jin
193 2003 249 2060 nati,
267 2002 326 2052 siout
340 2007 375 2051 est
388 2001 544 2069 homicidium.

48 2077 81 2125 nd
100 2076 197 2137 prirnurn
214 2087 268 2136 ergo
280 2074 412 2135 dicendum,
424 2074 483 2137 nirod
499 2071 632 2135 libidoque
648 2075 755 2136 aggravat
768 2086 821 2137 pee-
837 2086 841 2097 ·

29 2151 110 2207 atum,
126 2154 162 2194 est
184 2159 233 2208 qriae
252 2145 355 2195 consistit
376 2145 399 2194 in
422 2144 568 2194 inclinatione
588 2144 716 2193 voluntatis.
741 2142 821 2194 Libido

27 2223 95 2267 *ritem
112 2221 212 2278 quaest
226 2218 249 2266 iu
260 2216 360 2281 appetitu
375 2216 500 2275 sensium,
514 2214 619 2265 diminuit
633 2215 822 2279 paueatnrn3ouia

27 2287 134 2351 ‹quianto
149 2288 229 2351 uliquis
247 2301 276 2339 ex
290 2288 370 2352 majori
390 2287 495 2351 passione
517 2286 627 2351 irnpulsus
647 2290 739 2349 pentat⁴
757 2285 821 2336 tautd

27 2363 95 2411 erius
109 2363 144 2409 est
160 2365 285 2423 peccaturo.
298 2378 312 2407 a
327 2360 354 2409 Et
366 2360 409 2409 hoe
423 2360 489 2408 niodo
505 2358 575 2408 libido
593 2357 616 2407 iu
630 2357 777 2407 fornicatione
788 2361 823 2408 est

28 2432 128 2481 naxirua.
141 2432 168 2479 Et
177 2430 230 2480 inde
242 2435 277 2482 est
294 2432 354 2495 quod
374 2431 513 2495 Augustinus
527 2429 581 2479 diuit
593 2430 617 2479 in
632 2429 670 2478 lili.
685 2430 720 2477 De
739 2431 821 2493 rlpoue

28 2503 176 2559 Idrr'attuno,
188 2502 247 2565 quod
260 2521 274 2550 u
282 2503 342 2552 inter
353 2515 427 2552 ornnra
443 2500 622 2553 Christianorum
636 2500 769 2559 rortanrina,
779 2502 821 2549 du-

29 2574 76 2625 iora
95 2576 148 2624 sunt
164 2575 244 2637 praelia
255 2575 380 2636 uastitatis,
399 2574 435 2623 uhi
450 2579 486 2622 est
500 2573 629 2637 quotidiana
645 2576 757 2636 pugnaret
773 2584 824 2621 rara

29 2647 114 2697 ictoria
127 2649 171 2710 lt).
187 2648 215 2696 Et
228 2647 326 2699 lsidorus
341 2646 396 2696 dicit
409 2646 433 2695 iu
443 2644 482 2695 tin.
498 2647 534 2695 De
550 2646 655 2695 Summo
671 2643 741 2705 bono,
760 2642 821 2708 qudd

52 2819 89 2883 (t)
108 2820 169 2865 Nihil
184 2820 230 2865 tale
244 2820 268 2864 in
282 2819 316 2865 De
332 2831 410 2876 noune
427 2819 581 2867 christiano,
596 2818 635 2862 sed
657 2818 679 2863 ln
694 2819 773 2865 Traet.
787 2816 823 2863 Do

29 2888 141 2929 noneolate
156 2884 303 2931 mulierum,
317 2884 355 2938 qui
369 2883 451 2927 subeo
466 2882 533 2927 titulo
548 2881 747 2937 notabaturluxla
760 2884 823 2925 vete-

32 2960 71 2992 em
86 2946 211 3003 Augustini
221 2946 355 3006 editionem,
365 2953 421 2990 tom.
432 2946 477 3005 nt,
490 2951 514 2991 et
524 2957 585 3011 nuuo
596 2951 632 2991 est
642 2948 721 2992 Sermo
734 2946 784 2991 oct
795 2942 823 2987 de
