1934 3284
143 151 190 201 ott
245 158 499 211 rnenrnrmeom,
514 157 608 203 onnon.
623 156 789 209 omnm.
805 158 834 197 n.

143 241 255 291 Parvum
271 240 346 288 entem
362 239 386 287 et
396 249 519 301 mopnom
531 232 625 287 retntivt
639 233 795 299 dicuntnr‚nt
807 234 892 287 dietum
907 239 938 285 ont

144 308 259 376 (ortt).
278 308 342 360 Sient
358 311 434 359 nutem
455 307 568 371 contingit
588 310 705 371 sumptum
720 319 771 357 esse
791 320 888 371 porrum
902 320 939 370 per

143 379 333 445 comparationem
357 380 386 430 od
401 393 472 445 opus,
487 377 521 429 ita
539 378 608 429 etiem
626 376 735 441 contingit
751 383 871 442 sumptum
892 391 940 429 esse

145 465 252 515 magnum
266 452 290 501 in
304 451 470 516 oomparotione
484 450 511 501 nd
526 463 597 515 opns;
611 454 637 500 nt
647 448 838 500 scilicetexoodat
851 463 940 514 pmpor-

146 522 231 578 tionem
245 536 296 587 qun
311 534 361 573 ense
377 521 444 573 debet
458 521 562 586 sumptis
577 522 605 573 nd
618 533 689 586 opus,
705 518 828 571 sennndtnm
841 521 939 583 mentem

143 594 249 647 rationis.
263 595 329 647 Unde
347 593 493 645 manifestum
508 592 616 657 estquod
633 592 688 643 vitio
705 592 884 657 pervifioentiae,
901 606 939 657 qm

143 667 226 732 aliquis
238 666 314 719 deficit
323 666 338 717 t
347 666 421 717 dehita
433 666 579 730 proportione
590 678 743 731 expensarum
755 666 859 731 adeptis,
868 666 939 715 intem

143 739 201 790 dens
209 738 285 791 minis
293 739 420 803 expendere
429 736 497 802 qutm
508 737 606 803 dignitas
616 735 805 804 operinrequiret,
818 737 940 801 opponitur

143 807 224 864 ritinm
241 824 286 875 qno
305 809 388 874 aliquis
407 808 490 860 diotnm
506 808 675 875 proportionem
694 808 796 873 excedit3
816 813 842 859 nt
858 808 939 859 seilicet

143 881 197 947 plns
208 883 322 947 expendet
338 881 406 945 quen
419 880 448 931 sit
460 880 526 945 operi
537 880 740 945 proportionatum.
758 879 788 929 nt
800 882 845 933 hoe
863 880 938 932 vitium

145 953 218 1017 grece
231 955 322 1018 quidem
334 951 558 1015 dieitnrtonansia,
572 964 586 1002 a
600 952 666 1003 tnrno
677 952 754 1017 diotn3
770 952 822 1017 qnia
838 952 938 1004 videlicet

145 1025 174 1076 nd
186 1026 277 1076 modom
292 1024 351 1089 ignis
364 1024 404 1090 qni
414 1027 449 1075 est
460 1023 485 1074 in
498 1024 565 1075 torno
579 1024 656 1075 omnia
666 1025 781 1075 consumit
793 1040 800 1073 ι
811 1024 850 1075 rel
864 1024 938 1075 dieitm

145 1097 305 1163 appreensa,
318 1097 341 1147 io
355 1099 405 1161 eet,
418 1100 472 1146 eine
489 1094 550 1145 horto
572 1098 645 1162 tprre3
659 1096 713 1161 qnia
731 1098 759 1147 nd
771 1096 866 1148 modmn
884 1096 940 1160 ignis

146 1170 226 1222 omnio
238 1168 351 1220 oonrnmit
369 1181 416 1220 non
429 1171 523 1233 propter
534 1168 628 1221 bonnm.
643 1168 707 1219 Unde
721 1166 792 1221 latine
807 1170 852 1220 troc
863 1168 939 1219 vitium

144 1243 221 1305 potent
236 1238 351 1292 nominari
363 1240 531 1304 consumptio.

176 1314 211 1365 Ad
225 1312 323 1377 primum
338 1323 394 1375 ergo
411 1312 542 1376 dicendum,
555 1312 617 1377 qnod
629 1311 797 1378 magnificentia
803 1312 888 1368 dieitur
894 1325 939 1363 esse

146 1396 216 1435 exeo
235 1382 295 1449 (prod
308 1383 363 1434 tacit
382 1396 491 1449 magnum
508 1397 581 1452 opus,
595 1398 643 1436 non
663 1388 738 1437 entem
752 1397 782 1435 ex
800 1396 829 1435 eo
846 1384 905 1449 qnod
920 1385 938 1433 in

146 1458 240 1519 sumptu
258 1455 353 1507 excedat
369 1456 541 1521 proportionem
559 1456 643 1523 opem.
659 1456 707 1509 noe
725 1456 789 1509 enim
802 1457 902 1521 pertinet
917 1458 938 1506 nt

146 1526 226 1577 ritinm
237 1529 296 1591 (prod
312 1528 433 1592 opponitur
445 1528 618 1593 pnrrifioentie.

179 1599 213 1653 nd
221 1599 345 1659 oemndnm
356 1600 492 1665 dioentnm,
502 1598 563 1665 qnod
572 1600 634 1653 idem
645 1600 725 1651 vitium
737 1600 892 1654 contrariatrn
902 1599 937 1648 rie

147 1668 193 1721 tuti
204 1684 254 1734 qnae
265 1671 300 1721 eet
312 1671 338 1722 in
355 1671 439 1735 medio,
446 1675 471 1724 ot
482 1672 596 1724 contrario
609 1672 675 1724 vitio.
685 1671 722 1723 Sio
730 1684 785 1736 ergo
798 1672 885 1725 vitinm
896 1685 938 1723 oon

148 1743 285 1807 sumptionis
292 1744 416 1810 opponitur
421 1745 584 1810 porriticentim
592 1743 939 1811 meoqnooemooitinsnnpo

149 1813 224 1879 operis
235 1814 368 1879 dignitatem
376 1855 383 1881 ,
391 1817 525 1883 expendens
533 1817 652 1869 multnnbi
661 1830 733 1882 ponet
744 1820 863 1881 oporteret
869 1831 939 1883 erpon-

149 1886 211 1939 dere.
226 1887 352 1953 opponitur
366 1893 444 1940 autem
455 1888 631 1953 magnificentie
644 1903 675 1939 ex
686 1892 752 1957 porte
765 1889 845 1955 operis
861 1887 938 1955 magni,

149 1960 209 2023 quod
224 1960 337 2026 proeipne
350 1961 448 2012 intendit
467 1960 614 2029 magnificum
629 1960 654 2011 in
676 1965 788 2026 qnantum
808 1962 900 2015 snitinot
913 1956 940 2011 nt

150 2034 240 2096 oportet
250 2032 323 2083 multa
331 2032 474 2098 expendere,
484 2032 543 2083 nihil
554 2036 595 2083 ant
604 2046 685 2098 pamm
694 2033 815 2098 expendit.

181 2104 214 2154 nd
226 2102 317 2154 tertium
329 2104 464 2167 dicendum,
475 2102 536 2169 qnod
545 2108 690 2169 consumptor
701 2119 730 2158 ex
741 2106 792 2170 ipsa
799 2106 878 2171 speeie
887 2102 940 2157 neon

149 2175 271 2241 opponitur
285 2175 392 2243 purifico
403 2176 552 2241 inquantum
567 2176 708 2231 oameendit
721 2178 826 2241 regntnm
843 2178 939 2235 rationis,

149 2244 220 2312 equa
239 2246 361 2311 peronem
376 2247 460 2307 definit
483 2246 545 2299 Nihil
562 2250 642 2299 tamen
659 2248 764 2313 prohibet
785 2249 844 2313 quin
862 2246 939 2302 noem

147 2316 218 2370 flnem
231 2320 324 2371 alterins
339 2319 391 2371 vitii
405 2318 538 2385 ordinetnr3
554 2319 611 2385 pntt
623 2320 699 2375 inanis
711 2319 789 2386 plone
796 2354 807 2385 ,
821 2323 861 2376 rot
874 2321 939 2385 enjus·

148 2403 245 2455 onmqne
259 2390 361 2443 nonus.
