1934 3284
159 213 162 220 ·
329 195 360 234 ns
375 195 527 238 munium.
778 186 826 235 sid

18 282 58 332 die
79 280 165 322 servus
183 267 274 322 imino
294 271 445 324 reverentiam
459 270 657 335 exbibet,iniiune
678 277 715 325 est
734 275 827 340 speeies
896 297 913 319 ·

19 341 92 391 nuiss
107 344 189 404 pentes
203 342 247 392 sibi
264 342 377 406 subjectus
390 343 503 406 babens)

46 413 190 476 Respondee
207 413 343 478 dicendum,
356 413 416 478 quid
436 414 513 464 dulia
524 418 598 480 petest
608 415 678 481 accipi
693 418 824 482 dupliciter.

20 485 66 534 bno
86 484 156 534 mede
175 484 339 548 communiter,
351 485 476 536 secundini
491 485 551 549 qnid
564 487 658 540 exhibet
673 489 825 540 reverentiam

21 557 156 620 cuicumque
171 555 260 616 bomini
277 555 366 607 rudiunc
386 557 549 623 cujuscumque
567 559 729 610 excelientia:
750 564 774 611 et
792 562 827 611 sic

22 627 124 678 continet
135 627 179 676 snb
195 639 220 676 sc
238 627 358 691 pictatem
370 631 393 678 et
409 627 610 682 observantiam,
624 633 647 679 et
660 643 827 695 pmmcumqne

22 697 154 764 hujusmodi
166 697 276 748 uirtutem
292 712 342 762 quae
360 698 447 750 numiui
460 700 610 755 reverentiam
622 702 730 765 exbibet3
741 706 770 753 et
786 716 825 754 se·

22 769 118 822 cundim
128 771 175 821 hec
189 769 283 820 habebit
295 774 370 834 pentes
385 771 461 836 speeie
479 771 590 823 diverses
610 773 661 824 nliu
673 775 742 824 mci
752 778 828 839 petest

22 842 79 892 sumi
93 841 189 903 stricti,
200 846 268 906 pruni
278 843 401 894 secundini
415 857 465 894 cem
478 843 631 896 reverentiam
643 845 736 896 exbibet
745 859 826 896 senus

23 914 126 978 dumin03
140 927 196 966 nam
206 912 282 964 dulia
299 913 396 967 servitus
410 913 501 978 dicitur,
517 919 542 964 ut
553 915 638 966 dictem
651 919 687 966 est
701 919 761 980 (ut.
775 916 824 980 i):

24 991 43 1034 ct
60 983 190 1036 secundini
205 986 249 1036 bec
269 997 315 1036 nen
333 985 440 1037 diuiditur
452 985 477 1036 in
495 986 596 1038 diversus
615 986 717 1051 species,
733 989 773 1038 scd
786 991 824 1038 est

25 1071 63 1107 nna
73 1058 206 1122 specierum
223 1056 385 1108 obseruantia·
400 1058 565 1122 pieminius
574 1059 695 1123 punit„eu
706 1057 766 1121 qued
783 1058 828 1109 elit

26 1130 107 1181 ratione
127 1131 486 1193 inneneuuendiun,
504 1130 570 1181 miles
585 1131 680 1193 ducem,
703 1129 827 1194 disciputus

26 1203 167 1266 nagistrum,
182 1206 207 1254 et
220 1203 254 1254 sie
267 1203 296 1254 ds
312 1202 362 1254 ediis
372 1202 510 1267 huiusmodi.

50 1276 83 1324 dd
104 1274 211 1338 primum
233 1287 287 1338 euge
307 1274 442 1337 dicendum,
456 1273 519 1338 quid
538 1274 597 1326 ratio
618 1275 658 1324 iila
680 1275 826 1339 proceditis

27 1345 94 1398 dulia
106 1346 263 1398 cummuniter
273 1353 372 1411 sumpta.
391 1395 394 1400 .

50 1421 81 1469 bd
105 1417 237 1470 secundnm
258 1417 640 1482 dicendum‚quddbypcrde1ia
660 1422 696 1470 est
709 1418 827 1483 petissine

28 1491 109 1552 species
125 1489 198 1540 duliae
214 1489 363 1540 cummuniter
379 1494 490 1553 eimptae3
505 1489 603 1540 menime
619 1490 680 1540 enim
698 1490 827 1541 reverentie

28 1561 114 1612 debetur
127 1560 221 1612 bomini
232 1573 261 1616 en
271 1560 380 1615 affinitate
393 1573 461 1624 quem
470 1560 539 1611 bebet
550 1561 578 1611 ed
591 1561 671 1611 benun

51 1637 82 1684 bd
93 1633 193 1685 tertium
208 1631 336 1694 dicendum,
351 1631 411 1696 quid
423 1636 532 1683 enectine
541 1631 665 1683 inrationali
679 1632 703 1683 in
714 1645 740 1683 se
753 1633 828 1683 censi·

28 1704 100 1758 denudes
110 1719 162 1757 nun
170 1703 268 1756 debetur
280 1703 308 1756 eb
317 1703 409 1754 bomine
421 1703 497 1768 eliqua
506 1703 616 1767 subjectio
626 1704 663 1754 uel
671 1705 758 1766 bunut,
770 1704 828 1768 quin

27 1778 94 1838 petiis
114 1776 196 1829 omnis
211 1775 263 1828 tabe
286 1780 389 1828 creemus
404 1779 440 1828 est
458 1774 590 1826 naturaliter
608 1774 696 1829 bomini
711 1776 826 1839 subjecte.

26 1849 82 1906 dudd
97 1852 179 1899 autem
194 1859 250 1896 crux
263 1845 345 1897 cbristi
355 1847 486 1910 iuberetur,
499 1847 543 1898 bec
553 1846 579 1896 fit
589 1847 668 1898 eodem
684 1846 770 1897 benere
780 1859 827 1909 que

26 1920 124 1972 Christus
137 1921 278 1980 nonnitus,
295 1917 353 1968 sieut
366 1931 466 1982 pnnpnne
479 1918 541 1982 regis
554 1919 677 1970 imeretur
690 1920 769 1970 eodem
786 1918 828 1968 bc·

27 2004 74 2044 nure
91 2005 140 2057 qud
160 2003 219 2053 nex,
236 1991 261 2039 ut
274 1990 426 2041 Damascenis
442 1989 500 2040 dicit
511 1989 536 2040 ii
549 1989 579 2039 lv
591 1988 634 2040 lib.

296 2340 462 2410 iidbild
480 2339 551 2406 div.
608 2334 611 2338 “

156 2477 191 2528 De
206 2479 358 2534 odedientia,
371 2484 401 2528 iu
413 2494 457 2528 ece
470 2481 590 2528 eetiuiee
603 2478 695 2527 diebu

54 2631 144 2686 beinde
156 2631 346 2684 considerandum
356 2633 390 2684 est
402 2631 430 2682 de
442 2630 582 2682 obedientie.
669 2665 674 2672 .

3 2731 4 2736 κ
55 2707 83 2756 Et
91 2704 156 2755 circe
167 2703 210 2752 bec
219 2704 352 2765 qnaenuntnn
364 2715 422 2752 sex:
438 2705 465 2750 1⁰
474 2700 553 2751 ierim
563 2701 631 2750 boue
642 2700 723 2751 debeat
733 2700 824 2751 obedim

28 2775 120 2829 bomini.
136 2778 165 2826 2⁰
174 2771 253 2824 Utuim
262 2772 391 2825 ebedientia
402 2772 434 2828 sii
445 2772 551 2838 specialis
557 2770 643 2822 sistus.
657 2775 682 2821 3ο
693 2773 726 2822 be
735 2784 827 2835 dempe-

29 2847 114 2898 ruticne
129 2845 183 2909 ejus
198 2845 227 2896 ud
240 2843 296 2896 elias
313 2843 416 2900 uirtutes.
432 2848 459 2896 io
476 2841 558 2895 ibim
574 2842 622 2893 bec
635 2843 665 2895 sii
677 2842 702 2894 in
719 2841 826 2892 omnibns

30 2920 187 2974 obediendum.
203 2921 229 2967 5⁰
243 2915 325 2968 binim
335 2916 420 2969 subditi
433 2916 481 2969 suis
497 2913 597 2980 pretatis
613 2919 733 2968 tenendi
743 2913 769 2964 iu
780 2924 829 2965 eru·
