1934 3284
129 149 174 196 444
234 158 341 198 arcuum
356 159 486 208 4444444,
502 159 593 204 oum.
609 159 694 209 cxxnr,
710 159 764 198 444.
783 159 816 198 44.

421 325 580 376 hamedeus
597 325 635 375 vl.

194 450 281 494 Uirium
290 449 408 494 4444444444
420 449 453 493 444
464 449 607 506 principalis
616 452 685 494 44444
694 450 857 506 fortitudinis.

162 578 196 628 ld
210 579 302 628 sextum
316 577 350 626 sic
365 576 495 641 proceditur
505 576 549 640 (1).
564 576 657 628 11144444
670 575 730 640 quod
750 576 865 630 sustinere
887 592 931 629 non

130 649 161 700 sit
172 649 304 714 principalis
318 653 382 699 actus
394 648 543 698 fortitudinis.
558 647 636 698 Virtus
648 648 708 698 cuim
723 653 759 699 444
774 667 789 697 ι
802 649 865 700 circa
875 651 931 700 4444·

130 720 175 771 cile
189 723 320 784 othonum,
339 738 353 768 4
368 725 394 770 44
407 720 490 770 dicitur
502 719 527 770 in
544 721 564 770 ll
579 720 663 770 Ethie.
681 723 746 785 (cap.
760 725 777 769 4
789 720 876 783 4413).
890 723 930 770 Sed

131 792 247 843 difficilius
262 797 299 843 est
314 793 407 856 aggredi
419 791 488 856 quam
501 792 621 842 sustinere.
637 793 697 854 nugo
712 792 826 843 4444444444
841 806 889 844 444
900 799 930 843 est

131 864 260 929 precipuus
272 868 337 915 actus
349 863 497 922 tortitudinis.

163 941 188 986 4.
210 939 341 999 Praeterea,
355 936 451 999 majoris
467 934 577 1000 potentie
597 948 648 985 esse
664 934 753 985 4444444
773 935 834 1000 quod
848 937 931 1001 aliquid

132 1008 205 1071 possit
220 1008 245 1058 in
260 1009 319 1058 aliud
336 1020 414 1071 agere,
430 1007 497 1070 qudm
511 1007 571 1070 qnod
588 1007 662 1071 ipsum
681 1007 709 1056 ah
722 1007 768 1056 alio
789 1021 837 1058 non
852 1008 932 1057 immu-

132 1083 201 1130 tetur.
214 1081 259 1131 Sed
273 1081 365 1144 aggredi
377 1083 413 1130 est
423 1079 448 1128 in
460 1079 520 1129 aliud
535 1092 614 1141 agere,
625 1078 736 1129 44444444
755 1083 833 1130 autem
845 1085 883 1130 444
893 1081 931 1130 im-

132 1150 246 1202 mobiliter
257 1163 410 1215 perseuemre.
425 1149 484 1200 Cim
492 1163 547 1214 ergo
555 1151 663 1201 fortitudo
674 1151 840 1214 perfectionem
854 1157 932 1217 poten

133 1221 172 1273 tiae
191 1222 309 1284 nominet,
326 1222 416 1273 4444444
432 1221 494 1285 quod
512 1219 586 1284 magis
603 1223 631 1271 44
645 1221 800 1272 tortitudinem
821 1225 930 1286 pertineat

133 1294 225 1357 aggredi
237 1293 306 1357 quim
316 1294 436 1344 sustinere.

166 1369 190 1414 3.
202 1365 323 1426 44444444,
332 1364 405 1427 magis
418 1365 524 1416 4444441)
535 1377 580 1414 uno
594 1365 756 1415 contrariorum
771 1365 834 1416 aliud
847 1371 932 1416 coutra-

133 1435 192 1485 rium
211 1435 280 1500 quim
296 1436 393 1500 simplex
411 1436 463 1500 ejus
479 1436 581 1498 negatio.
595 1436 640 1486 Sed
653 1435 691 1486 ille
705 1435 744 1499 qui
763 1438 878 1498 sustinet,
894 1439 932 1486 hoa

134 1507 207 1556 sotum
214 1507 283 1556 hahet
292 1507 351 1570 quod
362 1519 408 1557 non
416 1507 481 1557 timet
491 1524 498 1570 3
509 1508 547 1558 ille
555 1510 630 1556 autem
637 1507 676 1570 qui
689 1507 818 1570 aggreditur
826 1508 932 1558 contrarii

135 1580 240 1627 mouetur
249 1576 352 1639 timenti,
364 1578 417 1641 quia
429 1578 565 1642 insequitur.
573 1579 632 1640 Ergo
642 1578 733 1628 videtur
746 1578 807 1641 quod
817 1580 931 1636 fortitudo,

136 1647 186 1696 cum
208 1650 306 1698 retrahat
323 1646 422 1698 maxime
441 1649 541 1698 anianum
554 1648 567 1698 a
581 1649 674 1712 timore,
686 1649 760 1712 magis
778 1652 895 1714 pertineat
910 1651 931 1698 44

135 1731 188 1768 eam
203 1720 295 1782 aggredi
307 1719 375 1784 quim
390 1719 511 1770 sustinere.

168 1791 212 1841 Sed
225 1796 303 1841 contra
311 1795 359 1854 444,
373 1792 433 1855 quod
448 1792 600 1856 Philosophus
614 1792 668 1842 dicit
684 1791 748 1844 44111
764 1795 861 1848 144414,
877 1794 931 1858 quid

137 1879 152 1909 a
164 1863 188 1911 in
205 1863 338 1914 sustinendo
353 1863 428 1913 tristia
444 1863 543 1913 maxime
557 1862 626 1927 aliqui
638 1865 719 1927 sortes
730 1865 848 1914 dicuntur.
860 1883 875 1911 »

171 1935 333 1999 (Concanum.
346 1962 379 1972 -
390 1934 521 1997 sustinere,
536 1934 559 1984 id
574 1939 610 1985 444
627 1935 775 1986 immobiliter
790 1936 815 1986 iu
830 1936 932 2002 periculis

136 2007 233 2068 sistere,
247 2005 391 2070 principalior
408 2010 444 2056 est
464 2009 529 2055 actus
542 2005 695 2070 tortitudinis,
708 2006 775 2070 quim
790 2009 884 2072 aggredi
898 2022 932 2071 po

137 2077 233 2141 ricula.)

167 2149 303 2214 ltespondeo
312 2150 444 2210 4144444444,
463 2141 530 2213 quhd'
541 2147 599 2198 sicut
612 2150 680 2214 suprd
690 2150 774 2200 dictum
786 2153 822 2200 est
837 2149 890 2214 (444.
902 2151 931 2212 3),

137 2227 161 2273 44
176 2221 330 2287 Philosophus
341 2221 396 2271 dicit
408 2221 433 2270 in
446 2221 477 2270 lll
492 2219 587 2280 1441414,
604 2239 618 2268 4
627 2221 735 2272 tortitudo
746 2225 780 2270 est
790 2222 864 2286 magis
879 2223 932 2270 circa

136 2295 229 2344 timores
239 2292 406 2357 reprimendos,
414 2293 483 2356 quam
496 2291 555 2342 circa
565 2291 669 2342 audacias
677 2293 861 2342 moderandas.»
876 2292 933 2342 1144-

136 2365 203 2415 ‹aiius
215 2365 277 2414 enim
287 2368 323 2414 444
335 2363 440 2414 timorem
453 2364 577 2428 reprimere
586 2402 593 2424 ,
601 2363 671 2427 quim
685 2364 802 2414 audaciam
817 2363 931 2421 moderari,

138 2450 167 2486 eo
180 2435 241 2500 quod
255 2437 332 2500 ipsum
344 2435 483 2501 periculum,
495 2437 555 2499 quod
572 2439 607 2486 est
621 2435 738 2499 objectum
751 2435 852 2487 audacie
873 2439 896 2485 et
909 2434 932 2482 ti·

138 2507 223 2570 moris,
241 2508 268 2558 de
285 2522 310 2558 se
331 2509 420 2559 confert
435 2507 520 2571 ahquid
537 2507 566 2557 ad
581 2506 747 2572 repressionem
765 2507 878 2568 audacie,
897 2505 932 2555 sed

173 2635 209 2701 (1)
225 2643 258 2698 114
267 2639 304 2685 1414
313 2640 383 2686 etiam
393 2640 471 2700 suprd,
487 2645 530 2685 art.
544 2639 558 2683 3
568 2657 574 2694 3
588 2643 613 2684 ut
624 2645 648 2684 44
657 2639 724 2698 44444,
740 2646 783 2685 444.
794 2639 820 2699 8,
829 2641 853 2685 in
861 2650 931 2694 corp..

141 2709 166 2746 44
175 2708 219 2746 art.
232 2701 272 2759 lo,
281 2702 345 2760 443,
357 2710 433 2748 etant.
443 2702 483 2760 ll,
495 2703 555 2756 edl;
572 2707 595 2746 et
606 2715 645 2758 qu.
660 2701 715 2760 lat,
731 2709 775 2749 art.
790 2703 819 2760 2,
833 2701 898 2754 ad3;
913 2703 933 2742 44

141 2776 181 2820 qu.
198 2762 259 2820 444,
271 2770 314 2808 art.
325 2766 341 2808 2
354 2772 378 2810 et
391 2767 419 2823 3,
431 2768 454 2810 in
465 2777 541 2822 corp.;
552 2771 576 2809 et
587 2764 716 2822 m,Seot.,
731 2765 786 2811 dist.
799 2765 845 2820 33,
860 2777 899 2821 qu.
908 2761 927 2814 9,

141 2831 186 2870 art.
203 2826 228 2882 3,
243 2825 272 2870 44
285 2825 309 2876 o.
323 2833 347 2871 et
360 2841 400 2884 qu.
419 2829 449 2886 3,
463 2833 509 2878 art.
532 2827 561 2886 3,
579 2828 715 2886 4444444444.
737 2827 765 2880 1;
781 2833 805 2876 41
818 2843 859 2890 qn.
873 2826 895 2884 l,
908 2825 931 2870 dr

140 2890 231 2947 444444,
246 2893 289 2932 art.
300 2887 340 2954 43.
