1934 3284
107 141 154 190 aot
224 147 479 201 murnentanus,
496 147 591 195 unna.
607 145 679 197 ma,
695 143 785 186 annu.

108 228 165 280 ratio
178 226 243 291 boni,
256 225 288 276 ibi
306 230 396 290 oportet
410 239 460 277 esse
480 225 604 290 specialem
622 223 734 276 munnam
747 222 850 275 sinatis.
861 223 906 274 Bo-

108 312 163 348 nam
171 302 246 349 numm
255 297 366 348 inordina
373 295 477 348 consistit
486 335 494 361 ‚
504 296 564 348 sicut
573 295 640 360 supra
648 295 733 346 dictum
744 299 779 346 cst
790 294 840 361 (qn.
851 299 907 358 loo,

108 373 151 419 art.
164 369 193 433 a)
201 386 208 433 3
217 372 307 434 oportet
315 372 391 420 auam
399 369 516 420 hominem
526 365 687 418 conuenienter
696 367 724 417 ad
733 366 791 418 alios
802 367 908 418 nomines

109 439 207 491 ordinari
223 440 247 490 iu
264 441 379 491 communi
398 439 586 502 conuersatione,
600 442 647 490 ῑιιιι
666 437 690 488 is
708 437 774 488 lactis
794 438 863 502 quam
884 437 909 487 in

109 512 189 576 dictis,
204 516 229 562 ut
243 511 328 563 seilicet
341 514 368 563 ad
378 523 564 576 unumquemque
578 523 602 560 se
612 511 695 561 habeat
706 509 832 561 secundum
848 511 910 574 quod

109 585 195 636 occet:
214 589 239 636 et
258 584 310 636 ideo
331 589 420 650 oportet
438 597 488 635 esse
507 583 629 647 quamdam
644 582 764 646 specialem
784 581 909 646 uirtutem,

109 670 160 721 quae
182 659 242 708 lanc
261 656 443 708 convenientiam
461 654 548 706 ordiris
566 654 687 718 ohseruct3
710 657 733 704 et
748 654 798 704 haec
815 656 912 704 uocatur

110 728 229 778 amicitia
242 729 291 779 siue
303 727 457 792 affabilitas.
474 777 477 784 ,

142 801 175 851 nal
198 799 296 864 primum
317 811 372 862 eruo
393 798 530 861 dicendum,
550 795 610 860 quon
629 797 781 860 Philosophus
802 795 912 847 inlibris

110 871 195 940 ilitio.
205 873 234 922 de
247 868 332 935 duplici
343 868 442 919 amicitia
451 869 551 933 loquitur
561 883 567 918 ι
576 881 670 931 quarum
684 880 730 917 unu
737 867 841 919 consistit
847 867 914 932 prin-

111 943 216 1006 cipalitec
228 942 253 992 iu
265 941 350 992 allecta
363 953 408 1003 qno
420 953 480 990 unus
492 940 560 989 alicam
573 939 665 1002 diligit,
679 943 702 989 et
713 939 762 989 lime
775 942 914 1004 potestcon-

112 1012 176 1077 sequi
190 1025 356 1078 quamcumque
374 1010 498 1075 vitutem
512 1024 564 1074 quse
581 1015 656 1060 aarum
675 1011 702 1061 ad
716 1012 776 1061 hanc
789 1009 913 1062 amiutiam

111 1086 227 1148 pertinent
235 1122 242 1146 ,
250 1083 319 1148 sopri
332 1084 361 1133 de
373 1082 483 1132 chemate
494 1083 553 1132 dicta
565 1085 619 1132 sunt
628 1082 638 1146 l
646 1097 685 1145 qu.
699 1085 743 1145 2³,
754 1085 797 1131 art.
810 1084 857 1132 let
867 1086 881 1132 3
890 1083 911 1146 );

113 1157 180 1207 aiam
203 1156 254 1207 sero
272 1155 396 1205 amicitiam
414 1153 496 1218 ponit,
510 1167 562 1217 qna
583 1153 725 1204 consutilia
743 1154 798 1204 solis
812 1154 913 1204 exterm-

113 1230 176 1280 rious
187 1229 224 1280 sei
236 1228 313 1278 scriis
326 1228 363 1278 uel
376 1227 458 1290 lactis;
473 1239 525 1290 quse
538 1224 631 1289 quidam
643 1237 689 1276 non
706 1226 775 1276 nubet
787 1226 913 1290 perlectam

114 1301 225 1352 rationem
235 1299 355 1362 amicitiae,
366 1300 407 1353 sed
416 1299 536 1362 pandam
549 1297 601 1361 ejus
611 1297 796 1360 similitudinem,
808 1297 833 1347 in
841 1309 917 1360 spuan-

115 1377 163 1422 tum
180 1373 267 1423 scilicet
280 1373 332 1437 quis
342 1373 451 1423 lecenter
462 1371 531 1422 nabet
543 1383 568 1421 se
583 1371 612 1420 ael
630 1371 681 1422 illos
696 1381 746 1420 cunr
761 1369 844 1435 quibus
859 1381 918 1420 con-

115 1446 225 1496 versatur.
962 1489 963 1500 ,

149 1515 182 1566 ld
195 1516 320 1566 meandum
332 1514 450 1565 dicendum
458 1554 465 1577 ,
474 1507 535 1579 quod
546 1513 620 1566 omnis
631 1515 699 1564 homo
711 1513 844 1564 naturaliter
853 1515 918 1564 omni
962 1505 963 1575 l

116 1586 205 1636 homini
216 1590 252 1637 ost
265 1587 361 1649 amicus,
375 1588 473 1650 quodam
488 1586 588 1651 generali
602 1584 827 1646 conscensionem
834 1583 920 1635 elicitur

118 1657 220 1712 Ecstor.¹
236 1659 300 1719 ltili,
315 1658 376 1722 quod
398 1671 493 1709 «osone
511 1658 595 1708 animal
609 1657 682 1720 diligit
698 1655 771 1706 simile
785 1653 839 1705 'sibi
855 1672 869 1702 a
887 1657 919 1707 Et

118 1729 180 1778 laune
194 1743 292 1781 amorem
307 1735 472 1794 representans
486 1730 550 1794 signa
566 1727 668 1780 amicitia
683 1741 734 1792 qua
749 1727 800 1791 quis
817 1726 920 1778 sumnus

118 1802 219 1852 ostendit
228 1801 252 1851 in
260 1800 336 1852 uerbis
347 1801 385 1851 ael
400 1801 480 1864 laon,
492 1801 561 1851 etiarn
574 1799 687 1852 extraneis
702 1803 725 1850 ct
738 1797 840 1862 ignotis3
858 1800 920 1849 uode

118 1885 164 1922 non
177 1876 213 1923 est
225 1873 258 1922 iol
269 1872 402 1935 simulatio;
419 1885 465 1922 non
486 1871 547 1922 euim
562 1871 663 1922 ostendit
675 1871 709 1921 eis
730 1869 796 1933 signa
809 1871 920 1932 perlecta

119 1943 238 2006 amicitia,
247 1943 300 2008 quia
313 1956 360 1994 uon
367 1944 447 1994 eodem
458 1945 525 1994 modo
536 1955 560 1993 se
573 1943 644 1993 habet
653 1941 794 1992 familiariter
805 1943 833 1992 arl
843 1947 921 1994 extra-

119 2029 190 2078 neos,
205 2015 263 2067 sicut
277 2016 305 2065 al
318 2028 360 2066 eos
372 2015 412 2078 qui
425 2018 480 2064 sunt
492 2013 538 2065 sibi
555 2014 650 2078 speciali
660 2012 760 2063 amicitia
770 2012 855 2076 juncti.

151 2090 186 2140 ld
201 2088 292 2140 tertium
305 2087 439 2150 dicendum,
453 2086 513 2150 quod
525 2099 563 2136 cor
577 2085 706 2149 sapientum
720 2085 803 2135 dicitnr
813 2098 866 2136 esse
880 2085 921 2135 ubi

120 2161 223 2222 tristitia,
242 2173 289 2210 non
301 2159 393 2223 quidem
408 2163 435 2208 ut
447 2158 499 2222 ipse
514 2156 616 2220 proximo
631 2156 748 2207 tristitiam
762 2155 857 2220 inieret3
867 2157 923 2208 dicit

121 2233 183 2284 eninr
202 2233 323 2297 apostolus
331 2232 368 2282 ael
378 2233 459 2289 llum„
470 2229 521 2279 xlv
534 2244 539 2277 :
551 2246 564 2275 a
574 2227 598 2278 Si
606 2227 781 2292 proptercibam
790 2227 861 2280 irater
869 2233 922 2280 tuus

122 2305 282 2365 contristetur,
304 2315 350 2354 non
373 2301 499 2352 semanim
518 2299 651 2350 cosmatem
671 2299 789 2363 ambulas;
805 2314 819 2346 a
835 2301 877 2350 sed
898 2304 923 2350 ut

122 2373 262 2425 contristatis
277 2372 454 2425 consolationem
469 2371 586 2430 conterat,
601 2369 727 2421 secundom
745 2370 802 2421 illud
817 2371 923 2430 Eccles„

122 2446 178 2496 llll:
195 2447 268 2497 «Non
284 2444 346 2496 desis
361 2442 500 2508 plorantibus
513 2442 537 2492 in
552 2441 718 2506 consolatione,
734 2445 758 2492 et
772 2455 824 2492 cum
843 2443 924 2507 lugen-
961 2443 962 2482 i

122 2519 182 2568 libus
197 2517 320 2569 emtum.»
335 2516 378 2567 Gor
391 2517 468 2564 entem
480 2513 599 2565 stultorum
614 2516 649 2565 est
657 2513 698 2566 obi
706 2513 799 2577 latitia,
811 2525 857 2564 non
867 2515 922 2578 qui-

122 2590 176 2640 dem
188 2593 214 2640 at
231 2588 275 2653 ipsi
290 2589 347 2638 alios
361 2585 491 2650 laetificent,
507 2586 547 2638 sed
562 2589 587 2634 ut
604 2585 649 2650 ipsi
662 2585 756 2636 aliorum
775 2583 855 2636 lanan
872 2599 924 2650 per·

123 2662 235 2710 truantur.
245 2657 924 2722 Pertinetergoadsapiculemuloondelectstioncnrailerat

123 2731 161 2782 tria
174 2743 228 2781 cnm
237 2730 484 2794 quihussonsersatnr,
494 2727 641 2793 nonqmdcm
653 2728 845 2794 lascivam,quam
852 2729 926 2779 uatus

124 2805 190 2852 cavet
198 2839 205 2867 ,
214 2801 256 2852 sed
265 2802 395 2866 maestam,
405 2797 531 2852 secundina
540 2799 596 2851 illud
604 2799 701 2850 Pactm.
713 2800 830 2852 cxxxll:
844 2801 927 2853 slicoo

125 2873 192 2941 quim
209 2873 294 2926 mnam
311 2877 335 2924 et
348 2873 418 2938 quam
431 2872 558 2937 iucundum
570 2871 671 2924 humare
685 2871 800 2925 usumin
817 2884 899 2926 uuum.
910 2887 926 2920 n
