1934 3284
386 167 419 204 na
433 166 602 205 roarrrnnurs.
793 185 800 198 ι
829 157 893 206 ·st5

93 243 200 306 operatur
216 241 246 291 ad
265 246 412 305 augmentum
430 241 534 306 timoris3
546 243 638 308 aggredi
657 245 733 294 autem
750 245 849 318 pertinet
864 247 893 296 ad

93 313 265 375 fortitudinem,
280 315 404 364 seeundhm
416 314 478 378 qndd
491 315 622 366 moderatur
637 315 762 366 andaciam.
781 317 825 367 Sed
842 332 892 368 sos·

93 387 166 437 tinere
176 387 281 450 sequitur
287 386 454 450 repressionem
463 385 554 438 timoris
564 401 570 435 :
580 391 603 437 et
611 389 662 438 ideo
672 388 819 452 principalior
826 393 891 439 aetus

91 458 230 509 tortitudinis
249 461 284 509 est
297 459 422 522 sustinere,
438 458 462 508 id
484 463 522 510 est
539 459 685 510 immobiliter
697 459 777 510 dstere
790 459 815 509 in
831 461 891 525 peri-

91 531 164 589 cuns,
178 530 248 594 quau
260 531 362 594 aggredi.

121 603 156 652 hd
173 602 273 666 primum
295 615 348 666 ergo
363 603 497 666 dicendum,
516 600 577 665 qnhd
595 602 707 654 sustinere
724 607 759 654 est
779 603 894 654 difficilius

90 673 159 738 quim
168 673 278 737 aggredi,
287 673 373 737 triplici
383 674 471 725 ratione
484 691 491 724 :
505 674 696 740 primoquidem,
711 676 765 739 poia
778 675 891 728 sustinere

90 747 182 796 ridetur
192 745 275 809 aliquis
287 747 315 795 ah
328 747 403 810 aliquo
417 747 506 798 fortiori
519 748 654 810 invadente,
665 746 705 810 poi
722 752 797 798 autem
814 761 895 812 aggre-

90 817 159 877 ditur,
168 817 258 866 inuadit
266 830 308 881 per
316 818 407 867 modurn
418 818 528 880 fortioris,
537 817 651 868 difficilius
662 821 738 868 antem
745 822 781 868 est
790 832 891 882 pugnare

89 902 141 938 cnm
154 887 243 938 fortiori
257 888 325 952 quim
339 903 390 938 eum
405 889 525 954 dehiliori;
538 889 650 950 secundo,
663 888 716 952 quia
729 889 768 938 ille
787 891 827 952 poi
844 903 893 941 sns-

89 959 161 1022 tinet,
175 960 224 1023 jam
244 960 315 1009 sentit
331 959 432 1023 pericula
447 958 588 1010 imminentia
598 997 604 1022 ‚
615 958 654 1008 ille
674 961 749 1008 autem
761 959 800 1023 qui
814 972 893 1024 aggre

90 1032 161 1092 ditur,
175 1029 246 1081 hahet
263 1045 290 1081 ea
305 1037 331 1080 nt
344 1031 436 1092 futura,
448 1031 564 1082 difficilius
578 1035 653 1081 antem
669 1035 762 1082 estnon
776 1033 863 1083 moueri
880 1033 893 1084 ir

90 1173 265 1223 diuturnitatem
283 1173 408 1238 temporis,
422 1175 463 1225 sed
476 1174 570 1237 aggredi
587 1177 666 1237 potest
679 1173 762 1238 aliquis
772 1187 801 1224 er
819 1173 893 1226 solito

89 1249 163 1310 motu,
171 1244 289 1295 difficilius
298 1249 375 1295 autern
385 1249 422 1296 est
433 1246 471 1296 din
481 1258 573 1296 manere
582 1245 733 1304 immobilem,
740 1245 807 1308 quim
819 1245 894 1298 subito

90 1320 152 1366 motu
176 1316 265 1366 moseri
286 1318 314 1367 ad
339 1317 429 1381 aliquod
454 1316 560 1367 arduum.
580 1317 644 1367 Unde
664 1315 819 1380 Philosophus
839 1317 896 1367 dicit

89 1389 191 1444 Ethio„
204 1387 253 1450 lli,
269 1390 313 1450 1⁰,
328 1387 389 1452 quhd
404 1405 419 1436 o
431 1389 524 1452 quidam
538 1391 592 1438 sunt
605 1387 757 1452 prevalentes
770 1391 823 1438 ante
833 1389 895 1452 peri-

90 1459 154 1522 outa,
171 1459 198 1508 in
212 1459 271 1522 ipsis
284 1463 361 1509 autem
381 1460 510 1511 disoedont.
531 1476 545 1506 n
566 1459 647 1510 Fortes
663 1461 738 1508 autem
758 1459 895 1510 econtrario

89 1543 113 1580 se
125 1530 223 1580 hahent.

121 1600 156 1651 hd
175 1601 300 1651 seeundum
314 1601 452 1665 dicendum,
466 1601 526 1666 quhd
545 1601 657 1652 sustinere
677 1603 786 1665 importat
801 1601 893 1665 quidem

89 1673 220 1738 passionem
242 1673 356 1737 eorporis,
369 1674 410 1722 sed
433 1677 507 1724 aetum
528 1673 609 1723 anima
623 1673 746 1726 fortissime
758 1673 894 1724 inherendo

90 1746 166 1807 hono;
181 1758 211 1794 ex
224 1758 270 1806 qno
281 1743 383 1807 sequitur
398 1745 458 1809 quhd
471 1758 518 1796 non
531 1746 595 1802 oedat
605 1745 707 1810 passioni
724 1744 833 1808 corporali
851 1743 894 1794 im-

90 1816 196 1866 minenti.
210 1814 288 1864 Virtus
307 1820 382 1866 antem
404 1817 477 1880 magis
492 1815 614 1867 attenditur
632 1817 690 1866 circa
710 1815 809 1865 animam
823 1815 891 1880 quiin

90 1887 149 1937 oirm
163 1899 255 1951 corpus.

121 1959 155 2008 hd
167 1957 262 2009 tertium
272 1957 402 2019 dicendum,
411 1957 471 2022 qnod
486 1957 524 2008 ille
536 1958 574 2022 qui
582 1957 690 2019 sustinet,
699 1971 744 2008 non
756 1958 821 2008 timet
834 1971 892 2022 prae-

90 2033 153 2080 sente
168 2029 217 2093 jam
229 2028 299 2078 oausi
312 2029 416 2092 timoris,
431 2042 499 2092 quam
517 2042 563 2080 non
573 2030 641 2080 hahet
654 2033 790 2094 presentem
804 2029 842 2079 ille
853 2029 893 2093 qui

91 2100 229 2165 aggreditur.

377 2206 537 2258 alueolos
552 2208 601 2256 vll.

134 2331 221 2376 Utra'rm
230 2331 305 2387 sortis
319 2335 429 2388 operetur
441 2335 539 2389 propter
550 2333 635 2376 morsm
643 2331 736 2388 proprii
746 2330 845 2376 hobilite-

122 2457 156 2506 hd
172 2456 298 2521 septimum
316 2457 349 2507 sio
364 2458 502 2522 proceditur.
513 2458 607 2508 Videtur
618 2456 679 2521 quod
695 2457 761 2508 fortis
775 2470 822 2508 non
836 2471 892 2523 ope-

92 2530 153 2577 retur
160 2531 253 2592 propter
260 2529 345 2578 honum
353 2529 439 2593 proprii
446 2527 791 2579 hahitds.Fiuiseniminrehus
797 2529 891 2592 agendis

92 2597 134 2648 etsi
149 2599 179 2648 sit
191 2615 206 2646 o
218 2597 280 2662 prior
291 2600 316 2648 in
325 2599 460 2662 intentione,
471 2616 485 2646 n
496 2603 614 2650 esttamen
629 2617 643 2646 o
654 2600 763 2664 posterior
773 2601 796 2649 in
806 2613 890 2650 exeen·

91 2669 162 2719 tione.
173 2686 187 2718 a
197 2670 245 2720 Sed
257 2673 322 2720 aetus
330 2671 468 2722 fortitudinis
477 2670 503 2720 in
516 2671 649 2722 executione
658 2674 693 2720 est
701 2669 813 2736 posterior
823 2670 889 2734 quim

92 2740 139 2804 ipse
157 2741 297 2792 tortitudinis
309 2742 407 2794 hahitns.
419 2745 470 2793 Non
481 2755 535 2806 ergo
546 2745 621 2805 potest
632 2741 750 2806 essequod
763 2740 828 2793 tortis
837 2745 890 2804 agat

94 2812 277 2876 propterhonnrn
292 2813 377 2878 moprii
387 2813 487 2864 hahitds.

121 2889 146 2936 t.
161 2887 283 2948 Praeterea,
293 2886 432 2951 Augustinus
438 2885 501 2948 dicit,
510 2886 561 2937 lilii
572 2885 608 2936 De
625 2887 691 2938 Trio.
703 2885 765 2950 (sap.
776 2889 799 2945 8,
811 2881 890 2934 versis
