1934 3284
113 163 160 213 ddi
210 171 463 221 manutenemus,
480 169 574 217 oum.
590 169 686 221 mma,
702 169 757 210 m.
775 171 812 211 lv.

113 253 177 317 patet
188 249 213 302 ln
226 249 305 300 Glossa
319 259 387 314 snper
396 247 452 299 llud
465 247 559 299 Pania
573 247 654 299 cxxx
666 261 674 297 a
684 247 772 297 «Siout
786 245 918 297 ablactatus
951 244 953 291 l

114 327 149 373 est
169 334 237 386 super
248 325 320 370 matre
334 333 384 370 sna.
400 337 414 367 e
428 319 479 370 llio
495 320 562 369 modo
573 322 650 384 potest
663 318 709 368 diei
721 317 851 369 manliam
865 317 921 367 llie·

114 405 247 458 runymnm,
263 391 324 456 qndd
340 408 354 440 u
370 392 479 442 Dominus
495 391 528 440 ibi
544 390 643 454 loquium
661 390 690 440 de
705 391 798 456 jejunio
813 395 919 441 semaam

114 463 306 516 observantiarum
322 479 328 513 ε
342 464 401 514 unde
413 476 455 527 per
470 464 516 513 boe
529 461 642 525 signidoat
653 461 763 512 nominas
781 461 846 526 quod
861 466 921 526 Apo

115 535 168 587 stoli
181 549 227 586 non
238 537 304 586 erant
312 536 336 584 in
347 534 461 585 veteribus
471 533 621 584 observantiis
634 532 766 596 detinendi3
779 547 843 597 qnos
853 547 920 599 opor

116 607 178 658 tebet
193 606 271 671 gratia
284 606 384 658 noritme
397 604 512 670 potiundi.
526 619 542 652 a
551 604 628 655 l'ertio
640 605 721 666 modo,
734 605 866 655 seeundbm
876 608 921 654 lu-

117 678 248 741 gustinnm,
266 679 305 742 qni
331 677 448 742 distinguit
468 677 554 741 duplex
575 676 702 740 iejuninm3
725 689 826 741 qnorum
852 690 923 728 annm

116 749 216 814 pertinet
237 750 264 800 ad
283 748 433 800 bumilitatem
451 748 604 799 tribulationis
620 762 627 797 r
642 752 665 798 et
679 749 723 798 boe
742 761 790 798 non
810 747 922 814 competit

117 821 174 872 viris
185 821 309 886 perlectis,
320 821 361 885 qni
374 821 479 871 dieantur
490 818 544 883 pilii
554 821 655 882 sponsi.
666 819 731 869 linde
741 819 782 869 nbi
794 819 874 870 Lucas
887 822 919 870 di

118 891 151 944 ait
160 907 166 942 ι
176 894 247 943 aliun
255 891 399 956 possuntlllii
414 889 499 955 spousi
509 889 623 954 iejunare,
633 905 648 937 rr
658 887 712 939 dicit
724 891 836 940 Maliba
846 907 862 938 er
873 891 920 941 lion

118 968 216 1029 possum
232 963 272 1013 lllii
285 963 369 1027 spousi
382 963 470 1026 lugere.
482 978 497 1009 n
508 961 572 1011 eliud
585 966 664 1011 subm
676 964 729 1022 est,
745 961 809 1026 quod
823 962 921 1026 pertinet

120 1037 148 1086 ad
160 1035 268 1099 madium
283 1035 367 1084 mentis
383 1033 406 1084 in
425 1031 552 1098 spiritualia
564 1045 680 1096 suspensae
694 1047 701 1082 ι
713 1035 738 1083 et
748 1033 796 1085 tale
806 1033 921 1098 ieiunium

121 1106 228 1159 onnuenit
239 1106 354 1171 perleebs

171 1197 183 1238 ⁴
421 1221 621 1274 misenensi.

91 1353 93 1360 ’
122 1353 127 1405 ζ
165 1349 250 1438 wem
269 1349 434 1394 convenienter
452 1348 643 1457 dfferlmmm'
664 1351 772 1406 temporo
790 1348 887 1406 jejvnir'

486 1424 512 1456 cc
522 1423 581 1456 eetoe.

153 1537 187 1588 ad
200 1538 305 1601 quintum
314 1537 348 1588 sie
361 1537 499 1602 proceditur.
508 1538 604 1588 videtin
612 1535 671 1601 qaod
683 1535 877 1590 ineonuenienter
886 1539 922 1590 de-

123 1609 274 1660 terminentur
281 1612 381 1673 tempora
392 1609 474 1674 jejunii
484 1608 649 1659 Ecclesiastici.
657 1608 762 1659 Cbnstns
769 1608 831 1659 enim
842 1610 922 1674 legitur
952 1666 954 1689 Ι

123 1682 227 1737 blatta,
242 1681 287 1743 lv,
302 1680 377 1730 statim
389 1683 442 1744 post
455 1680 593 1746 baptismam
602 1679 716 1744 jejunium
731 1679 865 1733 iueboasse.
880 1681 922 1731 Sed

124 1763 167 1802 nos
180 1751 295 1802 Cbristnm
314 1751 397 1802 imitari
408 1752 533 1814 debemus,
545 1750 668 1802 seeundum
685 1751 742 1801 illud
753 1752 772 1802 l.
790 1753 859 1815 Cor„
875 1754 920 1802 ll:

126 1823 279 1874 «imitatores
294 1824 338 1874 mei
352 1826 437 1886 estote,
455 1823 515 1874 siem
531 1828 555 1874 et
572 1835 615 1886 ego
625 1823 717 1874 Quieti.
733 1839 747 1871 n
762 1818 823 1887 Ergo
839 1828 863 1875 et
882 1836 922 1874 nos

125 1895 233 1952 debemus
248 1895 362 1960 jejunium
375 1908 481 1959 peregere
500 1895 578 1946 statim
596 1899 649 1960 post
662 1894 826 1960 Epiphaniam,
841 1896 867 1947 in
880 1911 921 1962 qua
952 1909 954 1929 ¹

125 1965 252 2031 baptismus
261 1966 347 2017 desti
357 1967 492 2016 celebratur.

157 2043 181 2088 a.
196 2040 321 2101 preterea,
336 2039 501 2088 ceremonialia
515 2039 602 2090 ueteris
617 2039 675 2104 legis
690 2051 736 2090 non
755 2039 811 2090 lieet
825 2040 850 2091 in
865 2054 923 2093 nora

126 2109 176 2175 lege
194 2111 321 2162 enervare.
335 2111 382 2161 Sed
396 2109 487 2174 jejunia
501 2110 526 2160 in
543 2111 675 2174 quibasdam
689 2111 846 2161 determinatis
861 2127 922 2164 mers

127 2183 191 2234 sibus
208 2182 323 2246 pertinent
342 2183 370 2232 arl
392 2181 548 2232 solemnitates
565 2182 650 2232 salens
669 2181 736 2244 legis.
759 2181 846 2232 bieitnr
862 2184 921 2234 enim

128 2254 214 2312 Zeno„
221 2254 284 2304 vlll:
295 2251 435 2316 statumen
443 2253 528 2315 quarti
536 2253 682 2317 etjejnnium
690 2252 773 2317 amnti,
780 2253 921 2318 etiep'unium

129 2323 230 2390 septimi,
247 2329 270 2375 et
280 2324 395 2388 jejunium
411 2324 492 2374 decimi
507 2325 551 2374 erit
563 2326 640 2375 domui
657 2326 720 2374 tuda
737 2325 760 2375 iu
776 2327 884 2389 gaudium
899 2332 922 2378 et

128 2396 245 2458 latidum,
258 2400 281 2447 et
291 2397 315 2446 in
331 2395 489 2446 solemnitates
502 2395 920 2462 praelams.nlirgoje1uniaspeeia·

127 2468 183 2520 lium
197 2467 323 2530 mensium,
340 2479 391 2530 quae
404 2466 512 2516 denatat
520 2475 629 2531 quotuor
639 2470 797 2532 temporam,
811 2468 835 2518 in
847 2470 921 2521 Eccle-

129 2538 163 2590 sia
173 2539 360 2590 ineonvenienter
372 2539 530 2589 observantur.

162 2614 185 2660 t.
202 2613 331 2671 hauteu,
349 2609 474 2660 secundnm
490 2610 638 2673 dagmtinum
654 2611 680 2661 in
700 2611 740 2661 lib.
757 2611 794 2661 lle
810 2625 921 2663 maenaa

129 2681 297 2744 Eneapelr'et„
308 2697 322 2730 a
335 2681 395 2732 slent
403 2680 560 2744 eetjejnnium
572 2681 712 2747 afflictionis,
723 2682 755 2732 ita
767 2687 803 2733 est
812 2683 920 2748 jejunium

130 2750 285 2800 exultationis.
295 2765 309 2798 a
320 2751 364 2802 Sed
374 2752 474 2802 maxima
490 2751 601 2802 exolutis
616 2753 741 2816 spiritualis
752 2753 856 2805 imminet
869 2757 920 2805 dde-

131 2819 192 2870 llbas
201 2833 231 2870 ea
240 2822 324 2872 Christi
334 2821 507 2874 resurreetione.
517 2823 576 2886 liaeo
584 2823 721 2888 intempore·
728 2825 918 2891 anquagerime

131 2892 192 2956 qnod
208 2891 311 2944 beolario
321 2887 456 2946 solemnisat
467 2897 561 2959 propter
575 2894 712 2948 deminieam
730 2898 919 2961 medimem,
