<?xml version="1.0" encoding="UTF-8"?>
<!DOCTYPE html PUBLIC "-//W3C//DTD XHTML 1.0 Transitional//EN"
    "http://www.w3.org/TR/xhtml1/DTD/xhtml1-transitional.dtd">
<html xmlns="http://www.w3.org/1999/xhtml" xml:lang="en" lang="en">
 <head>
  <title>
</title>
<meta http-equiv="Content-Type" content="text/html;charset=utf-8" />
  <meta name='ocr-system' content='tesseract 3.04.00' />
  <meta name='ocr-capabilities' content='ocr_page ocr_carea ocr_par ocr_line ocrx_word'/>
</head>
<body>
  <div class='ocr_page' id='page_1' title='image "./summatheologica05nicogoog_0372.png"; bbox 0 0 1934 3284; ppageno 0'>
   <div class='ocr_carea' id='block_1_1' title="bbox 362 209 866 257">
    <p class='ocr_par' dir='ltr' id='par_1_1' title="bbox 362 209 866 257">
     <span class='ocr_line' id='line_1_1' title="bbox 362 209 866 257; baseline 0.002 -3"><span class='ocrx_word' id='word_1_1' title='bbox 362 218 395 254; x_wconf 80' lang='lat' dir='ltr'>nn</span> <span class='ocrx_word' id='word_1_2' title='bbox 409 217 568 256; x_wconf 80' lang='lat' dir='ltr'>aoumrnonn.</span> <span class='ocrx_word' id='word_1_3' title='bbox 820 209 866 257; x_wconf 73' lang='lat'>369</span> 
     </span>
    </p>
   </div>
   <div class='ocr_carea' id='block_1_2' title="bbox 66 267 868 862">
    <p class='ocr_par' dir='ltr' id='par_1_2' title="bbox 69 267 867 488">
     <span class='ocr_line' id='line_1_2' title="bbox 97 267 867 360; baseline 0.006 -17"><span class='ocrx_word' id='word_1_4' title='bbox 97 293 130 344; x_wconf 86' lang='lat' dir='ltr'>ll</span> <span class='ocrx_word' id='word_1_5' title='bbox 139 293 270 344; x_wconf 74' lang='lat' dir='ltr'>nomadum</span> <span class='ocrx_word' id='word_1_6' title='bbox 288 291 423 355; x_wconf 83' lang='lat' dir='ltr'>dicendum,</span> <span class='ocrx_word' id='word_1_7' title='bbox 436 293 497 357; x_wconf 82' lang='lat' dir='ltr'>qnod</span> <span class='ocrx_word' id='word_1_8' title='bbox 510 294 579 344; x_wconf 85' lang='lat' dir='ltr'>etiem</span> <span class='ocrx_word' id='word_1_9' title='bbox 594 294 723 360; x_wconf 80' lang='lat' dir='ltr'>vituperare</span> <span class='ocrx_word' id='word_1_10' title='bbox 736 267 867 359; x_wconf 74' lang='lat' dir='ltr'>nr&#39;alunr,ri</span> 
     </span>
     <span class='ocr_line' id='line_1_3' title="bbox 71 363 867 430; baseline 0.004 -15"><span class='ocrx_word' id='word_1_11' title='bbox 71 378 114 415; x_wconf 93' lang='lat' dir='ltr'>non</span> <span class='ocrx_word' id='word_1_12' title='bbox 125 364 276 415; x_wconf 80' lang='lat' dir='ltr'>adhibeantur</span> <span class='ocrx_word' id='word_1_13' title='bbox 284 363 366 415; x_wconf 75' lang='lat' dir='ltr'>debito</span> <span class='ocrx_word' id='word_1_14' title='bbox 376 363 559 427; x_wconf 78' lang='lat' dir='ltr'>circumstantiae,</span> <span class='ocrx_word' id='word_1_15' title='bbox 566 370 601 417; x_wconf 86' lang='lat' dir='ltr'>est</span> <span class='ocrx_word' id='word_1_16' title='bbox 608 365 726 430; x_wconf 81' lang='lat' dir='ltr'>vitiosum3</span> <span class='ocrx_word' id='word_1_17' title='bbox 734 367 867 419; x_wconf 82' lang='lat' dir='ltr'>etsimilitor</span> 
     </span>
     <span class='ocr_line' id='line_1_4' title="bbox 69 437 753 488; baseline -0.01 0"><span class='ocrx_word' id='word_1_18' title='bbox 69 437 159 488; x_wconf 85' lang='lat' dir='ltr'>laudaro</span> <span class='ocrx_word' id='word_1_19' title='bbox 174 437 270 486; x_wconf 87' lang='lat' dir='ltr'>bouum.</span> <span class='ocrx_word' id='word_1_20' title='bbox 742 461 753 488; x_wconf 60' lang='lat' dir='ltr'>r</span> 
     </span>
    </p>

    <p class='ocr_par' dir='ltr' id='par_1_3' title="bbox 66 507 868 862">
     <span class='ocr_line' id='line_1_5' title="bbox 97 507 867 573; baseline 0.003 -13"><span class='ocrx_word' id='word_1_21' title='bbox 97 510 132 560; x_wconf 81' lang='lat' dir='ltr'>ld</span> <span class='ocrx_word' id='word_1_22' title='bbox 147 507 242 559; x_wconf 80' lang='lat' dir='ltr'>tertium</span> <span class='ocrx_word' id='word_1_23' title='bbox 256 507 377 559; x_wconf 81' lang='lat' dir='ltr'>dicendum</span> <span class='ocrx_word' id='word_1_24' title='bbox 384 545 393 571; x_wconf 84' lang='lat'>‚</span> <span class='ocrx_word' id='word_1_25' title='bbox 410 508 470 572; x_wconf 82' lang='lat' dir='ltr'>quod</span> <span class='ocrx_word' id='word_1_26' title='bbox 489 509 547 560; x_wconf 80' lang='lat' dir='ltr'>nihil</span> <span class='ocrx_word' id='word_1_27' title='bbox 562 509 667 573; x_wconf 84' lang='lat' dir='ltr'>prohibet</span> <span class='ocrx_word' id='word_1_28' title='bbox 684 511 729 560; x_wconf 91' lang='lat' dir='ltr'>duo</span> <span class='ocrx_word' id='word_1_29' title='bbox 743 510 800 561; x_wconf 80' lang='lat' dir='ltr'>uilia</span> <span class='ocrx_word' id='word_1_30' title='bbox 817 525 867 562; x_wconf 78' lang='lat' dir='ltr'>esso</span> 
     </span>
     <span class='ocr_line' id='line_1_6' title="bbox 67 579 865 646; baseline 0.003 -15"><span class='ocrx_word' id='word_1_31' title='bbox 67 579 186 631; x_wconf 76' lang='lat' dir='ltr'>contraria.</span> <span class='ocrx_word' id='word_1_32' title='bbox 199 581 227 629; x_wconf 84' lang='lat' dir='ltr'>Et</span> <span class='ocrx_word' id='word_1_33' title='bbox 237 579 290 631; x_wconf 87' lang='lat' dir='ltr'>ideo</span> <span class='ocrx_word' id='word_1_34' title='bbox 306 581 365 631; x_wconf 84' lang='lat' dir='ltr'>riont</span> <span class='ocrx_word' id='word_1_35' title='bbox 376 580 485 632; x_wconf 72' lang='lat' dir='ltr'>detractio</span> <span class='ocrx_word' id='word_1_36' title='bbox 499 583 533 632; x_wconf 86' lang='lat' dir='ltr'>ort</span> <span class='ocrx_word' id='word_1_37' title='bbox 547 581 644 644; x_wconf 87' lang='lat' dir='ltr'>malum,</span> <span class='ocrx_word' id='word_1_38' title='bbox 658 581 691 631; x_wconf 84' lang='lat' dir='ltr'>ita</span> <span class='ocrx_word' id='word_1_39' title='bbox 708 585 731 632; x_wconf 82' lang='lat' dir='ltr'>ol</span> <span class='ocrx_word' id='word_1_40' title='bbox 750 582 865 646; x_wconf 81' lang='lat' dir='ltr'>adulati03</span> 
     </span>
     <span class='ocr_line' id='line_1_7' title="bbox 66 651 868 716; baseline 0 -12"><span class='ocrx_word' id='word_1_41' title='bbox 66 666 117 716; x_wconf 75' lang='lat' dir='ltr'>qun</span> <span class='ocrx_word' id='word_1_42' title='bbox 131 651 282 702; x_wconf 73' lang='lat' dir='ltr'>moramur</span> <span class='ocrx_word' id='word_1_43' title='bbox 296 651 318 702; x_wconf 88' lang='lat' dir='ltr'>ei</span> <span class='ocrx_word' id='word_1_44' title='bbox 330 656 441 715; x_wconf 84' lang='lat' dir='ltr'>quantum</span> <span class='ocrx_word' id='word_1_45' title='bbox 454 653 482 703; x_wconf 93' lang='lat' dir='ltr'>ad</span> <span class='ocrx_word' id='word_1_46' title='bbox 494 666 521 704; x_wconf 84' lang='lat' dir='ltr'>eu</span> <span class='ocrx_word' id='word_1_47' title='bbox 532 666 583 716; x_wconf 84' lang='lat' dir='ltr'>quae</span> <span class='ocrx_word' id='word_1_48' title='bbox 594 651 699 702; x_wconf 85' lang='lat' dir='ltr'>dicuutur</span> <span class='ocrx_word' id='word_1_49' title='bbox 705 689 714 716; x_wconf 88' lang='lat'><em>,</em></span> <span class='ocrx_word' id='word_1_50' title='bbox 728 667 774 704; x_wconf 90' lang='lat' dir='ltr'>non</span> <span class='ocrx_word' id='word_1_51' title='bbox 792 657 868 704; x_wconf 84' lang='lat' dir='ltr'>autem</span> 
     </span>
     <span class='ocr_line' id='line_1_8' title="bbox 67 722 866 788; baseline 0.001 -13"><span class='ocrx_word' id='word_1_52' title='bbox 67 722 152 775; x_wconf 82' lang='lat' dir='ltr'>dnertl</span> <span class='ocrx_word' id='word_1_53' title='bbox 167 723 317 786; x_wconf 81' lang='lat' dir='ltr'>qnantumad</span> <span class='ocrx_word' id='word_1_54' title='bbox 326 723 407 784; x_wconf 89' lang='lat' dir='ltr'>linem,</span> <span class='ocrx_word' id='word_1_55' title='bbox 422 725 475 787; x_wconf 86' lang='lat' dir='ltr'>qnia</span> <span class='ocrx_word' id='word_1_56' title='bbox 489 724 592 776; x_wconf 85' lang='lat' dir='ltr'>adulator</span> <span class='ocrx_word' id='word_1_57' title='bbox 601 723 680 788; x_wconf 82' lang='lat' dir='ltr'>qnaerit</span> <span class='ocrx_word' id='word_1_58' title='bbox 694 725 866 776; x_wconf 81' lang='lat' dir='ltr'>delectationem</span> 
     </span>
     <span class='ocr_line' id='line_1_9' title="bbox 68 794 867 862; baseline 0.004 -17"><span class='ocrx_word' id='word_1_59' title='bbox 68 795 119 859; x_wconf 84' lang='lat' dir='ltr'>ejus</span> <span class='ocrx_word' id='word_1_60' title='bbox 133 794 172 844; x_wconf 89' lang='lat' dir='ltr'>cui</span> <span class='ocrx_word' id='word_1_61' title='bbox 186 794 304 858; x_wconf 57' lang='lat' dir='ltr'>adulatum</span> <span class='ocrx_word' id='word_1_62' title='bbox 317 796 428 846; x_wconf 82' lang='lat' dir='ltr'>detractor</span> <span class='ocrx_word' id='word_1_63' title='bbox 442 801 576 847; x_wconf 83' lang='lat' dir='ltr'>autemnon</span> <span class='ocrx_word' id='word_1_64' title='bbox 590 795 671 860; x_wconf 82' lang='lat' dir='ltr'>quarn</span> <span class='ocrx_word' id='word_1_65' title='bbox 684 798 735 862; x_wconf 82' lang='lat' dir='ltr'>ojus</span> <span class='ocrx_word' id='word_1_66' title='bbox 749 797 867 848; x_wconf 82' lang='lat' dir='ltr'>contrista-</span> 
     </span>
    </p>
   </div>
   <div class='ocr_carea' id='block_1_3' title="bbox 67 865 869 1001">
    <p class='ocr_par' dir='ltr' id='par_1_4' title="bbox 67 865 869 1001">
     <span class='ocr_line' id='line_1_10' title="bbox 67 865 869 934; baseline 0.002 -18"><span class='ocrx_word' id='word_1_67' title='bbox 67 867 169 926; x_wconf 84' lang='lat' dir='ltr'>tionem,</span> <span class='ocrx_word' id='word_1_68' title='bbox 186 865 239 915; x_wconf 83' lang='lat' dir='ltr'>cim</span> <span class='ocrx_word' id='word_1_69' title='bbox 257 867 378 931; x_wconf 85' lang='lat' dir='ltr'>aliqnando</span> <span class='ocrx_word' id='word_1_70' title='bbox 397 867 483 918; x_wconf 87' lang='lat' dir='ltr'>ooonltd</span> <span class='ocrx_word' id='word_1_71' title='bbox 502 869 621 930; x_wconf 72' lang='lat' dir='ltr'>domiai,-</span> <span class='ocrx_word' id='word_1_72' title='bbox 643 870 681 920; x_wconf 82' lang='lat' dir='ltr'>ned</span> <span class='ocrx_word' id='word_1_73' title='bbox 698 870 770 933; x_wconf 77' lang='lat' dir='ltr'>magis</span> <span class='ocrx_word' id='word_1_74' title='bbox 787 869 869 934; x_wconf 76' lang='lat' dir='ltr'>querit</span> 
     </span>
     <span class='ocr_line' id='line_1_11' title="bbox 67 937 261 1001; baseline -0.005 -14"><span class='ocrx_word' id='word_1_75' title='bbox 67 937 117 1001; x_wconf 84' lang='lat' dir='ltr'>ejus</span> <span class='ocrx_word' id='word_1_76' title='bbox 133 937 261 988; x_wconf 80' lang='lat' dir='ltr'>infamiam.</span> 
     </span>
    </p>
   </div>
   <div class='ocr_carea' id='block_1_4' title="bbox 363 1047 569 1098">
    <p class='ocr_par' dir='ltr' id='par_1_5' title="bbox 363 1047 569 1098">
     <span class='ocr_line' id='line_1_12' title="bbox 363 1047 569 1098; baseline 0.005 -1"><span class='ocrx_word' id='word_1_77' title='bbox 363 1047 522 1098; x_wconf 76' lang='lat' dir='ltr'>anniculus</span> <span class='ocrx_word' id='word_1_78' title='bbox 541 1048 569 1098; x_wconf 88' lang='lat' dir='ltr'>ll.</span> 
     </span>
    </p>
   </div>
   <div class='ocr_carea' id='block_1_5' title="bbox 220 1172 714 1230">
    <p class='ocr_par' dir='ltr' id='par_1_6' title="bbox 220 1172 714 1230">
     <span class='ocr_line' id='line_1_13' title="bbox 220 1172 714 1230; baseline 0.004 -14"><span class='ocrx_word' id='word_1_79' title='bbox 220 1172 304 1217; x_wconf 79' lang='lat' dir='ltr'>Utn&#39;rm</span> <span class='ocrx_word' id='word_1_80' title='bbox 314 1173 424 1217; x_wconf 75' lang='lat' dir='ltr'>adulatio</span> <span class='ocrx_word' id='word_1_81' title='bbox 432 1173 464 1217; x_wconf 81' lang='lat' dir='ltr'>rit</span> <span class='ocrx_word' id='word_1_82' title='bbox 472 1177 596 1230; x_wconf 79' lang='lat' dir='ltr'>peceatum</span> <span class='ocrx_word' id='word_1_83' title='bbox 605 1175 714 1218; x_wconf 75' lang='lat' dir='ltr'><em>mortale.</em></span> 
     </span>
    </p>
   </div>
   <div class='ocr_carea' id='block_1_6' title="bbox 67 1299 871 1435">
    <p class='ocr_par' dir='ltr' id='par_1_7' title="bbox 67 1299 871 1435">
     <span class='ocr_line' id='line_1_14' title="bbox 99 1299 871 1364; baseline 0 -14"><span class='ocrx_word' id='word_1_84' title='bbox 99 1301 133 1350; x_wconf 78' lang='lat' dir='ltr'>nd</span> <span class='ocrx_word' id='word_1_85' title='bbox 148 1299 274 1350; x_wconf 83' lang='lat' dir='ltr'>secundnm</span> <span class='ocrx_word' id='word_1_86' title='bbox 288 1299 323 1350; x_wconf 85' lang='lat' dir='ltr'>sin</span> <span class='ocrx_word' id='word_1_87' title='bbox 340 1299 518 1364; x_wconf 74' lang='lat' dir='ltr'>proceditnrlll.</span> <span class='ocrx_word' id='word_1_88' title='bbox 535 1299 630 1350; x_wconf 86' lang='lat' dir='ltr'>Videtur</span> <span class='ocrx_word' id='word_1_89' title='bbox 649 1299 709 1364; x_wconf 83' lang='lat' dir='ltr'>qnod</span> <span class='ocrx_word' id='word_1_90' title='bbox 727 1299 826 1351; x_wconf 86' lang='lat' dir='ltr'>adulatio</span> <span class='ocrx_word' id='word_1_91' title='bbox 840 1301 871 1351; x_wconf 85' lang='lat' dir='ltr'>sit</span> 
     </span>
     <span class='ocr_line' id='line_1_15' title="bbox 67 1369 867 1435; baseline 0.001 -14"><span class='ocrx_word' id='word_1_92' title='bbox 67 1375 189 1435; x_wconf 83' lang='lat' dir='ltr'>pennatum</span> <span class='ocrx_word' id='word_1_93' title='bbox 202 1371 306 1421; x_wconf 84' lang='lat' dir='ltr'>mortale.</span> <span class='ocrx_word' id='word_1_94' title='bbox 318 1369 384 1430; x_wconf 82' lang='lat' dir='ltr'>Onia,</span> <span class='ocrx_word' id='word_1_95' title='bbox 398 1370 525 1423; x_wconf 79' lang='lat' dir='ltr'>seeundum</span> <span class='ocrx_word' id='word_1_96' title='bbox 537 1371 687 1435; x_wconf 70' lang='lat' dir='ltr'>Augurinum</span> <span class='ocrx_word' id='word_1_97' title='bbox 697 1371 722 1421; x_wconf 91' lang='lat' dir='ltr'>in</span> <span class='ocrx_word' id='word_1_98' title='bbox 732 1373 867 1422; x_wconf 78' lang='lat' dir='ltr'>Enetirr&#39;d.</span> 
     </span>
    </p>
   </div>
   <div class='ocr_carea' id='block_1_7' title="bbox 45 1442 966 1582">
    <p class='ocr_par' dir='ltr' id='par_1_8' title="bbox 45 1442 966 1582">
     <span class='ocr_line' id='line_1_16' title="bbox 45 1442 966 1508; baseline 0.003 -15"><span class='ocrx_word' id='word_1_99' title='bbox 45 1451 49 1457; x_wconf 85' lang='lat'>&#39;</span> <span class='ocrx_word' id='word_1_100' title='bbox 66 1446 128 1508; x_wconf 83' lang='lat' dir='ltr'>(rap.</span> <span class='ocrx_word' id='word_1_101' title='bbox 139 1446 191 1505; x_wconf 75' lang='lat'>121,</span> <span class='ocrx_word' id='word_1_102' title='bbox 206 1443 314 1492; x_wconf 78' lang='lat' dir='ltr'>amalum</span> <span class='ocrx_word' id='word_1_103' title='bbox 328 1442 472 1506; x_wconf 78' lang='lat' dir='ltr'>diciturquia</span> <span class='ocrx_word' id='word_1_104' title='bbox 483 1448 560 1495; x_wconf 86' lang='lat' dir='ltr'>nooot.</span> <span class='ocrx_word' id='word_1_105' title='bbox 574 1443 642 1494; x_wconf 85' lang='lat' dir='ltr'>»Sed</span> <span class='ocrx_word' id='word_1_106' title='bbox 657 1444 757 1495; x_wconf 79' lang='lat' dir='ltr'>adulatio</span> <span class='ocrx_word' id='word_1_107' title='bbox 772 1445 870 1496; x_wconf 79' lang='lat' dir='ltr'>mauirnd</span> <span class='ocrx_word' id='word_1_108' title='bbox 965 1461 966 1470; x_wconf 54' lang='lat'>¹</span> 
     </span>
     <span class='ocr_line' id='line_1_17' title="bbox 65 1513 966 1582; baseline 0.002 -16"><span class='ocrx_word' id='word_1_109' title='bbox 65 1519 144 1578; x_wconf 85' lang='lat' dir='ltr'>uocet,</span> <span class='ocrx_word' id='word_1_110' title='bbox 159 1513 286 1566; x_wconf 81' lang='lat' dir='ltr'>seeondirm</span> <span class='ocrx_word' id='word_1_111' title='bbox 297 1515 351 1564; x_wconf 84' lang='lat' dir='ltr'>illud</span> <span class='ocrx_word' id='word_1_112' title='bbox 369 1515 465 1566; x_wconf 70' lang='lat' dir='ltr'>Panion.</span> <span class='ocrx_word' id='word_1_113' title='bbox 477 1517 508 1566; x_wconf 89' lang='lat' dir='ltr'>lX</span> <span class='ocrx_word' id='word_1_114' title='bbox 522 1532 529 1565; x_wconf 80' lang='lat' dir='ltr'>z</span> <span class='ocrx_word' id='word_1_115' title='bbox 546 1533 560 1564; x_wconf 83' lang='lat' dir='ltr'>r</span> <span class='ocrx_word' id='word_1_116' title='bbox 574 1515 685 1576; x_wconf 82' lang='lat' dir='ltr'>Quoniam</span> <span class='ocrx_word' id='word_1_117' title='bbox 699 1517 803 1567; x_wconf 84' lang='lat' dir='ltr'>landatm</span> <span class='ocrx_word' id='word_1_118' title='bbox 816 1531 870 1582; x_wconf 83' lang='lat' dir='ltr'>poe·</span> <span class='ocrx_word' id='word_1_119' title='bbox 965 1531 966 1568; x_wconf 80' lang='lat'>3</span> 
     </span>
    </p>
   </div>
   <div class='ocr_carea' id='block_1_8' title="bbox 66 1586 870 1651">
    <p class='ocr_par' dir='ltr' id='par_1_9' title="bbox 66 1586 870 1651">
     <span class='ocr_line' id='line_1_18' title="bbox 66 1586 870 1651; baseline 0 -13"><span class='ocrx_word' id='word_1_120' title='bbox 66 1587 167 1638; x_wconf 83' lang='lat' dir='ltr'>catorio</span> <span class='ocrx_word' id='word_1_121' title='bbox 184 1586 303 1637; x_wconf 79' lang='lat' dir='ltr'>desideriis</span> <span class='ocrx_word' id='word_1_122' title='bbox 312 1587 395 1638; x_wconf 82' lang='lat' dir='ltr'>anima</span> <span class='ocrx_word' id='word_1_123' title='bbox 407 1601 463 1645; x_wconf 78' lang='lat' dir='ltr'>snae,</span> <span class='ocrx_word' id='word_1_124' title='bbox 475 1591 499 1638; x_wconf 87' lang='lat' dir='ltr'>at</span> <span class='ocrx_word' id='word_1_125' title='bbox 511 1588 601 1651; x_wconf 82' lang='lat' dir='ltr'>iniquus</span> <span class='ocrx_word' id='word_1_126' title='bbox 613 1588 765 1650; x_wconf 78' lang='lat' dir='ltr'>benedicitur,</span> <span class='ocrx_word' id='word_1_127' title='bbox 777 1601 870 1640; x_wconf 83' lang='lat' dir='ltr'>exacon-</span> 
     </span>
    </p>
   </div>
   <div class='ocr_carea' id='block_1_9' title="bbox 65 1659 966 1796">
    <p class='ocr_par' dir='ltr' id='par_1_10' title="bbox 65 1659 966 1796">
     <span class='ocr_line' id='line_1_19' title="bbox 65 1659 966 1724; baseline 0 -15"><span class='ocrx_word' id='word_1_128' title='bbox 65 1659 130 1709; x_wconf 83' lang='lat' dir='ltr'>huvit</span> <span class='ocrx_word' id='word_1_129' title='bbox 151 1659 274 1709; x_wconf 81' lang='lat' dir='ltr'>Dominum</span> <span class='ocrx_word' id='word_1_130' title='bbox 296 1662 415 1722; x_wconf 59' lang='lat' dir='ltr'>pometum</span> <span class='ocrx_word' id='word_1_131' title='bbox 433 1659 552 1710; x_wconf 80' lang='lat' dir='ltr'>»ntideo</span> <span class='ocrx_word' id='word_1_132' title='bbox 571 1659 722 1724; x_wconf 75' lang='lat' dir='ltr'>Hieronymus</span> <span class='ocrx_word' id='word_1_133' title='bbox 742 1659 797 1711; x_wconf 91' lang='lat' dir='ltr'>dioit</span> <span class='ocrx_word' id='word_1_134' title='bbox 810 1660 868 1724; x_wconf 85' lang='lat' dir='ltr'>qndd</span> <span class='ocrx_word' id='word_1_135' title='bbox 965 1661 966 1716; x_wconf 78' lang='lat' dir='ltr'>l</span> 
     </span>
     <span class='ocr_line' id='line_1_20' title="bbox 66 1729 966 1796; baseline 0 -17"><span class='ocrx_word' id='word_1_136' title='bbox 66 1748 82 1779; x_wconf 85' lang='lat' dir='ltr'>rr</span> <span class='ocrx_word' id='word_1_137' title='bbox 91 1729 152 1781; x_wconf 86' lang='lat' dir='ltr'>nihil</span> <span class='ocrx_word' id='word_1_138' title='bbox 162 1734 200 1780; x_wconf 80' lang='lat' dir='ltr'>est</span> <span class='ocrx_word' id='word_1_139' title='bbox 210 1730 270 1793; x_wconf 81' lang='lat' dir='ltr'>quod</span> <span class='ocrx_word' id='word_1_140' title='bbox 285 1733 330 1780; x_wconf 86' lang='lat' dir='ltr'>tam</span> <span class='ocrx_word' id='word_1_141' title='bbox 344 1729 412 1781; x_wconf 81' lang='lat' dir='ltr'>laoild</span> <span class='ocrx_word' id='word_1_142' title='bbox 422 1735 551 1794; x_wconf 83' lang='lat' dir='ltr'>corrumpat</span> <span class='ocrx_word' id='word_1_143' title='bbox 565 1734 652 1782; x_wconf 85' lang='lat' dir='ltr'>montes</span> <span class='ocrx_word' id='word_1_144' title='bbox 668 1731 786 1782; x_wconf 87' lang='lat' dir='ltr'>hominurn</span> <span class='ocrx_word' id='word_1_145' title='bbox 798 1731 868 1796; x_wconf 84' lang='lat' dir='ltr'>quim</span> <span class='ocrx_word' id='word_1_146' title='bbox 965 1789 966 1794; x_wconf 10' lang='grc' dir='ltr'><strong>Ἰ</strong></span> 
     </span>
    </p>
   </div>
   <div class='ocr_carea' id='block_1_10' title="bbox 63 1800 872 1864">
    <p class='ocr_par' dir='ltr' id='par_1_11' title="bbox 63 1800 872 1864">
     <span class='ocr_line' id='line_1_21' title="bbox 63 1800 872 1864; baseline 0.001 -12"><span class='ocrx_word' id='word_1_147' title='bbox 63 1801 180 1864; x_wconf 82' lang='lat' dir='ltr'>adnlali03</span> <span class='ocrx_word' id='word_1_148' title='bbox 196 1818 210 1849; x_wconf 80' lang='lat' dir='ltr'>n</span> <span class='ocrx_word' id='word_1_149' title='bbox 225 1806 325 1864; x_wconf 77' lang='lat' dir='ltr'>etsnper</span> <span class='ocrx_word' id='word_1_150' title='bbox 337 1800 392 1852; x_wconf 91' lang='lat' dir='ltr'>illud</span> <span class='ocrx_word' id='word_1_151' title='bbox 403 1801 498 1851; x_wconf 83' lang='lat' dir='ltr'>Poutm.</span> <span class='ocrx_word' id='word_1_152' title='bbox 512 1802 582 1852; x_wconf 83' lang='lat' dir='ltr'>lxlx</span> <span class='ocrx_word' id='word_1_153' title='bbox 596 1819 602 1852; x_wconf 90' lang='lat'>:</span> <span class='ocrx_word' id='word_1_154' title='bbox 618 1804 806 1853; x_wconf 77' lang='lat' dir='ltr'>«Convertuntur</span> <span class='ocrx_word' id='word_1_155' title='bbox 821 1807 872 1854; x_wconf 86' lang='lat' dir='ltr'>stu·</span> 
     </span>
    </p>
   </div>
   <div class='ocr_carea' id='block_1_11' title="bbox 64 1873 966 2012">
    <p class='ocr_par' dir='ltr' id='par_1_12' title="bbox 64 1873 966 2012">
     <span class='ocr_line' id='line_1_22' title="bbox 64 1873 966 1942; baseline 0.003 -18"><span class='ocrx_word' id='word_1_156' title='bbox 64 1873 106 1924; x_wconf 88' lang='lat' dir='ltr'>lim</span> <span class='ocrx_word' id='word_1_157' title='bbox 117 1875 289 1933; x_wconf 73' lang='lat' dir='ltr'>numennumen,</span> <span class='ocrx_word' id='word_1_158' title='bbox 298 1873 338 1936; x_wconf 90' lang='lat' dir='ltr'>qui</span> <span class='ocrx_word' id='word_1_159' title='bbox 348 1873 428 1923; x_wconf 83' lang='lat' dir='ltr'>dieunt</span> <span class='ocrx_word' id='word_1_160' title='bbox 437 1873 494 1922; x_wconf 88' lang='lat' dir='ltr'>milri</span> <span class='ocrx_word' id='word_1_161' title='bbox 505 1889 510 1922; x_wconf 95' lang='lat'><strong>:</strong></span> <span class='ocrx_word' id='word_1_162' title='bbox 520 1874 593 1938; x_wconf 81' lang='lat' dir='ltr'>Engo,</span> <span class='ocrx_word' id='word_1_163' title='bbox 601 1887 667 1938; x_wconf 84' lang='lat' dir='ltr'>euge,</span> <span class='ocrx_word' id='word_1_164' title='bbox 677 1889 691 1920; x_wconf 85' lang='lat' dir='ltr'>n</span> <span class='ocrx_word' id='word_1_165' title='bbox 706 1873 761 1924; x_wconf 88' lang='lat' dir='ltr'>dioit</span> <span class='ocrx_word' id='word_1_166' title='bbox 771 1876 850 1927; x_wconf 82' lang='lat' dir='ltr'>Gloosa</span> <span class='ocrx_word' id='word_1_167' title='bbox 861 1891 868 1927; x_wconf 74' lang='grc' dir='ltr'><em>τ</em></span> <span class='ocrx_word' id='word_1_168' title='bbox 965 1911 966 1942; x_wconf 51' lang='lat'>3</span> 
     </span>
     <span class='ocr_line' id='line_1_23' title="bbox 65 1943 966 2012; baseline -0.001 -18"><span class='ocrx_word' id='word_1_169' title='bbox 65 1947 145 1995; x_wconf 80' lang='lat' dir='ltr'>«Plus</span> <span class='ocrx_word' id='word_1_170' title='bbox 163 1948 237 1995; x_wconf 77' lang='lat' dir='ltr'>uooel·</span> <span class='ocrx_word' id='word_1_171' title='bbox 250 1943 327 2006; x_wconf 73' lang='lat' dir='ltr'>lingua</span> <span class='ocrx_word' id='word_1_172' title='bbox 342 1944 478 2007; x_wconf 86' lang='lat' dir='ltr'>adulatoris,</span> <span class='ocrx_word' id='word_1_173' title='bbox 494 1944 562 2008; x_wconf 79' lang='lat' dir='ltr'>quarn</span> <span class='ocrx_word' id='word_1_174' title='bbox 575 1945 662 2005; x_wconf 74' lang='lat' dir='ltr'>gladius</span> <span class='ocrx_word' id='word_1_175' title='bbox 678 1947 839 2008; x_wconf 78' lang='lat' dir='ltr'>persecutoris.</span> <span class='ocrx_word' id='word_1_176' title='bbox 855 1965 869 1995; x_wconf 83' lang='lat' dir='ltr'>n</span> <span class='ocrx_word' id='word_1_177' title='bbox 965 1947 966 2012; x_wconf 64' lang='lat' dir='ltr'>l</span> 
     </span>
    </p>
   </div>
   <div class='ocr_carea' id='block_1_12' title="bbox 63 2016 873 2872">
    <p class='ocr_par' dir='ltr' id='par_1_13' title="bbox 63 2016 873 2872">
     <span class='ocr_line' id='line_1_24' title="bbox 64 2016 813 2082; baseline -0.005 -15"><span class='ocrx_word' id='word_1_178' title='bbox 64 2018 125 2081; x_wconf 70' lang='lat' dir='ltr'>Ergo</span> <span class='ocrx_word' id='word_1_179' title='bbox 139 2017 240 2067; x_wconf 85' lang='lat' dir='ltr'>adulatio</span> <span class='ocrx_word' id='word_1_180' title='bbox 251 2019 287 2066; x_wconf 84' lang='lat' dir='ltr'>ost</span> <span class='ocrx_word' id='word_1_181' title='bbox 300 2016 457 2079; x_wconf 76' lang='lat' dir='ltr'>gravissimum</span> <span class='ocrx_word' id='word_1_182' title='bbox 471 2019 597 2079; x_wconf 78' lang='lat' dir='ltr'>pennatum.</span> <span class='ocrx_word' id='word_1_183' title='bbox 811 2078 813 2082; x_wconf 18' lang='grc' dir='ltr'>Ι</span> 
     </span>
     <span class='ocr_line' id='line_1_25' title="bbox 96 2085 872 2151; baseline 0.004 -14"><span class='ocrx_word' id='word_1_184' title='bbox 96 2093 122 2137; x_wconf 75' lang='lat'>2.</span> <span class='ocrx_word' id='word_1_185' title='bbox 139 2089 266 2148; x_wconf 74' lang='lat' dir='ltr'>erarerea,</span> <span class='ocrx_word' id='word_1_186' title='bbox 276 2087 413 2151; x_wconf 85' lang='lat' dir='ltr'>quicumque</span> <span class='ocrx_word' id='word_1_187' title='bbox 419 2087 496 2136; x_wconf 85' lang='lat' dir='ltr'>verbis</span> <span class='ocrx_word' id='word_1_188' title='bbox 504 2087 554 2136; x_wconf 84' lang='lat' dir='ltr'>aliis</span> <span class='ocrx_word' id='word_1_189' title='bbox 565 2090 633 2137; x_wconf 83' lang='lat' dir='ltr'>nocet</span> <span class='ocrx_word' id='word_1_190' title='bbox 637 2123 646 2150; x_wconf 92' lang='lat'>‚</span> <span class='ocrx_word' id='word_1_191' title='bbox 660 2099 707 2136; x_wconf 91' lang='lat' dir='ltr'>non</span> <span class='ocrx_word' id='word_1_192' title='bbox 716 2085 792 2138; x_wconf 81' lang='lat' dir='ltr'>minius</span> <span class='ocrx_word' id='word_1_193' title='bbox 804 2092 872 2140; x_wconf 86' lang='lat' dir='ltr'>nooet</span> 
     </span>
     <span class='ocr_line' id='line_1_26' title="bbox 64 2158 872 2224; baseline 0.001 -14"><span class='ocrx_word' id='word_1_194' title='bbox 64 2158 195 2224; x_wconf 77' lang='lat' dir='ltr'>siliquam</span> <span class='ocrx_word' id='word_1_195' title='bbox 212 2158 277 2222; x_wconf 84' lang='lat' dir='ltr'>aliis;</span> <span class='ocrx_word' id='word_1_196' title='bbox 293 2160 354 2208; x_wconf 86' lang='lat' dir='ltr'>unde</span> <span class='ocrx_word' id='word_1_197' title='bbox 367 2159 448 2209; x_wconf 83' lang='lat' dir='ltr'>dieitur</span> <span class='ocrx_word' id='word_1_198' title='bbox 462 2159 486 2208; x_wconf 92' lang='lat' dir='ltr'>iu</span> <span class='ocrx_word' id='word_1_199' title='bbox 501 2158 596 2209; x_wconf 80' lang='lat' dir='ltr'>Poolm.</span> <span class='ocrx_word' id='word_1_200' title='bbox 619 2159 730 2209; x_wconf 83' lang='lat' dir='ltr'>XXXVI:</span> <span class='ocrx_word' id='word_1_201' title='bbox 748 2176 761 2207; x_wconf 83' lang='lat' dir='ltr'>u</span> <span class='ocrx_word' id='word_1_202' title='bbox 779 2160 872 2211; x_wconf 85' lang='lat' dir='ltr'>Gladius</span> 
     </span>
     <span class='ocr_line' id='line_1_27' title="bbox 64 2229 869 2294; baseline -0.002 -12"><span class='ocrx_word' id='word_1_203' title='bbox 64 2244 146 2282; x_wconf 88' lang='lat' dir='ltr'>eorum</span> <span class='ocrx_word' id='word_1_204' title='bbox 159 2230 264 2281; x_wconf 82' lang='lat' dir='ltr'>introtiu</span> <span class='ocrx_word' id='word_1_205' title='bbox 276 2231 343 2281; x_wconf 84' lang='lat' dir='ltr'>eorda</span> <span class='ocrx_word' id='word_1_206' title='bbox 356 2231 469 2294; x_wconf 85' lang='lat' dir='ltr'>ipsorum.</span> <span class='ocrx_word' id='word_1_207' title='bbox 481 2247 496 2278; x_wconf 83' lang='lat' dir='ltr'>n</span> <span class='ocrx_word' id='word_1_208' title='bbox 510 2229 555 2280; x_wconf 84' lang='lat' dir='ltr'>Sed</span> <span class='ocrx_word' id='word_1_209' title='bbox 570 2230 609 2280; x_wconf 88' lang='lat' dir='ltr'>ille</span> <span class='ocrx_word' id='word_1_210' title='bbox 625 2231 664 2294; x_wconf 79' lang='lat' dir='ltr'>qui</span> <span class='ocrx_word' id='word_1_211' title='bbox 678 2229 744 2280; x_wconf 88' lang='lat' dir='ltr'>alteri</span> <span class='ocrx_word' id='word_1_212' title='bbox 758 2231 869 2294; x_wconf 88' lang='lat' dir='ltr'>adulator,</span> 
     </span>
     <span class='ocr_line' id='line_1_28' title="bbox 65 2301 869 2367; baseline -0.005 -13"><span class='ocrx_word' id='word_1_213' title='bbox 65 2303 156 2354; x_wconf 89' lang='lat' dir='ltr'>inducit</span> <span class='ocrx_word' id='word_1_214' title='bbox 162 2316 215 2352; x_wconf 88' lang='lat' dir='ltr'>oum</span> <span class='ocrx_word' id='word_1_215' title='bbox 227 2303 254 2352; x_wconf 87' lang='lat' dir='ltr'>ad</span> <span class='ocrx_word' id='word_1_216' title='bbox 263 2303 402 2367; x_wconf 84' lang='lat' dir='ltr'>peorandnm</span> <span class='ocrx_word' id='word_1_217' title='bbox 414 2302 547 2365; x_wconf 82' lang='lat' dir='ltr'>mortaliter3</span> <span class='ocrx_word' id='word_1_218' title='bbox 556 2302 615 2352; x_wconf 91' lang='lat' dir='ltr'>uude</span> <span class='ocrx_word' id='word_1_219' title='bbox 627 2313 694 2364; x_wconf 82' lang='lat' dir='ltr'>sopor</span> <span class='ocrx_word' id='word_1_220' title='bbox 703 2301 758 2351; x_wconf 90' lang='lat' dir='ltr'>illud</span> <span class='ocrx_word' id='word_1_221' title='bbox 772 2301 869 2351; x_wconf 69' lang='lat' dir='ltr'>onnon.</span> 
     </span>
     <span class='ocr_line' id='line_1_29' title="bbox 64 2373 872 2438; baseline -0.004 -12"><span class='ocrx_word' id='word_1_222' title='bbox 64 2375 123 2426; x_wconf 86' lang='lat' dir='ltr'>CXL</span> <span class='ocrx_word' id='word_1_223' title='bbox 138 2390 145 2425; x_wconf 75' lang='grc' dir='ltr'><em>τ</em></span> <span class='ocrx_word' id='word_1_224' title='bbox 162 2392 177 2422; x_wconf 85' lang='lat' dir='ltr'>u</span> <span class='ocrx_word' id='word_1_225' title='bbox 187 2374 267 2425; x_wconf 83' lang='lat' dir='ltr'>Oleum</span> <span class='ocrx_word' id='word_1_226' title='bbox 281 2374 463 2438; x_wconf 81' lang='lat' dir='ltr'>poooatorirnon</span> <span class='ocrx_word' id='word_1_227' title='bbox 473 2373 601 2437; x_wconf 77' lang='lat' dir='ltr'>impinguet</span> <span class='ocrx_word' id='word_1_228' title='bbox 610 2376 677 2436; x_wconf 80' lang='lat' dir='ltr'>capuit</span> <span class='ocrx_word' id='word_1_229' title='bbox 688 2385 778 2433; x_wconf 87' lang='lat' dir='ltr'>meum,</span> <span class='ocrx_word' id='word_1_230' title='bbox 793 2389 806 2419; x_wconf 85' lang='lat' dir='ltr'>n</span> <span class='ocrx_word' id='word_1_231' title='bbox 817 2373 872 2424; x_wconf 83' lang='lat' dir='ltr'>dieii</span> 
     </span>
     <span class='ocr_line' id='line_1_30' title="bbox 63 2444 870 2507; baseline -0.002 -9"><span class='ocrx_word' id='word_1_232' title='bbox 63 2447 158 2498; x_wconf 78' lang='lat' dir='ltr'>dinosa:</span> <span class='ocrx_word' id='word_1_233' title='bbox 169 2463 183 2494; x_wconf 81' lang='lat' dir='ltr'>e</span> <span class='ocrx_word' id='word_1_234' title='bbox 193 2445 262 2496; x_wconf 81' lang='lat' dir='ltr'>Falsa</span> <span class='ocrx_word' id='word_1_235' title='bbox 272 2445 323 2496; x_wconf 83' lang='lat' dir='ltr'>lans</span> <span class='ocrx_word' id='word_1_236' title='bbox 331 2445 454 2496; x_wconf 83' lang='lat' dir='ltr'>adulatoris</span> <span class='ocrx_word' id='word_1_237' title='bbox 463 2448 552 2495; x_wconf 81' lang='lat' dir='ltr'>mentes</span> <span class='ocrx_word' id='word_1_238' title='bbox 561 2444 573 2494; x_wconf 77' lang='lat' dir='ltr'>a</span> <span class='ocrx_word' id='word_1_239' title='bbox 583 2445 658 2507; x_wconf 82' lang='lat' dir='ltr'>rigore</span> <span class='ocrx_word' id='word_1_240' title='bbox 669 2445 772 2496; x_wconf 85' lang='lat' dir='ltr'>ueritatis</span> <span class='ocrx_word' id='word_1_241' title='bbox 781 2446 870 2496; x_wconf 85' lang='lat' dir='ltr'>emollit</span> 
     </span>
     <span class='ocr_line' id='line_1_31' title="bbox 65 2515 873 2581; baseline 0 -14"><span class='ocrx_word' id='word_1_242' title='bbox 65 2521 94 2570; x_wconf 91' lang='lat' dir='ltr'>ad</span> <span class='ocrx_word' id='word_1_243' title='bbox 119 2517 200 2569; x_wconf 81' lang='lat' dir='ltr'>noxia.</span> <span class='ocrx_word' id='word_1_244' title='bbox 220 2533 235 2565; x_wconf 79' lang='lat' dir='ltr'>n</span> <span class='ocrx_word' id='word_1_245' title='bbox 255 2517 315 2581; x_wconf 80' lang='lat' dir='ltr'>Ergo</span> <span class='ocrx_word' id='word_1_246' title='bbox 337 2515 501 2580; x_wconf 78' lang='lat' dir='ltr'>multomagis</span> <span class='ocrx_word' id='word_1_247' title='bbox 525 2515 629 2566; x_wconf 87' lang='lat' dir='ltr'>adulator</span> <span class='ocrx_word' id='word_1_248' title='bbox 652 2515 676 2564; x_wconf 90' lang='lat' dir='ltr'>in</span> <span class='ocrx_word' id='word_1_249' title='bbox 701 2529 725 2568; x_wconf 87' lang='lat' dir='ltr'>se</span> <span class='ocrx_word' id='word_1_250' title='bbox 747 2517 873 2568; x_wconf 86' lang='lat' dir='ltr'>mortaliter</span> 
     </span>
     <span class='ocr_line' id='line_1_32' title="bbox 95 2595 156 2642; baseline -0.033 0"><span class='ocrx_word' id='word_1_251' title='bbox 95 2595 156 2642; x_wconf 75' lang='lat' dir='ltr'>ocul.</span> 
     </span>
     <span class='ocr_line' id='line_1_33' title="bbox 64 2605 872 2722; baseline -0.004 -10"><span class='ocrx_word' id='word_1_252' title='bbox 64 2605 121 2712; x_wconf 60' lang='lat' dir='ltr'>pes.</span> <span class='ocrx_word' id='word_1_253' title='bbox 138 2664 266 2721; x_wconf 77' lang='lat' dir='ltr'>Pranrea,</span> <span class='ocrx_word' id='word_1_254' title='bbox 281 2659 304 2710; x_wconf 88' lang='lat' dir='ltr'>iu</span> <span class='ocrx_word' id='word_1_255' title='bbox 324 2661 437 2710; x_wconf 82' lang='lat' dir='ltr'>Deoretr&#39;s</span> <span class='ocrx_word' id='word_1_256' title='bbox 452 2659 571 2721; x_wconf 75' lang='lat' dir='ltr'>scribitur,</span> <span class='ocrx_word' id='word_1_257' title='bbox 586 2660 639 2710; x_wconf 86' lang='lat' dir='ltr'>dist.</span> <span class='ocrx_word' id='word_1_258' title='bbox 653 2663 682 2710; x_wconf 78' lang='lat' dir='ltr'>to</span> <span class='ocrx_word' id='word_1_259' title='bbox 699 2662 749 2722; x_wconf 79' lang='lat' dir='ltr'>(oa</span> <span class='ocrx_word' id='word_1_260' title='bbox 768 2661 872 2712; x_wconf 85' lang='lat' dir='ltr'>Concilio</span> 
     </span>
     <span class='ocr_line' id='line_1_34' title="bbox 65 2731 872 2798; baseline -0.002 -14"><span class='ocrx_word' id='word_1_261' title='bbox 65 2733 243 2798; x_wconf 78' lang='lat' dir='ltr'>Carthaginensi</span> <span class='ocrx_word' id='word_1_262' title='bbox 255 2734 301 2796; x_wconf 80' lang='lat' dir='ltr'>lv,</span> <span class='ocrx_word' id='word_1_263' title='bbox 313 2745 365 2797; x_wconf 84' lang='lat' dir='ltr'>rap.</span> <span class='ocrx_word' id='word_1_264' title='bbox 378 2732 429 2795; x_wconf 78' lang='lat'>56)</span> <span class='ocrx_word' id='word_1_265' title='bbox 444 2749 449 2782; x_wconf 93' lang='lat'>:</span> <span class='ocrx_word' id='word_1_266' title='bbox 468 2749 483 2779; x_wconf 86' lang='lat' dir='ltr'>r</span> <span class='ocrx_word' id='word_1_267' title='bbox 497 2731 598 2782; x_wconf 74' lang='lat' dir='ltr'>Clericus</span> <span class='ocrx_word' id='word_1_268' title='bbox 608 2731 648 2794; x_wconf 89' lang='lat' dir='ltr'>qni</span> <span class='ocrx_word' id='word_1_269' title='bbox 665 2732 833 2783; x_wconf 86' lang='lat' dir='ltr'>adulationibus</span> <span class='ocrx_word' id='word_1_270' title='bbox 848 2735 872 2782; x_wconf 90' lang='lat' dir='ltr'>et</span> 
     </span>
     <span class='ocr_line' id='line_1_35' title="bbox 63 2803 870 2872; baseline -0.006 -15"><span class='ocrx_word' id='word_1_271' title='bbox 63 2807 236 2872; x_wconf 80' lang='lat' dir='ltr'>proditionibus</span> <span class='ocrx_word' id='word_1_272' title='bbox 255 2817 337 2856; x_wconf 82' lang='lat' dir='ltr'>raoare</span> <span class='ocrx_word' id='word_1_273' title='bbox 355 2804 542 2870; x_wconf 82' lang='lat' dir='ltr'>deprehenditur,</span> <span class='ocrx_word' id='word_1_274' title='bbox 559 2805 692 2867; x_wconf 81' lang='lat' dir='ltr'>degradetur</span> <span class='ocrx_word' id='word_1_275' title='bbox 705 2805 734 2853; x_wconf 90' lang='lat' dir='ltr'>air</span> <span class='ocrx_word' id='word_1_276' title='bbox 753 2803 837 2856; x_wconf 87' lang='lat' dir='ltr'>oliioio.</span> <span class='ocrx_word' id='word_1_277' title='bbox 856 2821 870 2852; x_wconf 86' lang='lat' dir='ltr'>rr</span> 
     </span>
    </p>
   </div>
   <div class='ocr_carea' id='block_1_13' title="bbox 98 2923 740 3008">
    <p class='ocr_par' dir='ltr' id='par_1_14' title="bbox 98 2923 740 3008">
     <span class='ocr_line' id='line_1_36' title="bbox 98 2923 740 3008; baseline -0.014 -13"><span class='ocrx_word' id='word_1_278' title='bbox 98 2944 132 3008; x_wconf 78' lang='grc' dir='ltr'>(ι)</span> <span class='ocrx_word' id='word_1_279' title='bbox 149 2947 184 2991; x_wconf 70' lang='lat' dir='ltr'>or</span> <span class='ocrx_word' id='word_1_280' title='bbox 198 2944 236 2992; x_wconf 78' lang='lat' dir='ltr'>ur</span> <span class='ocrx_word' id='word_1_281' title='bbox 248 2945 319 2993; x_wconf 78' lang='lat' dir='ltr'>erran</span> <span class='ocrx_word' id='word_1_282' title='bbox 332 2957 373 3004; x_wconf 79' lang='lat' dir='ltr'>qu.</span> <span class='ocrx_word' id='word_1_283' title='bbox 384 2943 408 3004; x_wconf 86' lang='lat' dir='ltr'>r,</span> <span class='ocrx_word' id='word_1_284' title='bbox 423 2944 453 2991; x_wconf 75' lang='lat' dir='ltr'>uo</span> <span class='ocrx_word' id='word_1_285' title='bbox 464 2923 536 3004; x_wconf 71' lang='lat' dir='ltr'>malo,</span> <span class='ocrx_word' id='word_1_286' title='bbox 552 2947 596 2990; x_wconf 78' lang='lat' dir='ltr'>nr.</span> <span class='ocrx_word' id='word_1_287' title='bbox 609 2941 637 3002; x_wconf 90' lang='lat' dir='ltr'>r,</span> <span class='ocrx_word' id='word_1_288' title='bbox 657 2941 687 2988; x_wconf 70' lang='lat' dir='ltr'>rr</span> <span class='ocrx_word' id='word_1_289' title='bbox 700 2939 740 2986; x_wconf 89' lang='lat' dir='ltr'>rr.</span> 
     </span>
    </p>
   </div>
   <div class='ocr_carea' id='block_1_14' title="bbox 0 0 972 3284">
    <p class='ocr_par' dir='ltr' id='par_1_15' title="bbox 0 0 972 3284">
     <span class='ocr_line' id='line_1_37' title="bbox 0 0 972 3284; baseline 0 0"><span class='ocrx_word' id='word_1_290' title='bbox 0 0 972 3284; x_wconf 95' lang='lat' dir='ltr'> </span> 
     </span>
    </p>
   </div>
  </div>
 </body>
</html>
