1934 3284
211 151 242 189 blt
257 150 324 189 ΙΟΒΟ
339 150 495 189 subruentem
510 150 672 190 coartatam,
792 142 839 188 921

17 231 93 279 ratur
115 227 147 277 ad
162 224 224 291 ipsas
245 226 419 291 similitudines,
435 230 572 279 donantem
587 224 678 292 quanm
694 226 793 278 babber
810 228 840 279 ab

17 298 169 350 extrinseco
180 298 349 363 imprimuntur.

58 370 100 420 Ad
119 370 245 419 seeundum
267 370 401 433 dicendum,
417 368 476 433 qnbd
495 369 552 421 visio
570 369 731 422 intellectualis
750 385 796 422 non
813 372 840 422 dt

17 440 165 493 secundina
180 441 266 505 abnuas
284 441 445 492 similitudines
459 443 587 506 corporales
597 447 620 493 et
630 442 796 508 individuales3
812 444 839 493 dt

17 522 113 566 tannen
133 512 257 565 seeundbm
273 514 372 577 adquam
386 514 559 565 similitudinem
573 515 738 579 intelligibilem
755 532 761 565 τ
776 518 838 568 unde

17 585 179 649 Augustinus
196 585 265 649 dicit,
284 588 324 639 lll.
340 588 376 635 De
398 588 490 637 Tm'ttit.
512 587 580 651 (cap.
602 587 649 651 l),
663 588 722 651 qnbd
740 606 754 636 a
768 590 838 639 babet

18 659 67 711 nni
72 670 129 707 mus
140 658 272 707 nonnullam
289 659 373 722 speciei
385 661 444 709 noto
456 658 636 709 similitudinem.
647 676 663 707 »
678 662 733 720 Quae
746 662 856 725 quidem.

17 729 162 783 similitudo
182 728 331 793 intelligibilis
352 730 376 779 in
395 730 533 787 revelatione
552 730 685 794 prophetica
705 734 838 795 quandoque

18 800 169 855 immediate
181 800 194 851 b
208 802 253 851 Deo
265 800 402 867 imprimitur
409 839 418 865 ‚
433 804 567 865 quandoque
583 802 598 853 b
614 802 692 853 formis
710 803 838 867 imaginalis

20 876 132 927 resultat
146 871 269 923 sennndbm
280 874 415 938 adjutorium
428 874 556 937 prophetici
569 873 676 935 luminis,
690 875 744 938 qnia
756 890 786 926 en
794 876 839 927 eis-

20 952 85 999 dem
99 944 180 995 tornis
191 944 320 1007 imaginalis
338 945 439 995 subtilior
457 944 595 1009 conspicitur
612 946 696 997 ueritas
714 946 838 998 secundbm

20 1016 212 1071 illustrationem
223 1016 309 1067 altioris
323 1016 425 1067 luminis.

63 1090 102 1141 Ad
114 1088 206 1139 tertium
220 1088 351 1151 dicendum,
362 1087 421 1152 qnbd
441 1100 596 1153 quascumque
609 1088 694 1140 formas
704 1090 838 1154 imaginatas

25 1160 137 1215 naturali
147 1160 231 1209 virtute
244 1162 312 1211 bomo
323 1164 399 1225 potest
413 1162 523 1222 lormare,
533 1160 635 1211 absoluti
649 1162 779 1225 hujusmodi
790 1164 837 1213 lor·

24 1248 84 1285 mas
100 1231 278 1292 considerando,
295 1244 340 1283 non
356 1236 432 1281 tamen
445 1235 470 1280 nt
486 1232 532 1281 sint
545 1232 653 1281 ordinatu
668 1234 696 1282 ud
711 1247 836 1297 represen-

23 1306 116 1357 tandas
130 1300 285 1365 intelligibiles
299 1302 419 1363 veritates,
433 1316 483 1366 qnae
497 1302 597 1352 bominis
614 1303 752 1354 intellednm
768 1318 836 1356 enre-

24 1379 107 1438 dnnt3
132 1376 171 1425 sed
191 1378 220 1426 ad
238 1376 282 1425 boo
302 1373 454 1425 neeessariam
475 1378 511 1425 est
527 1374 638 1426 auridum
658 1378 837 1440 supernatmalis

25 1445 138 1499 luminis.

241 1549 242 1559 ’
329 1553 485 1605 tollebatis
501 1554 540 1604 lll.

79 1680 165 1727 Utrt'am
180 1678 240 1725 visio
253 1678 389 1753 prophetica
402 1692 493 1787 semper
505 1681 551 1735 lint
566 1693 622 1726 cnm
638 1682 796 1727 abstractione

368 1756 383 1786 u
391 1756 453 1787 serres
469 1756 506 1788 us.

65 1873 103 1925 nd
116 1870 206 1922 tertium
217 1868 250 1919 sie
261 1867 391 1932 proceditur
402 1869 445 1932 (t).
453 1868 548 1919 Videtur
561 1868 620 1933 qubd
634 1868 692 1919 nisio
704 1870 837 1933 prophetica

30 1958 129 2009 semper
142 1944 180 1992 dal
188 1956 240 1991 eum
250 1939 419 1991 abstractioned
428 1940 541 1991 sensibus.
550 1941 637 1992 Dicitur
645 1941 706 1991 enim
718 1942 836 2001 Numer„

31 2022 78 2075 xll
94 2033 100 2067 z
118 2033 132 2062 «
144 2014 168 2067 Si
182 2014 233 2079 quis
245 2010 312 2063 inerit
330 2011 389 2063 inter
404 2027 446 2064 uns
462 2015 573 2077 propbeta
590 2012 695 2077 bomini,
710 2013 735 2063 in
748 2013 835 2065 visione

32 2089 151 2158 apparebo
169 2086 205 2149 ei,
223 2086 260 2135 nel
273 2098 313 2149 per
330 2085 441 2145 somnium
460 2086 539 2149 loquar
552 2086 580 2135 ad
598 2084 670 2135 illum.
686 2100 701 2131 n
714 2085 759 2135 Sed
777 2086 836 2135 sient

33 2167 120 2215 Glossa
134 2158 186 2209 dicit
198 2158 222 2207 in
234 2156 333 2220 princip.
349 2156 472 2206 Psotterii
479 2195 487 2213 ,
501 2156 579 2207 <suisio
591 2170 642 2219 qna
651 2162 686 2207 est
699 2168 739 2219 per
748 2153 837 2205 somnia

34 2242 60 2288 et
82 2232 198 2293 visiones,
218 2233 252 2279 est
274 2242 314 2299 per
328 2242 355 2278 ea
369 2242 419 2291 qnae
437 2229 542 2279 videnlur
559 2228 606 2278 diei
624 2228 660 2278 vel
676 2226 734 2277 lieri.
745 2244 758 2275 n
778 2226 835 2276 Cdm

35 2311 113 2357 aulem
128 2302 202 2364 alium
214 2299 317 2350 videntur
327 2299 371 2349 dici
381 2300 419 2350 uel
428 2300 477 2351 lieri
485 2314 536 2364 qnae
549 2313 597 2350 non
606 2300 711 2349 dicuntur
722 2300 759 2349 vel
768 2299 835 2362 liunt,

34 2383 72 2431 est
88 2374 192 2425 alienatio
207 2371 221 2423 d
236 2372 347 2422 sensibus.
363 2372 420 2435 Ergo
436 2372 555 2439 prophetia
569 2385 659 2435 semper
672 2371 698 2421 dt
711 2386 765 2421 anm
778 2370 835 2421 alie·

35 2449 131 2501 natione
144 2444 156 2494 i
167 2442 290 2495 sensibus.-

69 2526 101 2585 λ,
110 2520 232 2579 Praeterea,
246 2516 337 2579 quando
353 2528 398 2567 nna
408 2516 478 2565 uirtus
493 2515 588 2566 nnnltbnr
601 2516 726 2568 intenditur
739 2516 762 2565 in
776 2529 836 2580 ope-

38 2592 191 2651 nationesne,
206 2588 250 2637 alin
260 2587 361 2651 potentia
377 2587 516 2637 abstrahitur
528 2586 542 2637 l
552 2602 594 2639 sno
605 2592 669 2651 actu,
682 2588 740 2638 sient
749 2588 783 2638 illi
796 2588 838 2652 qui

38 2664 185 2714 vehementer
199 2660 317 2711 intendunt
336 2660 364 2710 ad
382 2658 466 2724 aliquid
482 2660 631 2722 audiendum,
644 2674 691 2711 non
707 2659 837 2725 percipiunt

38 2737 91 2787 risu
103 2746 129 2783 ea
143 2746 192 2797 qnae
208 2746 281 2785 noram
297 2730 353 2795 ipsis
369 2735 431 2783 sunt.
449 2731 494 2783 Sed
509 2731 534 2782 in
552 2732 640 2788 ebione
655 2732 786 2799 prophetica
800 2736 836 2785 est

73 2887 105 2957 (1)
118 2890 150 2935 lle
158 2888 194 2935 bis
203 2889 274 2937 etiem
284 2900 326 2947 qn.
336 2886 376 2949 ln,
387 2888 416 2935 de
426 2888 506 2950 vemt„
520 2893 565 2938 art.
575 2888 600 2936 o.
