1934 3284
133 173 163 223 aa
226 183 337 225 snenroa
355 179 483 233 isauron,
497 177 591 229 orator.
608 174 714 233 txmn,
730 182 785 222 nr.
799 181 836 222 rr.

133 262 191 313 citer
204 277 211 312 ε
226 275 272 313 nno
290 261 356 312 modo
370 259 435 324 qnasi
445 272 487 326 per
498 259 572 324 ipsum
585 259 716 324 implenda,
732 257 778 310 alio
791 257 859 310 motio
874 254 931 309 sient

132 333 262 398 peripsum
272 333 420 396 impetranda.
433 329 510 382 Primo
518 331 685 395 quidemmodn
695 330 738 382 soli
746 332 794 382 lieo
807 329 931 382 orationem

132 405 281 469 porrigimus
297 403 350 470 quia
365 415 444 454 omnes
457 402 571 472 orationes
590 406 676 455 nostra
689 401 789 454 ordinari
801 402 886 453 delent
903 403 931 452 ad

132 477 228 540 gratiam
247 479 270 527 et
282 475 376 539 gloriam
389 475 650 539 consequentiamque
670 473 732 525 seins
746 475 810 526 Dens
825 475 877 538 dat,
896 488 931 525 se·

132 547 232 599 cnndinn
247 547 302 598 illud
320 547 416 599 Psotoa.
431 545 543 597 lxxxm
558 561 565 595 τ
581 563 595 594 s
611 546 711 596 Gratiam
724 548 748 597 et
764 544 861 609 gloriam
871 545 933 596 (labit

132 619 248 670 Dominus.
263 634 276 666 s
296 619 339 670 Sed
352 619 450 669 seeundo
463 617 532 668 moin
555 617 680 668 orationem
694 617 830 682 porrigimus
846 617 933 668 sanetis

135 690 222 754 angelis
235 694 260 741 'et
273 688 413 752 hominibus,
429 692 510 740 nonni
525 701 568 752 per
577 701 617 742 ans
627 689 693 738 Dens
705 691 794 740 nostres
809 687 933 753 petitiones

132 765 265 826 cognoseat,
281 761 322 812 sel
334 764 360 811 nt
372 771 450 810 eornm
460 759 565 823 preeiom
577 762 601 810 et
620 758 706 810 meritis
721 758 835 810 orationes
848 763 931 810 nostre

132 831 255 902 sopiantur
265 832 378 883 ellectum.
394 829 423 884 ot
435 829 488 880 idae
500 829 583 880 tiniam
595 829 705 895 iperet,
717 830 776 891 titt,
787 829 849 893 qnod
864 848 879 879 s
895 843 932 880 as·

133 902 209 968 pandit
221 903 298 954 tumus
311 903 456 954 ineeroornm
471 900 500 950 de
516 900 657 952 erationibus
676 903 806 951 sanctornm
820 901 849 952 (is
862 915 932 951 mann

133 973 208 1036 angeli
218 985 294 1025 eornm
304 973 388 1037 lieo;»
401 974 425 1022 et
438 972 483 1021 hoe
495 971 563 1021 etiam
573 974 638 1036 patet
649 983 679 1022 ex
691 971 742 1035 ipso
752 971 819 1022 modo
829 985 877 1036 qno
889 973 932 1022 lie-

132 1044 203 1094 elesia
223 1045 294 1096 ntitua
310 1045 337 1094 in
358 1043 456 1105 orand03
471 1054 525 1094 nam
539 1042 553 1093 i
567 1047 646 1094 saneta
660 1043 770 1094 Trinitate
789 1043 889 1108 petimus
908 1050 934 1094 nt

133 1114 204 1165 nostri
221 1115 365 1177 misereatur,
380 1115 408 1165 als
431 1113 483 1164 aliis
499 1117 574 1164 antem
590 1114 769 1179 gnomesngre
788 1114 890 1178 petimns
908 1120 933 1166 nt

132 1189 198 1236 orent
207 1201 249 1251 pro
265 1187 340 1238 nohis.

162 1259 197 1308 id
209 1259 306 1322 prinam
316 1269 370 1322 ergo
383 1257 510 1320 noenanm,
521 1256 581 1320 quoa
592 1256 624 1307 ilii
633 1257 676 1308 soii
683 1256 835 1322 impendimus
845 1259 933 1310 orando

131 1327 245 1391 religionis
258 1331 351 1393 ruitum,
365 1328 433 1392 igno
442 1327 565 1392 qaaenmns
573 1327 674 1378 morere
685 1327 746 1391 qaod
754 1338 861 1390 oramus,
876 1330 931 1392 qnia

129 1397 153 1448 in
166 1400 210 1450 ooo
223 1403 379 1464 protestamur·
392 1411 445 1450 enm
458 1399 571 1449 banorum
590 1402 719 1449 nostrornm
732 1399 866 1463 sotionem,
886 1413 932 1450 non

128 1474 204 1522 satem
219 1471 253 1523 eis
266 1486 323 1538 qnos
339 1469 473 1536 rmuirimns
487 1470 552 1536 qnasi
568 1471 749 1534 interpellatores
761 1474 853 1522 nosnos
871 1473 933 1536 apnd

129 1543 209 1593 Deum.

159 1614 193 1664 la
206 1616 330 1666 seeundum
343 1614 478 1679 (lieentum,
490 1614 552 1679 qnod
563 1614 647 1666 menni
656 1627 684 1666 ea
692 1627 744 1678 gns
753 1614 779 1666 in
788 1615 833 1666 hoe
843 1620 933 1670 mundo

129 1687 240 1749 aguntur,
254 1686 394 1738 considerati
408 1699 487 1738 eoram
501 1685 598 1737 naturali
610 1685 753 1750 sortitione,
767 1699 814 1737 non
829 1699 935 1752 eognos-

130 1759 197 1819 eunt,
212 1759 234 1806 at
248 1756 360 1822 precipuo
377 1756 498 1808 interiores
512 1759 587 1808 motos
597 1757 686 1820 eordis3
696 1757 737 1807 sei
746 1756 833 1819 beatis,
842 1761 936 1810 utGre

130 1827 208 1890 gorius
221 1827 278 1878 dicit
290 1829 315 1878 in
326 1831 367 1881 llll
381 1829 473 1882 Marsi.
483 1829 551 1894 (oap.
569 1831 609 1890 lt,
623 1829 661 1879 vel
673 1827 729 1893 13),
739 1829 764 1878 in
775 1828 843 1880 veron
858 1835 935 1883 mani-

131 1898 228 1950 testntnr
239 1899 293 1950 illut
304 1901 438 1966 gestisset
452 1911 492 1951 eos
506 1910 643 1964 eognosoere
656 1900 731 1951 ‹le-eis
745 1911 798 1962 guae
813 1899 878 1953 eires
893 1917 935 1955 nos

131 1973 240 2036 agantur,
253 1972 321 2023 etiam
335 1975 445 2036 qnantum
463 1972 493 2022 ad
505 1971 627 2022 interiores
642 1975 717 2024 moins
732 1972 814 2022 cordis.
833 1975 936 2027 tinniant

131 2044 207 2092 antem
222 2041 380 2094 excellentiam
386 2055 465 2094 eornm
472 2043 538 2092 decet
545 2044 571 2091 nt
577 2045 715 2106 cognosmnt
723 2042 846 2106 petitiones
854 2047 886 2096 ari
895 2061 935 2098 eos

131 2113 215 2178 ineos,
227 2116 265 2167 vel
277 2127 333 2166 rose
342 2115 379 2166 vel
393 2115 475 2178 nonde;
483 2114 567 2165 ntideo
580 2112 702 2178 petitiones
715 2125 771 2177 quas
781 2114 810 2164 ad
824 2129 866 2168 eos
879 2119 935 2173 ‹liri-

130 2184 218 2251 gimas,
233 2187 279 2237 lieo
291 2185 449 2236 manifestante
466 2190 614 2250 cognoscunt.

161 2257 195 2306 Ad
206 2257 298 2306 tertium
312 2256 447 2316 dicentium,
461 2255 523 2318 qnod
537 2255 620 2318 illiqni
631 2258 685 2306 snnt
697 2255 722 2307 in
735 2258 780 2308 looe
792 2259 881 2310 mundo
895 2266 936 2310 aut

129 2324 154 2374 in
165 2327 307 2390 purgatorie,
320 2327 421 2377 matiam
435 2326 542 2376 irunntnr
554 2325 644 2376 risione
661 2327 766 2377 venlint
782 2329 876 2392 possint
897 2345 936 2382 co-

89 2433 97 2446 .
129 2409 238 2459 gnoscere
257 2409 284 2448 ea
299 2411 349 2462 que
363 2407 404 2448 nos
417 2397 542 2461 mgitamns
555 2398 595 2448 vel
613 2397 726 2462 dirimam
739 2403 763 2451 et
779 2399 833 2450 ileo
851 2415 935 2454 eornm

128 2467 237 2531 sntiragia
252 2479 299 2519 non
316 2468 461 2532 inploramus
476 2469 578 2532 manto,
590 2469 631 2520 sei
645 2468 658 2520 a
670 2469 731 2521 siris
744 2469 845 2534 petimus
860 2474 936 2525 eollo·

45 2551 49 2556 ·
93 2569 95 2572 -
128 2537 226 2602 qnando.
