1934 3284
327 247 357 289 nn
370 242 534 290 ornaturam.
783 235 829 289 687

68 325 98 377 lo
114 329 215 390 quartum
229 325 346 378 licentum
356 367 362 390 ,
373 327 431 391 quod
447 327 565 391 virginitas
579 327 704 378 socundirm
717 325 777 392 quod
794 333 831 378 ost

36 399 120 459 uirtus,
134 400 239 464 importat
252 401 391 464 propositum
407 405 458 450 roto
471 399 582 449 firmatum
594 399 731 462 integritatis
748 413 830 464 perpo-

35 471 74 522 tuo
87 473 208 522 seruanda.
225 471 284 522 Dicit
300 473 360 522 enim
376 472 514 536 Augustinus
532 473 556 521 in
569 472 610 522 lib.
629 473 664 520 De
680 473 831 535 virginitate

38 543 106 608 (cap.
122 545 149 606 8)
164 543 238 607 ‚quod
250 561 263 592 u
275 557 315 610 por
325 543 478 608 uirginitatem
493 544 610 607 integritas
623 542 698 592 carnis
711 543 756 606 ipsi
769 557 831 594 aroa-

33 616 76 666 tori
95 615 174 665 anima
193 619 216 665 ot
229 616 304 666 caruis
322 619 424 680 roratur,
443 620 599 678 consecratur,
611 619 722 665 servatur.
739 615 830 666 »Unde

31 686 148 748 virginitas
163 687 286 738 secundino
300 687 361 752 quod
376 693 411 738 ost
427 689 511 750 uirtus,
529 700 642 752 nonquam
663 685 774 736 amittitur
787 687 831 737 uisi

32 771 73 822 per
86 762 211 820 peccatum.

66 830 98 877 ld
112 833 213 892 quartum
226 830 359 895 (licendum,
370 829 430 895 quod
443 829 538 880 castitas
551 828 676 892 conjugalis
686 842 715 879 en
729 829 772 879 hoo
783 831 831 880 solo

32 900 123 949 laudem
135 901 202 951 trabat
213 901 273 965 quod
288 902 386 952 abstinet
398 900 425 950 ab
437 901 521 952 illicitis
533 901 686 964 uoluptatibus
697 915 703 948 :
713 900 773 949 uude
785 911 831 950 oon

32 972 102 1021 habet
116 972 211 1035 aliquam
226 974 381 1024 extollentiam
401 987 468 1038 supra
487 986 630 1023 communem
647 971 781 1022 castitatem.
791 971 831 1020 lli·

30 1043 107 1093 duitas
117 1048 190 1093 autam
202 1045 263 1095 addit
272 1046 363 1107 quidam
376 1045 460 1108 aliquid
469 1059 536 1109 soora
546 1057 687 1095 communem
697 1043 830 1107 castitatem;

30 1129 78 1165 non
92 1119 166 1164 tamen
182 1117 286 1178 pervenit
299 1117 327 1166 ad
339 1116 361 1166 id
374 1118 434 1180 quod
450 1120 484 1166 est
498 1117 623 1180 perlectum
637 1116 662 1164 in
683 1113 775 1164 matoria
788 1114 832 1164 ista

32 1185 139 1250 (scilicet
152 1187 179 1236 al
198 1187 348 1236 omnimodam
371 1187 537 1238 immunitatem
555 1199 659 1237 renota
679 1184 829 1250 voluptatis),

28 1258 73 1307 sed
88 1257 136 1307 sola
150 1257 277 1321 virginitas.
290 1259 317 1308 Et
330 1257 381 1309 ideo
400 1259 446 1309 sola
461 1257 578 1320 uirginitas
592 1259 684 1322 ponitur
694 1257 766 1307 uirtus
780 1270 832 1321 spo-

28 1329 98 1379 oialis
109 1341 177 1394 supra
191 1327 328 1388 militatem,
340 1331 400 1382 siout
411 1329 577 1394 magnilioontia
586 1343 654 1394 supra
663 1329 831 1380 liberalitatem.

283 1557 292 1582 ‚
323 1508 482 1562 iuncosus
498 1511 536 1560 ιν.

133 1637 219 1682 Utrum
228 1637 356 1694 virginitas
369 1638 400 1682 ait
412 1637 566 1683 excellentior
582 1638 741 1682 matrimonio.
758 1611 763 1618 ⁵

59 1764 95 1814 nl
109 1765 213 1826 quartum
228 1763 261 1814 sic
273 1763 452 1828 procediturlll.
468 1763 562 1814 Videtur
575 1763 635 1827 quod
651 1763 771 1826 uirginitas
785 1775 833 1814 non

24 1837 59 1888 sit
81 1835 230 1885 excellentior
240 1834 392 1885 matrimonio.
403 1835 460 1884 Dicit
473 1849 534 1884 eorm
551 1835 690 1898 Augustinus
703 1835 726 1884 in
741 1835 780 1885 lib.
796 1835 833 1885 De
878 1837 883 1846 ’

23 1910 98 1959 dono
115 1906 244 1970 conjugali
258 1907 327 1970 (oap.
343 1907 391 1971 tl)
408 1923 413 1955 :
435 1924 448 1954 u
461 1907 513 1956 Non
530 1911 565 1956 est
577 1907 650 1970 irnpar
664 1907 768 1957 meritum
779 1920 836 1956 oon:

24 1978 138 2032 tinentiae
149 1977 172 2026 in
184 1980 269 2028 toanue
279 2017 285 2039 ,
296 1978 334 2042 qui
344 1979 417 2029 nullus
427 1983 533 2042 arpertus
542 1981 578 2028 ost
588 1978 688 2043 nuptias,
699 1983 722 2029 ot
731 1980 755 2029 in
764 1979 834 2030 lbra-

22 2055 95 2114 harn‚
107 2049 147 2114 qui
158 2047 215 2100 lilios
228 2049 353 2113 generavit.
363 2066 377 2096 u
388 2050 433 2100 Sed
445 2050 540 2111 majoris
549 2050 641 2099 uirtutis
652 2051 727 2114 majus
736 2054 771 2101 ost
784 2064 833 2102 rue·

22 2124 110 2175 ritunr.
129 2121 185 2184 Ergo
196 2121 313 2184 uirginitas
323 2133 369 2172 non
383 2126 416 2172 ast
428 2120 503 2186 potior
512 2121 587 2170 rirtus
597 2121 664 2185 quim
674 2123 766 2172 castitas
779 2136 833 2174 oon·

24 2199 49 2248 'n
71 2193 126 2244 alis.

18 2213 29 2263 J
52 2211 88 2316 gn
106 2265 235 2328 Praeterea,
251 2277 279 2314 aa
289 2263 373 2315 rii-luto
387 2265 500 2328 dependet
516 2265 566 2314 laus
575 2264 671 2315 virtuosi
687 2265 728 2330 (a).
742 2265 766 2314 Si
781 2279 833 2330 ergo

18 2336 153 2401 virginitas
166 2337 307 2399 proterretur
321 2335 465 2386 coutinentia
479 2336 602 2400 conjugali,
612 2335 701 2385 videtur
715 2350 765 2387 osso
780 2351 834 2386 oon·

19 2419 137 2472 sequens
152 2407 212 2470 quod
226 2407 331 2470 quaslibet
344 2408 407 2472 virgo
422 2412 483 2458 assat
497 2407 628 2458 laudabilior
643 2409 742 2471 qualibet
755 2410 835 2472 conju·

16 2481 92 2548 gata.
109 2479 160 2530 Hoo
177 2485 251 2529 autom
270 2485 306 2529 est
324 2481 414 2530 lalsurn.
431 2481 491 2542 Ergo
509 2478 631 2543 uirginitas
652 2493 697 2530 non
718 2479 835 2545 protertur

16 2551 151 2618 conjugio.

55 2662 94 2724 (1)
113 2665 149 2708 Ite
166 2662 202 2707 his
215 2663 286 2708 otiam
299 2663 341 2718 IV,
352 2660 430 2710 Sunt,
445 2663 499 2708 dist,
516 2660 558 2719 20,
571 2674 612 2718 qu.
622 2662 653 2718 ll,
666 2668 710 2710 ort.
720 2661 746 2722 3,
762 2659 790 2708 ad
803 2662 818 2705 6
826 2680 834 2716 t

12 2735 45 2777 ut
57 2723 157 2774 otdist.
169 2723 208 2780 33,
223 2739 263 2782 qu.
275 2725 299 2782 3,
311 2731 355 2770 art,
365 2726 389 2785 2,
404 2723 433 2770 ad
445 2725 469 2783 5,
484 2731 509 2770 et
522 2731 566 2770 art.
581 2726 605 2784 3,
621 2725 650 2771 ad
665 2725 692 2780 ¹3
706 2731 731 2770 et
744 2725 834 2771 Contra
913 2756 920 2770 .

13 2795 115 2841 Getta„
132 2785 173 2834 lib.
184 2790 233 2846 ΙΙΙ,
249 2801 300 2844 cap.
312 2787 367 2832 157.

58 2859 100 2923 (2)
114 2860 170 2906 Non
183 2859 271 2904 tantilm
285 2859 339 2913 quia
356 2859 427 2904 uirtus
441 2863 477 2904 ost
490 2870 562 2903 cansa
579 2869 621 2904 our
632 2860 738 2906 laudetur
754 2859 790 2905 rel
805 2859 836 2905 ait

12 2922 166 2975 laudandus
176 2921 251 2982 josto,
268 2922 308 2966 aad
324 2922 378 2978 qula
393 2922 458 2967 tanto
474 2921 615 2978 majorinus
628 2925 741 2980 aiuoossa
754 2923 833 2982 debet,

12 2987 122 3050 qmntt
137 2983 260 3032 satum
273 2987 356 3042 ωηατ.
