1934 3284
114 136 160 183 97⁰
219 143 326 182 secunus
343 141 469 190 secusne,
483 140 578 187 onem.
594 140 710 190 muttit,
724 143 786 182 aar.
804 146 823 182 ι.

145 223 280 286 Respondes
293 219 424 278 dicendum,
435 217 495 281 qubd
504 218 562 267 sicut
571 218 640 281 snpra
652 219 740 267 dictum
748 225 786 269 est
799 221 850 285 (qu.
862 226 910 285 lli,

111 299 153 343 art.
165 297 202 356 l),
218 293 315 355 Spiritus
336 294 427 339 sauctus
441 291 582 339 sufficienter
595 291 700 353 providet
717 292 831 344 Ecclesiae
847 296 910 345 iubis

110 380 160 430 qrrre
174 370 226 414 suut
239 363 300 413 utilia
316 362 344 411 ad
359 363 469 424 salutem;
485 362 513 410 ad
527 361 586 423 quod
602 361 737 412 ordinantur
753 365 836 425 gratim
849 369 910 430 gratis

111 440 178 487 datm.
194 437 256 486 Sicut
266 440 342 484 autem
352 438 440 497 oportet
449 433 509 497 qubd
521 432 601 482 notitia
608 447 677 496 quarn
689 436 742 497 quis
754 436 866 488 divinitus
878 454 912 489 sc-

111 510 185 572 cepit,
201 509 224 557 in
237 509 342 558 notitiam
356 506 449 556 aliorum
464 506 587 555 deducatur
596 519 637 568 per
652 507 739 555 donum
749 508 881 572 linguarum
893 517 913 563 et

112 595 152 644 per
167 582 261 642 gratiam
283 580 406 638 sermonis,
421 577 452 627 ita
472 590 565 626 necesse
587 581 624 627 est
641 577 704 640 quod
719 592 802 631 sermo
819 584 914 646 prolatus

113 654 256 701 continuetur
266 653 291 701 ad
303 653 346 700 lroc
359 650 417 713 qubd
427 648 538 699 credibilis
548 649 595 697 fiat.
607 650 740 699 [locantem
751 653 777 699 lit
785 655 914 716 operatione

114 724 284 783 miraculorum,
305 720 429 772 seeundum
444 720 498 768 illud
513 722 605 776 Mare,
622 721 665 770 ult.
688 738 694 769 :
716 739 731 769 u
745 724 773 774 Et
788 739 914 777 sermonem

113 798 258 845 eorrtirmaute
273 794 419 856 sequentibus
438 791 519 852 siguis.
529 806 544 837 e
559 792 587 841 Et
599 792 644 840 boc
657 791 835 846 rationabiliter.
850 798 915 847 Natu-

114 869 159 917 rale
169 867 228 915 euim
248 871 283 915 est
294 864 381 914 bomini
394 869 419 912 ut
430 864 547 913 ueritatem
562 862 727 926 intelligibilem
744 879 788 929 per
798 870 916 919 sensibiles

113 940 206 987 ellectus
220 937 380 1000 deprehendat.
391 935 454 985 Unde
466 933 525 983 sicut
533 935 601 984 ductu
612 936 721 985 naturalis
732 938 836 990 rationis
849 944 916 994 bomo

115 1011 233 1073 peruenire
248 1013 320 1072 potest
335 1008 361 1055 ad
376 1005 472 1069 aliquam
488 1004 527 1055 [lei
541 1007 646 1054 notitiam
660 1021 701 1070 per
713 1009 812 1062 effectus
825 1018 916 1064 natura-

113 1082 163 1136 les,
178 1082 208 1130 ita
224 1095 263 1144 per
284 1080 372 1141 aliquos
394 1077 576 1140 supernaturales
595 1078 709 1141 effectus,
723 1080 768 1141 qui
789 1086 918 1135 miraculo

114 1152 229 1214 dicuutur,
243 1152 265 1200 iu
277 1151 373 1213 aliquam
383 1149 574 1211 supernaturalem
583 1149 741 1210 coguitionem
753 1155 918 1205 credendorum

117 1225 183 1272 bomo
198 1224 319 1271 irulucitur.
333 1222 361 1271 Et
371 1221 422 1272 ideo
436 1220 536 1284 operatio
545 1221 704 1272 miraculorum
713 1224 819 1287 pertinet
829 1228 860 1277 ad
869 1243 918 1292 gre-

115 1295 168 1345 tiam
184 1296 253 1357 gratis
264 1296 347 1344 datam.

146 1367 178 1416 td
191 1367 288 1429 primum
299 1378 352 1427 ergo
364 1364 497 1425 dicendum,
505 1363 565 1428 qubd
575 1365 634 1413 sicut
643 1367 767 1430 prophetia
778 1382 805 1419 se
815 1373 917 1423 extendit

115 1438 227 1487 adomnia
242 1451 291 1499 qum
304 1436 503 1499 supernaturaliter
516 1437 621 1499 cognosci
635 1442 732 1501 possunt
739 1478 749 1503 ,
767 1442 801 1491 ita
816 1448 918 1508 operatio
953 1507 955 1510 Ι

115 1508 221 1558 uirtutum
235 1521 259 1557 se
273 1508 374 1557 extendit
388 1507 501 1557 adomnia
518 1522 567 1572 que
580 1512 787 1571 supernaturaliter
804 1515 859 1566 lieri
871 1531 920 1581 pos
953 1537 955 1596 p

114 1584 181 1641 suut;
202 1592 295 1641 errorum
311 1578 402 1640 quidem
424 1584 548 1629 causaest
569 1579 647 1629 diviua
661 1581 858 1649 omnipotentia,
873 1603 919 1651 que
953 1611 955 1650 p

116 1649 171 1699 nulli
180 1654 286 1699 creature
294 1650 456 1700 communicari
466 1650 647 1715 potestntitee
658 1652 806 1717 impossibile
817 1659 920 1721 estquod
953 1653 955 1712 l

115 1722 248 1785 principium
262 1723 374 1784 {operandi
393 1723 499 1773 miracula
515 1723 545 1773 sit
562 1723 637 1787 aliqua
650 1724 750 1789 qualitas
773 1728 921 1781 habitualiter
953 1725 955 1772 ἑ

117 1807 210 1843 maneus
224 1795 247 1842 iu
261 1795 345 1844 anima.
355 1796 398 1844 Sed
409 1800 485 1845 tamen
497 1797 540 1846 boe
553 1798 629 1859 potest
639 1797 773 1860 ooutiugere
788 1800 856 1863 qudd
867 1803 920 1852 sieut

118 1881 182 1916 ruens
193 1868 308 1929 prophete
323 1870 424 1916 movetur
437 1880 465 1916 es
478 1866 625 1930 inspiratione
641 1868 719 1918 diviua
733 1870 762 1919 ad
777 1872 869 1935 aliquid
885 1890 920 1923 su·

118 1939 289 2002 peruatrtraliter
300 1940 487 2000 cognoscendum,
497 1940 529 1987 ita
539 1939 607 1988 etiam
617 1952 683 1989 mens
692 1940 805 1993 miracula
815 1945 920 1996 facientis

119 2015 234 2060 moveatur
252 2012 279 2060 ad
294 2010 419 2060 laciendum
438 2010 522 2073 aliquid
533 2011 560 2060 ad
574 2010 634 2072 quod
650 2011 754 2075 sequitur
765 2014 867 2066 effectus
883 2017 921 2065 mi·
953 2029 955 2034 ·

118 2084 187 2132 reculi
201 2083 260 2146 quod
273 2084 334 2132 bens
349 2081 390 2131 sud
404 2082 486 2131 virtute
507 2081 569 2132 iacit.
587 2082 650 2140 Quod
669 2085 812 2150 quaudoque
830 2089 920 2151 quidem
953 2135 955 2138 .

119 2158 143 2203 tit
156 2155 299 2217 praecedente
313 2153 426 2215 oratioue,
442 2153 500 2202 sicut
513 2152 564 2202 ebm
575 2154 655 2205 Petrus
664 2155 789 2207 Tabitbam
808 2165 921 2211 monnau
953 2175 955 2200 r

118 2227 248 2289 suscitavit,
264 2230 289 2274 ut
302 2226 397 2275 babetur
413 2226 478 2281 ece,
493 2225 542 2288 1x;
556 2227 692 2289 quandoque
709 2227 783 2277 etiarn
798 2244 849 2281 uon
862 2246 921 2295 prm·
953 2217 955 2334 ἰ

118 2300 211 2348 cedente
234 2296 479 2354 manifestissimus,
493 2297 533 2346 sed
546 2296 592 2348 [leo
607 2299 634 2348 ad
653 2301 735 2349 nutum
748 2301 856 2353 hominis
870 2317 922 2367 ope·

118 2372 194 2430 rante,
213 2368 271 2418 sicut
285 2371 366 2418 Petrus
383 2368 493 2419 suaniam
506 2372 530 2419 et
549 2369 667 2433 saphiram
683 2371 842 2434 mentientes,
856 2370 920 2427 morti

118 2440 255 2504 increpando
269 2440 359 2489 tradidit
364 2477 372 2503 ,
388 2444 412 2488 ut
426 2440 508 2490 dieitur
521 2442 585 2497 Act„
601 2442 629 2490 V.
649 2442 714 2492 Unde
725 2444 854 2508 Gregorius
872 2449 920 2497 dicit

116 2520 140 2568 iu
157 2514 186 2562 ll.
198 2512 300 2575 Diolop.
310 2514 376 2576 (cap.
391 2516 419 2561 30
429 2511 437 2575 )
444 2548 453 2574 ‚
467 2510 528 2575 qubd
541 2529 555 2560 u
568 2513 640 2563 saneti
652 2514 776 2577 aliquando
793 2531 826 2569 ex
840 2526 921 2583 petes-

116 2587 163 2631 tate
178 2584 284 2632 miracula
297 2582 418 2640 exhibent.
434 2584 555 2647 aliquando
565 2586 768 2649 expostulatione.
780 2604 797 2636 »
812 2590 920 2642 Utrolibet

116 2658 193 2703 tamen
206 2656 271 2704 modo
281 2656 339 2705 lieus
352 2655 510 2719 priucipabter
518 2658 682 2721 operatur‚qui
689 2658 763 2709 utitur
775 2662 918 2714 iustrumen-

119 2724 192 2771 teliter
200 2725 235 2773 vel
249 2726 352 2775 interiori
362 2730 425 2776 motu
435 2728 650 2792 bominis‚velcjus
661 2729 794 2796 locutione,
804 2736 918 2786 ueletiam

117 2794 193 2855 aliquo
206 2796 312 2845 exteriori
322 2800 387 2858 actu,
398 2810 440 2847 seu
451 2798 520 2849 etiam
535 2799 609 2863 aliquo
623 2805 729 2851 conuetu
741 2807 861 2868 corporali
873 2820 918 2856 cor-

118 2864 179 2924 poris
196 2865 263 2914 etiam
278 2867 367 2917 mortui.
380 2868 444 2920 Unde
458 2872 545 2931 lesere,
557 2872 586 2936 X,
593 2871 647 2923 ctu
656 2872 725 2925 tome
733 2873 848 2942 dixisset,
857 2877 917 2943 quasi
