1934 3284
59 164 62 171 ¹
113 143 160 192 tto
214 143 803 200 mountmmumcnvttmaamn
867 189 870 200 ¹

111 228 189 281 omnia
201 225 275 279 omnia
283 223 377 276 virtutis
386 237 438 276 aaac
450 225 535 290 potest.
547 221 644 275 Ponitur
656 225 733 276 autam
746 235 803 289 pons
815 223 903 278 tort'tu·

112 300 172 352 dinis
182 296 306 352 socundim
316 296 376 362 guod
387 296 474 350 dictum
487 299 533 348 ost.

142 371 177 422 11
193 372 284 421 sextam
296 367 429 428 dicandum,
442 366 504 432 quid
515 364 640 418 Macrobius
652 367 719 432 ponit
732 371 831 430 matum
845 381 906 436 pra-

112 443 171 495 dicta
182 441 196 492 1
208 439 281 492 initio
297 439 384 505 positu
395 439 480 490 scilioet
495 455 509 486 ι(
522 437 642 502 fiduciam,
656 437 859 505 magnificentiam,
871 444 907 492 to-

112 515 242 575 lerantiam,
256 530 271 567 s
284 526 353 578 quam
364 511 431 578 ponit
441 512 491 564 ioco
503 527 518 560 a
528 510 681 576 patiemim»
696 515 720 563 at
730 511 906 564 «firmitatum»

112 600 180 652 guam
192 585 258 650 ponit
275 584 326 637 loco
343 601 358 634 a
373 581 558 650 perseuerantia.
573 598 588 630 u
606 581 742 646 Superaddit
760 588 838 635 autem
852 583 908 646 tria;

112 671 207 725 quorum
217 658 278 722 duo,
292 654 380 708 sciicet
391 654 569 720 magnanimitas
580 656 604 706 at
616 652 743 718 securitas,
757 653 855 707 i'inuiiio
867 656 910 706 sub

72 795 75 800 λ
112 729 197 782 iidacia
206 729 443 794 comprehenduntur3
458 727 499 779 sod
516 725 643 780 Macrobius
662 725 734 792 magis
745 740 787 792 por
806 728 911 794 spaciaiia

112 801 239 866 distinguit.
252 801 310 857 Nam
321 799 403 857 fiducia
414 799 522 864 importat
532 811 595 863 spcm
606 797 706 850 hominis
716 799 744 850 ad
753 812 844 866 magna.
854 799 911 866 Spes
953 829 954 840 ι

92 874 189 924 'autem
204 871 326 938 cujustibet
341 871 375 923 roi
390 869 548 937 prasupponit
564 869 691 936 appetitum
712 869 736 922 in
758 883 842 936 magna
860 885 912 936 pro·

113 949 203 998 tansum
221 943 431 1015 parietinarum,
449 943 511 1008 qnod
529 943 628 1007 pertinet
648 943 677 995 ad
692 943 911 1011 magnanimitatem.
953 939 954 972 1

113 1017 203 1069 Dictum
217 1020 251 1069 cst
261 1017 323 1068 cuim
334 1015 403 1083 sopri
417 1016 450 1080 (i,
464 1019 489 1077 1,
502 1029 543 1079 qu.
556 1017 595 1078 to,
609 1015 652 1066 art.
667 1015 700 1078 1),
713 1011 774 1078 qnod
789 1029 844 1082 spos
854 1029 913 1081 prm·

113 1090 222 1156 supponit
234 1102 335 1142 amorum
348 1092 372 1141 at
384 1086 520 1140 desidorium
529 1085 674 1151 samaram.
688 1085 731 1136 Vol
744 1087 821 1150 potest
831 1088 914 1138 meliis

112 1161 159 1214 dici
171 1161 231 1226 quod
247 1161 341 1226 fiducia
358 1159 457 1226 portinat
475 1159 504 1210 ad
519 1156 570 1224 spei
586 1157 744 1210 penitudinem
759 1172 765 1209 :
782 1161 915 1222 maganci-

114 1235 195 1284 mitus
205 1236 282 1284 antam
295 1233 325 1284 ad
338 1231 516 1296 magnitudinum
524 1231 558 1282 roi
565 1233 663 1296 sperata
674 1246 681 1281 z
691 1243 744 1296 spos
756 1235 836 1282 autam
848 1231 914 1284 orma

113 1318 165 1358 casa
178 1318 226 1356 non
237 1307 314 1370 potest
326 1304 372 1356 nisi
384 1306 515 1356 amoveatur
528 1302 673 1356 mummium.
692 1303 833 1368 Quanooqua
852 1303 914 1356 anim

113 1376 318 1441 monogamiam
331 1389 361 1428 ax
371 1375 445 1440 scipso
459 1379 510 1437 ost,
523 1377 624 1440 speraret
635 1373 735 1440 aliquid,
748 1376 788 1428 sod
803 1389 859 1442 spos
871 1377 914 1428 toi·

113 1449 167 1499 iitur
181 1451 271 1514 proptor
284 1447 472 1512 impedimentum
484 1447 582 1500 umoris.
592 1447 667 1500 timor
676 1445 738 1498 onim
747 1449 915 1514 quodammodo

113 1520 163 1584 apoi
175 1518 338 1584 contrariatun3
353 1520 378 1571 ut
392 1518 460 1584 supra
474 1519 671 1583 habitumost(1‚
682 1522 708 1582 1,
721 1533 760 1584 qn.
773 1523 814 1583 to,
828 1525 874 1574 art.
890 1524 914 1584 t,

115 1592 144 1642 ad
162 1589 204 1655 1).
219 1591 249 1643 Et
264 1590 317 1642 idco
337 1590 462 1642 Macrobius
481 1591 544 1643 addit
563 1591 728 1642 securitatem
745 1604 795 1655 qua
813 1593 915 1647 excludit

114 1664 229 1716 immam.
249 1664 350 1719 Tertiam
366 1666 441 1716 numm
463 1663 540 1727 addit,
560 1663 650 1716 sciicot
670 1664 840 1717 constantium
864 1677 914 1731 qna

117 1736 159 1788 sni
169 1735 335 1801 magnificantia
343 1737 505 1800 comprehendi
515 1739 600 1801 potost3
609 1738 698 1800 oportet
706 1735 768 1786 anim
777 1734 802 1786 in
811 1737 852 1788 inis
863 1749 914 1804 qua

117 1808 236 1872 magnifici
253 1807 335 1873 niquis
350 1807 407 1858 tacit
425 1811 568 1866 constantem
588 1807 690 1858 animum
705 1807 798 1860 naham.
813 1808 843 1858 iit
863 1810 915 1860 idco
952 1847 953 1852 η

44 1937 51 1948 ι
115 1879 202 1931 'iulius
213 1881 241 1932 ad
253 1879 441 1943 magnificentiam
455 1879 568 1944 pertincte
581 1879 650 1944 dicit,
668 1891 714 1931 noa
724 1879 795 1932 solam
804 1881 916 1934 adminis-

116 1951 238 2004 trationcm
250 1964 326 2002 rarum
338 1964 484 2016 magnarum,
501 1953 541 2003 scd
554 1951 624 2003 ctiam
644 1950 715 2004 animi
730 1952 829 2016 amplam
843 1965 914 2004 cxco-

118 2023 251 2087 gitationom
266 2023 376 2089 ipsarum.
394 2025 476 2076 Potcrt
495 2023 565 2074 otiam
582 2023 711 2076 constantia
723 2024 752 2074 ad
764 2035 916 2088 pamcuoraa-

52 2141 61 2160 ,
110 2095 171 2148 «tiam
190 2095 305 2160 pcrtioana
325 2110 332 2145 a
352 2099 377 2146 nt
386 2107 548 2161 perseveram
563 2093 750 2158 dicatuaaliquis
762 2107 792 2146 su
810 2109 839 2148 co
855 2096 914 2162 quod

116 2182 163 2221 non
172 2168 260 2221 mosot
268 2171 359 2235 proptor
368 2169 540 2220 diuturnitatem
549 2183 556 2233 ;
567 2170 681 2220 coactam
691 2170 766 2218 autom
777 2181 807 2220 cx
817 2181 846 2221 ao
854 2169 914 2236 qurtd

116 2254 164 2292 non
182 2239 270 2294 desistit
286 2244 378 2306 propter
392 2253 542 2306 quacumque
555 2240 600 2292 alia
615 2239 772 2305 repugnantia.
784 2241 825 2292 illa
845 2244 915 2294 etiam

46 2347 59 2372 .
116 2327 167 2378 qum
183 2312 325 2365 Andronicus
340 2313 418 2378 ponit,
434 2313 463 2363 ad
478 2311 559 2362 eadam
575 2312 690 2378 pontisara
707 2311 814 2363 videntur
828 2328 834 2364 :
849 2313 914 2380 ponit

116 2385 179 2438 anim
190 2386 404 2455 permanantiam
415 2387 442 2435 et
454 2383 672 2450 magnificentiam
683 2397 735 2436 oum
744 2383 818 2440 nulio
831 2389 855 2438 ct
869 2385 913 2438 iia-

56 2448 62 2467 ¹
116 2454 914 2520 cronio,nnagaaas'mituiemautamoumiiacroiiioteaioautom

115 2531 151 2579 cat
165 2527 225 2578 idam
240 2528 300 2592 quod
318 2544 333 2576 a
349 2527 459 2592 patienta
471 2527 509 2580 vel
522 2527 657 2593 tolerantia,
670 2543 684 2576 a
703 2527 759 2580 dicit
776 2528 839 2580 anim
854 2525 911 2594 qood

117 2599 207 2649 ateaia
216 2602 252 2650 aat
265 2599 355 2653 habitus
367 2603 500 2665 promptus,
514 2601 612 2654 tribntm
623 2602 652 2652 ad
667 2600 745 2654 conari
757 2601 837 2665 gocia
846 2613 912 2666 opor·

117 2672 160 2733 tat,
172 2672 197 2720 et
209 2670 320 2722 sastncre
333 2685 384 2735 gna
393 2672 450 2724 ratio
464 2673 530 2725 dicit.
545 2673 715 2738 anapsychia
727 2675 819 2738 autam,
830 2671 856 2723 id
868 2673 910 2733 ast,

118 2759 133 2790 a
146 2741 205 2791 bom
213 2741 355 2805 animositas,
365 2760 380 2792 a
390 2744 452 2797 idam
465 2745 556 2796 uidetur
569 2745 693 2810 essequod
708 2747 832 2796 secundas
842 2760 849 2796 :
859 2741 912 2796 dicit

117 2811 179 2864 anim
193 2810 255 2875 guod
267 2816 326 2873 cata
337 2815 496 2868 noomanimae
509 2817 538 2868 ad
549 2815 714 2880 perficiendum
725 2828 794 2882 opera
807 2815 910 2880 ipsius.»

117 2881 483 2942 virilitasaatcmvidoturidcm
501 2901 553 2942 ossa
569 2886 630 2952 quod
646 2885 911 2952 flumimoioitcaio
