1934 3284
268 142 298 179 hle
312 140 432 183 emeleri:
447 142 596 181 endem.
782 134 830 179 9⁸9

324 326 538 396 anniculusu

54 444 149 491 Uirdio
164 444 254 503 prodor
267 446 394 502 prophetia
406 448 532 493 darentur
547 448 676 493 &modios
694 449 806 505 temporie

364 522 506 567 processum.

58 638 96 689 Ad
112 638 202 686 sextum
216 636 250 687 sie
262 636 391 701 proceditur
403 638 449 702 (1).
463 637 557 688 Videtur
569 637 631 701 qndd
644 638 726 702 gradus
735 640 833 703 proptre-

24 714 65 761 ,jae
84 706 201 757 varientur
214 707 339 758 secunddm
358 709 465 773 temporis
479 722 620 772 processum.
636 712 758 774 Prophetis
769 712 832 762 enim

24 781 152 832 ›rdinatnr
159 780 186 829 ad
196 779 347 843 cognitionem
356 780 562 842 divinorum,ntex
570 781 638 832 dictis
644 786 707 846 patet
717 782 766 846 (qu.
775 786 831 844 176,

24 857 69 903 rrt.
96 854 131 910 t,
148 851 177 901 ad
194 850 232 913 2).
248 852 291 901 Sed
309 851 369 901 sicut
389 851 444 901 dicit
456 853 578 915 Gregorius
593 871 607 900 (ι
620 867 661 917 per
680 854 834 905 successiones

26 934 176 986 empornm‚
190 922 262 972 crevit
280 922 360 977 divinae
375 924 511 986 cognitionis
525 929 671 987 augmentum
685 924 747 989 (sive
763 941 777 972 a
791 938 832 989 per

25 997 173 1047 ncrementa
188 997 313 1059 temporum
327 994 400 1045 erevit
417 995 511 1046 scientia
532 996 683 1060 spiritualium
699 998 805 1057 Petrum,
817 1012 833 1045 o

24 1064 130 1119 dorecil.
146 1066 205 1117 XVI.
220 1066 301 1127 Super·
314 1066 468 1117 Ezechielem
478 1068 497 1130 ).
506 1067 565 1130 Ergo
577 1070 601 1117 et
613 1069 697 1131 gradus
705 1067 832 1133 prophetie

25 1136 157 1191 ecundirm
174 1151 304 1202 processum
317 1136 425 1201 temporis
438 1139 522 1189 dehent
531 1138 651 1201 distingui.

52 1217 84 1261 2.
102 1209 225 1272 Preterea,
236 1208 344 1259 revelatio
354 1210 484 1273 prophetica
496 1210 522 1259 nt
531 1224 571 1274 per
581 1212 673 1261 modum
682 1209 766 1264 dinae
778 1212 833 1262 allo·

26 1280 133 1334 rationis
146 1281 174 1329 ad
193 1280 317 1330 hominem.
338 1286 356 1329 d
369 1282 487 1343 prophetis
498 1286 573 1330 autern
585 1294 610 1331 ea
625 1294 674 1344 quic
687 1285 741 1331 sunl
750 1281 785 1333 eis
798 1295 834 1333 re·

24 1356 117 1414 ¹relenta,
130 1350 290 1401 denuntiantur
306 1355 329 1401 et
340 1356 409 1401 verbo
420 1355 444 1400 et
456 1352 547 1415 scripto.
558 1352 644 1401 llicitur
652 1353 755 1417 antemi,
764 1355 833 1417 step..

24 1428 61 1491 ll,
77 1421 148 1487 qudd
162 1427 214 1473 ante
229 1422 380 1473 Samuelem«
394 1436 468 1473 sermo
481 1422 571 1473 Domini
586 1426 633 1473 crat
643 1424 781 1487 pretiosus»
799 1425 834 1487 (id

25 1506 70 1561 st,
87 1494 170 1554 rarus)
183 1494 221 1559 qui
240 1500 317 1545 tamen
329 1499 407 1559 postea
428 1494 455 1544 ad
471 1496 555 1546 multos
571 1496 645 1545 taetus
662 1501 706 1548 est.
725 1497 835 1547 Similiter

25 1574 99 1623 tiam
112 1578 160 1617 uon
176 1566 323 1616 inveniuntur
342 1566 393 1618 libri
406 1568 566 1631 prophetarum
581 1581 630 1619 esse
644 1568 767 1632 conscripti
780 1572 833 1619 ante

24 1652 125 1705 empus
142 1638 224 1703 lseiae,
239 1638 276 1687 cui
288 1639 372 1687 dictum
385 1643 418 1688 est
433 1654 439 1687 z
456 1656 470 1687 n
483 1640 551 1689 Sume
564 1639 606 1689 tihi
620 1640 701 1691 lilimm
713 1641 831 1701 grandem,

25 1722 35 1767 t
53 1710 142 1763 scribe
160 1710 185 1757 in
199 1722 227 1759 eo
240 1710 299 1773 stylo
313 1708 427 1772 hominis;
446 1726 459 1757 u
474 1714 501 1758 ut
516 1714 579 1773 patet
597 1713 680 1766 isaim,
693 1712 763 1774 Vlll;
781 1715 834 1775 post

26 1784 86 1838 uod
112 1784 206 1844 tempus
219 1780 295 1843 plures
304 1782 419 1844 prophetae
434 1794 487 1829 suas
496 1781 628 1845 prophetias
639 1782 832 1845 consuipserunt.

24 1864 86 1922 :rgo
109 1852 200 1901 videtur
217 1850 276 1913 qnod
289 1852 411 1903 secundum
425 1865 556 1915 processum
569 1857 697 1916 temporum
711 1852 833 1916 proiecerit

26 1922 159 1993 sophetim
169 1924 261 1986 gradus.

47 2006 80 2052 3.
100 1997 233 2059 Praeterea,
249 1996 358 2045 Dominus
380 1994 436 2045 dicit
458 1994 560 2052 matti„
580 1997 610 2046 xl
625 2011 631 2046 :
648 1997 724 2046 «Lex
742 2000 765 2047 et
781 2010 835 2060 pro·

25 2076 106 2127 hetae
115 2068 225 2129 usquead
238 2067 345 2117 loannem
357 2068 580 2132 prophetaverunt.»
591 2068 648 2119 Post
657 2068 749 2119 modum
758 2073 834 2119 autem

27 2152 61 2198 rit
81 2142 174 2193 donum
189 2137 313 2203 prophetiae
328 2137 352 2188 in
371 2138 487 2202 discipulis
504 2138 591 2189 Christi
603 2142 674 2190 mullo
687 2140 836 2192 excellentiis

24 2220 93 2269 uiam
111 2210 184 2261 luerit
194 2210 218 2259 iu
231 2210 330 2272 antiquis
341 2211 471 2273 prophetis3
482 2210 607 2261 secnnddm
618 2212 675 2261 illud
685 2212 720 2261 ed
731 2213 835 2275 Epies„

24 2294 40 2341 ‘1
60 2305 67 2338 :
92 2300 110 2331 o
125 2280 183 2332 ndis
206 2280 389 2343 generationibus
407 2295 453 2331 nnn
475 2285 510 2332 est
528 2283 629 2345 agnitum
643 2284 696 2333 filiis
715 2282 834 2336 homiuum

24 2356 139 2413 scilicet
153 2352 286 2416 mysterium
300 2352 400 2415 Christi)
415 2352 473 2403 sicul
486 2365 548 2402 nune
558 2353 685 2403 revelatum
702 2358 738 2404 est
749 2354 835 2416 saedis

24 2425 150 2499 'postolis
163 2424 214 2487 ejus
225 2426 248 2473 el
257 2422 376 2487 Prophetis
386 2424 409 2471 iu
419 2423 533 2487 spiritu.»
546 2425 605 2487 Ergo
619 2424 707 2475 videtur
723 2424 784 2488 quod
799 2439 836 2477 se·

24 2500 131 2557 undirm
152 2507 283 2558 processum
296 2495 405 2557 temporis
419 2495 517 2545 creverit
530 2496 654 2559 prophetie
665 2496 758 2559 prodas.

44 2570 105 2626 sed
121 2568 206 2617 contra
220 2569 263 2629 est,
272 2566 330 2629 qudd
343 2567 431 2631 Moyses
441 2565 484 2615 luit
496 2566 698 2617 excellentissimus
710 2570 834 2633 propheta·

24 2662 68 2701 ,ω
82 2682 92 2709 ‚
112 2642 143 2689 ut
155 2637 241 2687 dictum
254 2641 288 2687 est
305 2637 368 2701 (art.
385 2638 426 2701 l),
441 2638 480 2702 qui
489 2640 568 2688 tamen
578 2638 635 2689 alios
644 2638 767 2704 prophelae
778 2654 836 2706 prar-

45 2808 87 2874 (l)
109 2806 150 2851 De¹
161 2800 276 2846 hitelitm
287 2802 307 2846 I.
318 2804 389 2860 perc,
404 2812 445 2858 qu.
461 2800 507 2861 57,
519 2808 563 2847 ert.
582 2799 606 2861 5,
618 2803 647 2849 ad
661 2802 691 2859 ὓς
705 2808 780 2863 etqu.
792 2805 835 2866 ie,

24 2894 35 2925 e
49 2868 151 2927 verit„
164 2869 208 2911 ert
221 2862 261 2927 lt,
275 2863 303 2911 ed
316 2862 339 2909 1.
