1934 3284
342 145 374 187 ue
386 143 527 192 1111111111-
785 137 834 193 M

38 223 86 275 luoo
106 217 164 284 qudd
185 219 253 271 ltomo
270 218 365 273 omuino
383 224 419 272 ast
435 221 484 274 siue
497 222 549 285 ira,
563 221 700 282 mittut
713 224 772 288 uus,
788 225 834 288 gui

40 310 54 341 u
64 304 117 340 cunr
133 281 291 354 tranquillitate
305 291 391 355 judicat
402 293 443 358 tt).
457 309 472 342 u
487 295 545 358 urge
558 305 604 350 tou
621 293 709 350 uidetur
723 294 784 360 gued
797 297 831 352 eit

37 362 147 414 vitiosum
160 361 253 414 omniuo
272 361 305 414 ua
322 375 407 416 carere.
628 417 632 424 ,

70 439 95 483 a.
109 435 231 498 urruns,
246 433 346 486 detectus
360 435 410 499 eius
422 435 482 499 quod
498 435 527 486 ad
545 434 602 487 uiuit
612 438 648 489 est
657 435 726 498 utile,
736 451 784 493 uon
796 441 833 490 cet

34 507 144 560 uitiosus.
156 505 199 556 Sed
213 509 287 556 motus
300 506 339 558 irae
357 507 385 558 ad
403 507 460 558 nihil
474 511 510 558 cst
523 508 598 571 utilis3
614 511 639 558 ut
652 511 731 572 probet
744 511 831 569 &uem

33 580 58 628 in
75 577 116 628 lib.
127 590 192 640 quem
208 577 262 628 tecit
278 578 305 629 de
315 577 357 628 ira.
372 577 430 643 liugn
443 579 533 630 videtur
545 578 606 644 quod
619 580 723 637 dclcctm
734 581 775 637 ire
783 595 831 639 non

33 650 64 702 sit
82 648 185 700 vitiosus.

69 725 95 773 3.
108 719 233 784 praterea,
244 736 258 766 u
269 719 353 773 malum
367 720 491 772 hominis»
505 720 628 781 mundum
638 721 770 787 Dionysium
783 723 831 789 (lle

33 795 92 844 etv.
108 791 220 850 Nomia„
235 805 285 856 cap.
305 791 359 854 lll.)
376 797 437 844 uest
450 797 531 857 prater
552 793 661 845 radonem
681 806 739 852 esse.
756 795 830 864 »sap

33 866 152 916 subtract)
166 862 228 913 omui
238 867 300 913 mutu
311 862 349 914 irs
359 865 432 916 adhuc
442 868 543 916 remanet
551 864 665 927 integrm
671 864 785 929 judicium
793 879 829 921 re·

31 935 117 988 tionis.
137 935 193 996 Ergo
206 932 281 983 nullus
293 934 395 985 detectus
408 935 447 986 ira
465 935 545 986 uilium
556 937 641 986 causat.

65 1007 114 1060 Sed
128 1009 206 1058 contra
222 1009 270 1070 est,
286 1007 344 1070 quod
363 1007 534 1072 chrysostomus
551 1007 607 1058 dicit
618 1022 695 1070 saepes
713 1009 827 1067 uacau.:

32 1098 46 1128 ι(
62 1077 110 1138 Qui
128 1090 178 1128 cum
195 1089 263 1129 causa
280 1089 326 1128 non
342 1076 451 1142 irascitur,
466 1083 555 1143 peccat.
577 1078 687 1130 Patientia
700 1080 761 1133 euim
773 1080 829 1137 irru-

30 1147 151 1202 donabilis
164 1147 217 1200 uitia
232 1149 343 1212 seminat,
354 1150 515 1214 negligentiam
523 1151 607 1215 nutrit,
618 1163 664 1206 tou
676 1150 748 1208 solnm
757 1153 829 1206 mulne

31 1223 74 1274 sed
89 1220 159 1272 ctiam
172 1219 244 1273 honos
260 1219 341 1272 inuitat
356 1223 384 1272 ad
399 1221 491 1274 malum.
505 1238 520 1269 s

46 1366 51 1375 Ι
65 1292 267 1372 leonensem.-
275 1292 379 1344 Deiectus
390 1293 429 1346 ire
441 1294 601 1357 consequentis
606 1295 716 1360 judicium
724 1295 827 1360 noema

28 1361 205 1499 mildesgpsoirsdco)
218 1432 353 1500 dicendum,
372 1434 431 1500 quod
446 1436 487 1486 ira
503 1436 621 1502 dupliciter
631 1442 707 1503 potest
723 1439 827 1504 inteligi.
889 1412 892 1417 Ι

29 1508 82 1558 Uno
97 1505 178 1564 ruodo,
189 1505 284 1569 simplex
297 1510 371 1557 motus
386 1505 507 1558 uoluntatis
519 1522 564 1573 quo
577 1509 657 1574 etquis
671 1524 718 1562 non
731 1525 760 1562 eu
771 1525 829 1576 pas-

27 1580 99 1630 sione
118 1577 159 1626 sed
176 1590 204 1627 ex
214 1577 300 1640 judicio
320 1579 413 1629 rationis
424 1591 515 1644 poeuam
528 1578 628 1644 infligit:
641 1586 663 1633 et
677 1581 710 1633 sic
725 1583 829 1634 delectus

26 1651 69 1702 irae
87 1649 175 1712 absque
189 1649 255 1700 dubio
268 1654 301 1700 est
315 1654 442 1714 peecatum.
457 1649 487 1700 lit
498 1653 542 1702 troc
554 1653 620 1703 modo
634 1654 673 1704 ira
687 1655 795 1720 accipitur
804 1655 829 1707 in

25 1723 110 1774 verbis
128 1721 283 1784 Chrysostomi
301 1721 340 1784 qui
355 1721 408 1772 dicit
427 1721 512 1772 ibidem
530 1739 536 1773 ε
552 1725 697 1776 cuacundia
714 1742 765 1791 quae
776 1741 826 1778 cum

23 1808 101 1846 cansa
122 1796 173 1852 est,
187 1805 234 1842 uou
246 1793 361 1845 iracundia
379 1797 426 1857 eet,
448 1795 488 1844 sed
499 1794 619 1858 judicium.
636 1797 752 1848 Iracundia
765 1801 828 1852 euim

22 1863 127 1930 proprie
141 1863 274 1927 intelligitur
284 1864 403 1916 commotio
414 1865 527 1929 passionis
538 1881 546 1917 ε
559 1867 598 1930 qui
607 1872 682 1917 autem
693 1883 745 1920 eum
758 1883 827 1922 causa
844 1891 849 1900 ¹

22 1937 155 1999 irascitur,
173 1935 206 1985 ira
224 1935 284 1986 illius
295 1937 345 2001 jam
358 1949 403 2000 pon
416 1939 452 1988 cst
468 1950 498 1987 eu
516 1936 621 2000 paestano
637 1953 643 1990 ε
658 1938 709 1991 ideo
721 1940 825 2002 judicare

22 2010 133 2070 dicitur,
150 2019 197 2058 nnn
216 2006 337 2073 truselli).
360 2008 409 2060 llio
432 2010 498 2060 mode
516 2008 625 2073 accipitur
641 2011 681 2060 tre
700 2024 742 2074 pro
763 2016 825 2064 motu

23 2079 151 2146 appetitus
166 2079 282 2142 sensitiui,
292 2079 332 2144 qul
345 2083 380 2130 est
388 2093 440 2130 cum
448 2079 554 2145 passione
565 2086 589 2133 et
598 2094 627 2131 cu
641 2083 827 2138 transmutatione

23 2150 163 2216 corporali:
178 2154 200 2202 et
213 2150 251 2199 lric
265 2151 354 2214 quidam
366 2155 440 2203 motus
453 2165 482 2202 ex
495 2152 631 2203 necessitate
643 2153 787 2216 consequitur
803 2154 828 2204 iu

23 2223 126 2275 nomine
139 2222 169 2271 ad
183 2221 308 2285 simplicem
321 2227 406 2277 motum
426 2222 563 2286 uoluntatis3
576 2223 628 2288 quia
645 2224 776 2275 naturaliter
789 2239 830 2290 ap

23 2295 118 2359 petitus
133 2293 227 2344 interior
240 2294 341 2358 sequitur
352 2298 436 2345 motum
453 2294 566 2358 appetitus
577 2294 713 2359 superioris,
725 2295 771 2346 nisi
785 2298 831 2346 all-

23 2366 82 2430 1uid
100 2368 225 2428 repugnet.
239 2365 268 2422 Et
290 2366 341 2418 ideo
361 2379 407 2417 uon
425 2370 502 2431 potest
520 2364 619 2416 totaliter
641 2366 737 2416 delicere
758 2371 833 2417 motus

23 2451 63 2487 rae
77 2436 105 2485 in
117 2437 223 2499 appetitu
236 2435 356 2501 sensitiv03
368 2437 412 2488 nisi
426 2450 466 2502 per
480 2436 658 2489 subtractionem
672 2437 709 2487 rel
726 2436 832 2488 debilita-

24 2521 73 2560 em
89 2507 218 2563 rotmaro
231 2509 312 2569 mette.
322 2513 352 2560 ut
365 2509 431 2573 dee,
441 2522 471 2562 eu
481 2508 643 2573 consequenti,
655 2508 724 2560 etiarn
732 2508 835 2561 detectus

54 2614 95 2679 (1)
115 2617 155 2662 sto
169 2617 193 2662 in
202 2617 244 2664 liu.
254 2619 375 2676 supleat..
386 2631 438 2676 cap.
449 2619 492 2665 xm
501 2651 508 2676 ,
517 2629 579 2664 uere.
591 2617 638 2662 le:
654 2616 691 2662 Te
702 2618 782 2664 ostem
793 2619 836 2666 do·

24 2683 142 2728 nemos
152 2679 266 2732 uirtutes,
276 2693 332 2726 cum
341 2678 521 2740 tranquillitate
527 2679 641 2742 judiees,
655 2685 699 2727 etc.

55 2749 95 2812 (a)
113 2751 165 2797 ltec
179 2763 247 2798 verus
259 2758 337 2798 tamen
345 2753 521 2809 dnmeoetemue
531 2751 580 2797 here
591 2751 674 2813 hebet,
683 2758 710 2798 ut
720 2765 766 2800 nec
778 2754 834 2800 ulue

24 2813 92 2873 [uod
105 2815 262 2871 praemittitur.
271 2827 360 2874 argum.
373 2815 420 2862 see
433 2820 533 2869 ceetm
548 2815 589 2865 sed
604 2817 649 2862 suu
668 2818 721 2874 ejus
737 2818 833 2866 nomn

24 2883 111 2927 ,metor
121 2879 201 2937 operis
208 2879 377 2941 imperiecti,ut
385 2879 683 2938 uomrlsumperttettt.
694 2881 775 2938 uidere
786 2884 832 2930 ott·
