1934 3284
357 189 391 232 nr
403 190 540 234 remmi-
619 182 622 189 '

341 368 501 421 tumemus
516 370 554 421 111.

176 498 262 543 Utrum
268 498 386 556 patientia
400 499 475 556 poam
482 498 565 545 habnt
578 498 629 546 eine
638 500 726 557 grotta.

73 630 114 682 lai
129 628 224 680 temno
237 628 270 680 sic
282 628 418 695 proceditur.
427 629 522 684 Videtur
532 631 591 694 quod
603 630 712 696 panentu
720 631 794 696 possit
806 632 849 684 ha·

39 702 95 755 neri
113 701 168 752 sine
178 700 258 765 gratia.
268 700 325 752 lllni
338 701 398 753 enim
412 703 441 753 ad
457 702 518 768 quoi
530 702 588 754 ratio
601 703 674 767 megla
684 703 787 769 inclinat,
799 716 849 758 mu·

40 777 80 840 gie
93 775 179 839 potest
186 772 283 839 implere
293 773 408 826 rationalis
414 779 524 827 meatum.
534 774 661 839 senungis
671 779 706 829 est
717 776 850 829 rationabile

40 846 110 912 qnod
120 844 206 907 aliquis
219 844 318 910 potiatur
330 846 389 897 mua
399 850 490 912 propter
502 847 602 910 bonum,
615 859 683 911 quam
693 849 784 911 propter
800 861 850 899 rua·

40 921 102 969 lum.
126 914 204 979 niqui
219 922 297 968 antem
309 918 425 981 patiuntur
437 918 497 969 mala
506 920 599 983 propter
612 916 695 968 molum
711 930 740 968 ex
760 918 850 986 propria

38 990 149 1049 virtute,
161 987 211 1037 eine
227 988 312 1040 anxilio
324 989 401 1054 gratie
413 1004 419 1039 :
435 989 490 1041 (linit
503 991 565 1041 onim
575 988 714 1053 Augustinus
724 988 749 1039 in
760 988 801 1041 lib.
813 990 851 1041 De

36 1060 181 1128 patientia
194 1057 262 1124 (ean.
280 1060 311 1125 e)
323 1060 416 1124 ,anto
427 1078 442 1109 u
454 1061 527 1115 multa
539 1061 564 1113 in
577 1060 691 1113 laboribus
703 1063 727 1111 et
736 1060 852 1113 doloribus

40 1131 170 1186 sustinent
184 1130 290 1183 homines
305 1134 398 1197 propter
415 1146 443 1184 ea
464 1146 516 1197 qne
536 1132 619 1185 vitiose
634 1131 740 1197 diligunt.
757 1146 772 1180 o
791 1132 851 1196 lingo

40 1203 122 1256 multo
135 1200 287 1267 magislmmo
297 1207 375 1269 'potest
385 1204 444 1255 mala
453 1202 566 1256 inminere
574 1206 667 1270 propter
676 1205 762 1256 bonum
777 1203 851 1270 (quod

42 1282 79 1329 est
93 1273 155 1327 vert
166 1273 289 1338 patientem
301 1277 376 1338 essel,
389 1279 473 1341 preter
488 1275 596 1326 auxilinm
605 1275 691 1341 gratie.

73 1353 101 1399 Ξ.
118 1348 250 1410 mres,
265 1346 337 1411 aliqui
357 1360 404 1399 non
421 1347 547 1399 existentes
558 1346 584 1398 in
601 1348 661 1397 statu
681 1346 759 1411 gratie
779 1347 852 1413 magis

42 1419 177 1471 abhorrent
185 1417 245 1468 mala
260 1415 367 1470 uitiorum
375 1457 383 1481 ,
391 1418 459 1483 quim
472 1419 595 1483 eorporalia
605 1418 664 1470 maia
672 1434 678 1469 ι
687 1420 747 1471 unde
760 1418 851 1485 quidam

42 1489 173 1557 gentilium
186 1488 293 1551 leguntur
302 1491 372 1541 multa
384 1490 442 1542 mala
454 1492 571 1555 tolerasse,
578 1503 607 1541 ne
617 1490 712 1556 patriam
720 1490 850 1556 proderent,

43 1566 84 1614 aut
97 1557 191 1625 aliquid
206 1558 268 1611 alini
286 1561 432 1613 inhonestum
445 1561 619 1613 committerent.
635 1562 680 1613 Sed
694 1564 738 1613 troo
749 1564 784 1615 est
796 1560 851 1613 rere

42 1635 181 1701 patientem
202 1641 261 1683 esee.
276 1632 336 1697 Ergo
358 1633 448 1686 malem
466 1632 528 1699 quoi
549 1632 661 1699 patientia
679 1634 754 1699 possit
772 1631 854 1685 iuberi

42 1708 141 1771 absque
152 1702 239 1754 anxilio
256 1704 344 1769 gratie.
940 1716 943 1725 ’

76 1783 104 1830 3.
128 1776 258 1840 Preterea,
271 1774 392 1827 manifesti
409 1777 502 1841 apparet
520 1774 580 1841 quon
598 1774 667 1841 aliqui
681 1776 772 1841 propter
789 1774 851 1827 sani-

42 1855 122 1903 tatem
140 1846 242 1911 eorporis
263 1848 439 1913 reenpemndam
456 1848 534 1911 gravia
556 1848 659 1911 qaenam
676 1850 700 1899 et
716 1858 792 1897 amora
805 1859 852 1911 pa-

43 1924 148 1973 iinntnr.
168 1918 234 1969 Salas
248 1922 324 1969 nuum
339 1915 419 1969 anima
432 1932 479 1976 non
497 1920 532 1971 eal
546 1918 623 1970 minis
640 1918 770 1983 appetibilis
784 1916 852 1981 quim

45 1992 139 2045 sanitas
152 1991 262 2055 nemoris.
272 1990 331 2055 llrgo
342 1988 393 2055 pari
403 1990 490 2041 ratione
498 2001 540 2056 pro
550 1990 623 2041 salute
636 1990 717 2042 anime
725 1992 801 2055 potest
812 1988 854 2039 nli-

44 2066 101 2131 qnis
119 2063 192 2113 multa
205 2064 264 2114 mala
283 2061 395 2113 sustinere
413 2062 494 2128 (quod
509 2064 544 2113 est
561 2060 616 2113 vere
629 2060 752 2127 patientem
765 2072 816 2113 esso
826 2060 852 2125 l,

45 2138 140 2201 alsone
149 2133 234 2185 anxilio
247 2132 333 2199 gretie.

79 2206 130 2259 Sed
141 2208 221 2257 contra
232 2209 282 2270 est,
293 2205 352 2270 quon
366 2204 449 2257 iieitnr
461 2204 486 2256 iu
500 2202 568 2257 Paul.
583 2204 632 2255 llll
645 2218 651 2255 :
662 2219 677 2252 u
687 2203 720 2255 lb
729 2202 780 2269 ipso
792 2202 853 2269 (soi-

46 2278 106 2330 lioet
123 2276 186 2341 neo)
200 2277 311 2343 patentia
324 2290 384 2328 meo.
399 2292 414 2325 u
479 2274 485 2291 ⁴

83 2350 245 2416 (concinere.
254 2376 286 2387 -
295 2348 352 2400 Cim
360 2348 471 2413 patientie
484 2360 536 2413 que
549 2361 604 2400 nera
613 2346 686 2399 uirtus
701 2349 737 2400 est
745 2385 753 2410 ,
762 2360 792 2399 ex
801 2348 854 2399 olen·

48 2423 121 2473 ritate
130 2425 247 2485 nascatur,
257 2420 341 2471 darum
352 2425 388 2472 est
395 2420 470 2485 ineam
478 2420 528 2472 sine
537 2420 608 2485 gratia
618 2418 697 2471 haberi
707 2432 753 2471 non
762 2420 854 2484 posse.)

83 2492 227 2557 Respondes
238 2492 373 2556 lioeualum,
380 2490 441 2557 quill
449 2490 509 2543 ment
520 2491 659 2557 Augustinus
673 2489 728 2541 dieii
736 2490 759 2541 in
768 2490 810 2543 lit.
818 2494 854 2541 lle

48 2565 184 2629 patientia
196 2563 263 2629 (cap.
278 2566 306 2627 t)
326 2564 412 2615 :ulis
428 2564 590 2616 desideriorum
605 2562 659 2614 lacit
671 2562 812 2613 tolerantiam
822 2562 855 2613 la·

48 2638 136 2688 boram
148 2639 174 2687 et
188 2636 307 2700 dolornm3
320 2638 344 2687 et
355 2648 423 2687 nemo
436 2634 481 2685 nisi
487 2648 529 2702 pro
543 2648 570 2687 eo
579 2634 639 2701 quod
648 2633 758 2695 delectat,
772 2638 854 2699 sponte

48 2706 641 2832 {uteltteilsttellllulll
652 2704 856 2843 fflrlllltt

51 2849 153 2914 eligeret
163 2862 215 2902 enm
224 2850 273 2915 pati
280 2853 374 2917 propter
390 2863 415 2903 se
428 2888 437 2915 ‚
452 2851 493 2902 sed
512 2850 585 2903 solim
599 2854 693 2917 propter
703 2851 781 2903 linem.
795 2850 855 2913 Ergo

53 2926 149 2986 opertet
164 2919 225 2988 qoll
237 2921 293 2973 illuni
305 2922 391 2975 bonnm
399 2924 493 2988 propter
505 2924 564 2989 quod
573 2914 655 2990 aliquis
664 2922 713 2976 null
725 2922 773 2989 pati
780 2920 855 2983 mala,
