1934 3284
118 155 167 202 tte
230 161 335 202 rucuma
348 161 475 209 emma,
489 159 583 206 oum.
597 157 686 210 ccxxv,
702 159 764 198 nr.
783 160 811 196 n.

119 241 226 291 allectum
239 241 345 305 pertinet.
359 240 418 302 Ergo
429 237 499 290 etiam
509 240 587 301 raptus
601 236 687 288 mentia
705 237 738 287 acl
758 249 867 304 superna,
877 233 905 298 qni

118 325 148 363 ex
164 314 267 377 opposito
283 311 384 375 ponitur,
397 309 496 374 pertinet
508 309 536 358 ad
549 308 665 358 allectum.

150 386 194 434 Sed
211 388 289 434 contra
299 389 349 447 eet,
362 383 422 446 qnod
434 395 504 446 anper
515 380 568 430 illud
585 380 682 430 Prolm.
697 380 762 431 CXV
777 396 783 430 :
798 381 862 444 «Ego
871 379 902 428 liri

119 460 321 516 meramnum,
336 455 490 506 omnishomo
504 453 616 513 mendax,
631 469 644 499 n
667 452 725 502 dicit
738 454 821 503 Glossa
840 452 904 500 :utti-

119 529 289 590 nimionimio,
303 527 355 576 cium
365 539 429 576 meos
447 539 494 576 non
513 538 596 588 pavore
612 523 737 584 alienatur,
748 526 791 575 sed
805 524 873 588 aliqua
884 523 908 570 in·

120 599 243 664 spiratione
258 599 402 649 revelationis
416 611 506 648 sursum
521 597 650 646 assumitur.
662 613 676 644 n
687 595 736 646 Sed
746 597 856 647 revelatio
869 608 906 658 per-

120 671 176 721 tinet
187 672 215 720 acl
229 672 276 721 vim
290 669 461 720 intellectivam.
476 669 535 731 Ergo
548 668 633 718 extasis
643 667 694 717 sive
708 672 803 730 raptus,

153 745 341 804 (novennem-
350 743 482 804 Quanquam
495 739 617 790 secundum
625 739 672 788 vim
681 739 851 789 intellectivam
858 741 908 788 hono

120 814 228 878 rapiatur,
247 817 299 878 quia
320 820 395 864 tamen
408 814 445 862 rie
460 811 583 876 appetendi
597 815 620 860 et
634 810 709 873 aliqua
730 824 804 860 causa
820 825 867 861 esse
880 825 908 874 pn·
929 861 930 864 ,

121 892 166 937 test
177 888 248 950 ipsius
261 888 353 949 raptus,
367 889 390 933 et
400 897 438 947 per
453 888 541 948 raptum
550 881 665 932 interdum
680 887 851 946 commovetur,
860 881 908 931 reni

121 960 190 1008 eliam
204 960 231 1007 ad
246 957 366 1022 amiciendi
384 957 431 1006 vim
444 960 522 1019 raptus
532 955 645 1019 pertinere
659 953 752 1003 dicitur.
767 955 776 1015 )

152 1032 287 1093 Responleo
301 1029 434 1090 dicendum,
448 1027 509 1092 quod
520 1029 548 1076 de
563 1030 629 1090 raptu
647 1024 773 1088 dupliciter
789 1025 852 1088 loqui
867 1038 910 1088 pus-

122 1115 208 1150 sumus.
224 1102 273 1150 Uno
292 1102 357 1150 modo
375 1104 484 1163 quantum
503 1099 531 1149 ad
549 1099 571 1148 id
590 1098 614 1147 in
627 1097 688 1160 quod
706 1096 795 1160 aliquis
815 1097 910 1160 rapitur·

121 1177 145 1222 et
160 1174 193 1222 sic
211 1172 300 1236 pmprie
316 1173 428 1235 loquendo
447 1175 526 1235 raptus
546 1183 591 1220 non
611 1171 688 1232 potest
701 1168 823 1232 pertinere
839 1169 865 1217 ad
877 1169 911 1215 viu

122 1246 282 1308 appetitivam,
296 1245 337 1295 eeu
355 1242 426 1294 solnm
444 1244 472 1292 ed
493 1241 678 1306 cognoscitivnm.
696 1239 792 1288 Dictum
810 1243 846 1290 est
866 1239 912 1289 enin

122 1317 182 1380 quial
200 1322 278 1380 raptus
293 1322 327 1366 est
341 1321 419 1380 praeter
432 1314 546 1379 propriam
560 1311 733 1363 inclinationem
746 1312 802 1375 ejus
817 1314 875 1376 quod
888 1324 912 1358 n·

121 1388 190 1452 pitur.
205 1390 256 1452 lpse
271 1392 347 1438 autem
361 1392 435 1436 motus
451 1385 584 1450 appetitiva
598 1382 690 1432 virtutis
708 1386 746 1432 est
766 1385 873 1445 quadam
885 1383 913 1430 in·

123 1460 215 1511 cilonio
228 1462 255 1510 ad
266 1461 350 1512 bonum
364 1459 487 1522 appetibile
502 1474 507 1506 :
523 1457 582 1506 nude
596 1453 687 1519 proprie
696 1455 834 1518 loquendo,
845 1469 872 1504 ex
882 1457 911 1502 nn

121 1529 182 1594 quid
197 1533 264 1582 hoino
277 1531 362 1594 appetit
374 1531 473 1593 aliquid,
489 1543 534 1581 nou
548 1527 634 1592 rapitur
649 1527 688 1577 sed
708 1540 752 1590 per
770 1539 798 1577 ee
818 1533 913 1576 movetur.

122 1604 171 1652 llio
182 1605 248 1652 modo
256 1608 329 1666 potest
340 1602 477 1652 considerari
488 1605 565 1666 raptui
574 1602 684 1663 quantum
695 1597 722 1647 ad
737 1611 806 1648 suam
817 1611 912 1648 causam

122 1680 145 1724 et
159 1673 192 1724 sic
206 1679 280 1738 potest
294 1675 376 1725 nabere
392 1687 484 1724 caucam
498 1687 527 1724 en
542 1675 604 1738 parte
623 1669 759 1734 appetitiva
774 1671 876 1720 virtutis.
891 1670 913 1717 fu

120 1747 166 1796 lroc
180 1746 241 1796 enim
255 1747 305 1811 ipeo
317 1745 376 1809 quud
387 1747 501 1810 appetitus
515 1746 541 1794 ad
556 1743 640 1808 aliquid
653 1743 807 1792 veliementer
818 1743 914 1794 allicitur,

121 1822 197 1882 poteet
213 1818 344 1881 contingere
355 1816 415 1881 qum
426 1832 456 1868 ex
469 1817 576 1868 violentia
589 1814 683 1864 allectus
694 1814 766 1863 horno
779 1815 811 1863 ab
824 1814 914 1864 omnium

105 1890 173 1940 'ahia
196 1890 313 1941 alienetur.
331 1890 402 1938 llabet
417 1888 487 1939 etiam
505 1888 612 1938 allectum
631 1885 656 1933 in
677 1884 806 1948 appetitiva
828 1884 915 1933 virtute.

122 1962 174 2012 cium
188 1963 274 2013 ecilicet
288 1960 369 2024 aliquis
384 1960 540 2010 delectatatio
551 1959 587 2008 his
601 1959 627 2008 ad
642 1970 693 2020 que
707 1955 809 2020 rapitur.
825 1957 886 2007 llnte
900 1964 914 2002 c

123 2034 243 2096 apostolus
261 2033 319 2084 dixit
338 2047 363 2083 ee
382 2036 472 2096 raptum
486 2045 531 2082 non
552 2029 624 2080 solim
638 2028 674 2078 cd
696 2029 809 2077 tertiam
827 2027 929 2077 ooelaml

121 2108 182 2170 quod
196 2107 296 2169 pertinet
316 2108 343 2156 al
364 2104 579 2168 contemplationem
598 2101 741 2164 intellectum
761 2102 806 2152 ced
821 2101 886 2152 etiam
899 2101 915 2146 ir.

122 2179 291 2241 paradisum,
308 2179 369 2241 quod
384 2178 483 2241 pertinet
498 2177 526 2226 ad
540 2176 658 2226 allectum.

154 2251 187 2300 nd
198 2252 296 2314 primum
305 2249 495 2312 ergodicendum,
505 2246 567 2311 quod
581 2249 657 2308 raptus
675 2243 738 2294 addit
751 2244 842 2309 aliquid
862 2255 915 2306 supra

122 2322 226 2371 extasim.
241 2323 298 2370 Nam
313 2320 398 2370 extasis
416 2320 523 2383 importat
535 2317 668 2380 simpliciter
678 2329 804 2366 excessum
818 2315 913 2378 aseipso.

123 2391 248 2442 cocuntium
262 2405 330 2456 quem
343 2392 430 2443 scilicet
443 2391 524 2455 aliquis
541 2393 680 2440 extremam
699 2387 870 2438 ordinationem
886 2399 914 2449 pa-

124 2465 195 2526 nitur3
207 2466 247 2515 sed
258 2469 335 2529 raptus
348 2477 416 2528 cupra
428 2465 472 2514 hoc
486 2462 548 2512 addit
562 2459 693 2510 violentiam
702 2461 839 2522 quamdam.
850 2461 914 2508 num

122 2534 192 2596 igitur
201 2536 289 2585 extasis
298 2537 325 2585 ad
337 2535 384 2585 vim
394 2535 541 2600 appetitivam
556 2532 681 2596 pertinere,
692 2529 749 2595 puta
764 2530 819 2581 cum
833 2529 913 2593 alicujus

73 2665 81 2676 .
123 2608 238 2668 appetitus
249 2607 323 2658 tendit
335 2607 361 2657 in
371 2621 396 2657 ea
408 2621 459 2669 quae
470 2609 534 2656 cntra
545 2605 620 2670 ipsum
631 2607 696 2665 sunt3
708 2605 732 2653 et
743 2602 870 2654 secundum
880 2603 910 2649 lot

121 2675 245 2738 Dionysius
252 2678 306 2728 uicit
314 2678 374 2742 quod
385 2678 498 2726 «divinus
509 2689 571 2726 amor
579 2675 632 2726 lacit
638 2674 745 2736 extasim,
755 2691 769 2722 n
779 2674 805 2725 in
816 2677 910 2738 quantun

121 2744 208 2794 scilicet
220 2748 274 2796 lacit
291 2749 415 2812 appetitum
430 2748 528 2798 nominis
541 2748 633 2797 tendere
652 2747 676 2795 in
689 2757 726 2796 res
743 2751 850 2798 amatas:
864 2744 909 2793 urle

121 2818 199 2877 postea
209 2817 352 2880 subditquinl
369 2836 383 2866 «
393 2820 463 2869 etiam
474 2819 524 2883 ipse
538 2820 606 2881 Deus,
619 2818 659 2881 qui
672 2821 707 2868 est
723 2819 833 2868 omnium
846 2826 908 2870 caua,

120 2897 162 2947 per
171 2885 330 2938 abundantiam
343 2889 459 2941 amatorie
470 2888 579 2942 boniatis
592 2891 655 2942 extra
668 2889 773 2954 seipsum
782 2893 810 2942 tlt
821 2903 860 2956 per
869 2898 906 2951 pru
