1934 3284
380 217 412 254 DE
428 215 536 256 8110ssss-

361 411 522 462 ARTlCULUS
538 413 557 462 1.

51 545 138 590 Utrum
157 540 266 586 simonia
282 539 313 582 sit
330 537 438 582 studioso
453 538 565 581 uoluntas
579 539 672 582 emendi
687 540 724 584 uel
740 540 857 586 vestiendi

170 601 268 660 aliquid
284 599 419 657 spirituale,
434 599 471 643 vet
484 598 607 654 spirituali
616 613 744 648 animuum.

81 732 115 782 dd
134 729 237 795 primum
256 726 292 776 sie
306 723 443 790 proceditur.
459 723 553 774 Videtur
569 724 630 788 quid
648 724 743 777 simonie
764 742 811 778 non
830 728 861 780 sit

53 804 157 854 studiosa
171 799 280 850 volumtas
299 796 389 848 emendi
400 796 437 846 vel
449 796 563 846 vendendi
577 795 660 860 aliquid
679 797 810 863 spirituale,
823 800 861 850 vel

52 873 167 938 spirituali
182 883 308 921 annexmn.
329 867 431 920 Simonis
452 867 513 918 enim
526 871 561 917 est
577 868 671 918 haeresis
689 871 807 935 quedam3
826 870 860 920 di·

53 949 107 998 citur
119 946 184 998 enim
199 945 221 1007 l,
236 947 299 1008 qut
320 943 378 1006 (cap
394 942 445 990 Eos
460 942 506 1005 qui
517 955 564 1005 per
572 938 714 1006 pecunias),
729 955 757 992 ex
769 942 862 994 Taresio

55 1021 80 1069 ad
96 1017 226 1070 ddrienum
239 1017 327 1080 Papam
345 1029 351 1062 :
367 1029 382 1060 u
396 1011 541 1062 Tolerabilior
555 1015 591 1062 est
610 1011 736 1063 Macedonii
749 1016 772 1063 et
785 1027 862 1064 eurum

54 1091 91 1156 qni
110 1091 175 1140 eirea
194 1087 272 1152 ipsum
288 1088 356 1146 sunt,
376 1083 449 1134 sanati
469 1083 569 1146 Spiritus
586 1083 770 1146 impugnatorum
792 1082 862 1148 impia

55 1161 164 1220 heresiS,
176 1159 246 1222 quim
264 1155 440 1206 simonianorum
454 1169 460 1204 ε
477 1155 511 1204 illi
523 1155 583 1204 enim
596 1158 721 1204 ereaturam
734 1157 757 1204 el
771 1167 861 1204 servum

57 1233 95 1284 [tei
111 1229 191 1282 Patris
208 1231 232 1278 et
247 1227 301 1277 Filii
316 1224 427 1288 Spiritum
445 1228 550 1275 sanetum
567 1224 681 1275 delirando
697 1225 809 1287 tatentnr3
824 1225 863 1274 isti

58 1302 108 1354 veri
118 1301 230 1354 eumdem
242 1297 354 1362 Spiritum
369 1297 472 1346 sanctum
481 1295 584 1345 efficiunt
592 1308 682 1345 servum
694 1309 758 1345 suum
769 1311 775 1345 ε
786 1296 861 1346 omnis

58 1376 117 1426 enim
128 1371 238 1424 dominus
248 1369 309 1433 quod
325 1367 407 1430 habet,
422 1366 441 1417 si
451 1367 513 1428 vult,
525 1365 619 1429 vendit,
629 1367 678 1416 sive
692 1379 798 1428 servum,
813 1365 863 1417 sive

59 1447 142 1511 siquid
161 1456 242 1494 eorum
252 1453 304 1504 qne
317 1439 431 1503 possidet.
441 1455 454 1485 n
469 1438 516 1486 Sed
529 1437 651 1488 infidelitas
662 1450 709 1488 non
721 1438 825 1488 consistit
838 1439 864 1488 in

58 1520 187 1576 voluntate,
202 1515 242 1566 sed
252 1513 326 1576 magis
340 1510 508 1572 inintellectu3
523 1510 582 1559 sieut
594 1513 618 1559 et
632 1510 701 1571 tides,
714 1515 740 1559 ut
753 1523 781 1560 er
795 1509 865 1574 sopri

59 1591 123 1641 dictis
139 1590 208 1652 patet
219 1585 267 1650 (qu.
281 1586 326 1646 lo,
342 1585 384 1632 art.
399 1581 434 1646 t).
450 1583 508 1644 Ergo
523 1581 620 1632 simonia
633 1595 678 1633 uon
688 1583 755 1634 debet
772 1595 813 1646 per
823 1595 864 1632 ro

58 1665 171 1714 tanatem
186 1656 290 1708 diffiniri.

88 1741 112 1785 t.
128 1735 260 1788 Praeterea,
273 1725 374 1778 studiosi
387 1739 481 1790 peecare
496 1729 531 1776 est
542 1739 572 1776 ex
585 1725 672 1775 malitia
682 1739 792 1789 peecare,
806 1729 866 1791 quod

61 1811 92 1858 est
102 1816 201 1872 peecare
214 1801 239 1850 in
250 1799 360 1864 Spiritum
374 1801 484 1848 sanetum.
500 1796 526 1848 si
543 1810 596 1861 ergo
612 1796 708 1847 simonia
719 1800 754 1846 ost
766 1797 866 1848 studiose

60 1881 166 1930 voluntas
177 1865 299 1938 peccandi,
313 1867 415 1933 sequitur
428 1867 489 1933 qudd
505 1881 595 1933 semper
606 1867 635 1918 sit
644 1870 763 1932 peceatum
773 1868 799 1921 in
812 1867 865 1934 Spi-

63 1951 130 2000 ritum
145 1947 263 1998 sanctum.

90 2027 113 2072 3.
130 2019 260 2076 eruerer,
272 2011 330 2064 nihil
345 2015 380 2062 est
393 2011 465 2074 magis
480 2011 597 2075 spirituale
606 2011 673 2076 quam
688 2025 781 2074 regnum
796 2011 866 2061 ooelo·

64 2107 121 2144 mm.
139 2088 186 2140 Sed
202 2085 255 2135 licei
273 2095 348 2134 emere
360 2095 454 2146 regnum
467 2083 587 2146 eoelorum3
601 2080 654 2131 dieit
671 2081 733 2130 enim
747 2081 868 2142 Gregorius

63 2162 200 2228 inquedarn
219 2154 315 2206 homilia
332 2170 338 2204 z
356 2153 481 2216 «Regnum
496 2153 603 2203 coelorum
617 2155 707 2200 tantum
721 2149 782 2200 valet
795 2162 868 2212 quan·

65 2239 111 2284 tom
129 2231 211 2282 habet.
226 2243 239 2274 n
253 2223 313 2290 Ergo
324 2237 370 2275 uun
383 2227 418 2274 est
432 2223 530 2274 simonia
545 2223 604 2273 velle
616 2234 692 2272 emere
702 2219 789 2284 aliquid
803 2220 868 2284 spiri·

63 2307 131 2356 tuale.

96 2379 119 2427 t.
133 2374 259 2434 Fretum,
271 2381 355 2420 nomen
366 2366 467 2420 simonia
479 2367 596 2419 isimone
613 2365 678 2428 lingo
693 2367 812 2428 acceptum
821 2366 870 2428 est,

66 2449 92 2498 de
102 2460 149 2511 quo
164 2443 250 2508 legitur
263 2439 403 2500 tct.,vl11,
418 2435 478 2502 qrrdd
492 2438 573 2489 obtulit
593 2435 703 2501 apostolis
711 2437 833 2500 pecuniam
842 2435 871 2486 ad

67 2517 209 2584 spiritualem
232 2515 366 2578 potestatem
387 2511 520 2572 emendam,
541 2513 567 2560 ut
585 2509 671 2560 seilicet
691 2507 870 2572 quibuscumque

68 2602 164 2641 manum
177 2587 319 2650 imponeret,
335 2581 464 2646 reciperent
477 2581 586 2645 Spiritum
601 2583 712 2630 sanctum.
727 2580 777 2628 Non
795 2581 869 2628 autem

69 2665 154 2728 legitur
170 2659 230 2724 qudd
245 2658 330 2722 aliquid
344 2654 442 2707 uoluerit
456 2656 565 2706 uendere.
586 2653 644 2716 Ergo
665 2652 762 2702 simonie
775 2664 820 2702 non
837 2654 871 2701 est

70 2735 179 2786 uoluntas
195 2728 313 2780 vendendi
327 2725 412 2790 aliquid
429 2725 554 2790 spirituale.

100 2809 124 2854 5.
148 2805 262 2852 Praeterea
270 2837 279 2864 ,
292 2799 370 2850 multae
387 2797 437 2848 aliae
457 2800 511 2847 sunt
524 2795 658 2848 voluntarie
671 2792 871 2854 commutationes,

12 2899 13 2924 ;
70 2880 152 2941 preter
161 2872 302 2936 emptionem
315 2867 503 2920 etvenditiunem
510 2903 518 2929 ,
533 2867 593 2917 sie'ut
608 2863 746 2930 permutatio
761 2865 785 2912 et
797 2867 873 2910 trans-

72 2946 138 3000 actio.
158 2945 220 3006 Ergo
230 2941 320 2992 videtin
332 2937 392 3006 quid
402 2936 566 2989 insufficienter
577 2938 702 2990 diliniatur
712 2932 818 2985 simonie.
