1934 3284
102 161 148 210 etl
196 171 304 208 secunus
320 167 450 218 sueonum,
467 167 560 212 punse.
578 167 683 215 murro,
701 166 756 203 nur.
775 164 811 202 vr.

134 251 157 296 s.
169 247 293 306 Proterea,
307 243 466 304 immunditia,
480 255 532 306 qun
545 241 645 293 manime
656 241 806 304 consequitur
814 242 903 304 guban

101 318 190 369 videtur
202 319 229 367 ad
239 316 350 366 uomitum
365 313 496 380 pertinere,
511 312 636 365 seeundum
649 312 706 363 illud
722 315 786 372 lca„
799 315 905 364 lllllllll:

103 405 117 436 c
130 391 215 450 Omnes
227 401 310 438 meuse
324 389 416 451 repletas
429 390 483 437 sunt
494 385 600 447 uomitu,
613 385 770 448 sordiumque.
780 402 795 432 u
806 385 853 436 Sed
865 386 908 434 boc

101 473 148 510 nou
159 461 249 510 uidetur
264 471 314 510 csse
333 465 465 524 peccatum,
480 458 522 508 sed
532 470 600 521 pmua
612 457 714 521 peccam
731 458 769 507 uel
785 457 857 507 etism
868 457 909 508 sli-

101 534 156 598 poid
169 534 224 584 utile
234 534 277 584 sub
285 533 381 584 consilio
392 530 888 594 cadens,scoundumilludncclec.,xxx1
899 547 906 580 :

102 605 149 656 nSi
161 609 253 656 coactus
262 606 333 656 fueris
341 606 365 656 in
378 605 466 656 edendo
477 604 584 666 multum,
594 616 662 666 surge
673 601 818 666 b·medio,et
832 616 906 665 rome,

102 682 127 728 et
136 677 281 740 refrigerabit
297 681 330 728 te.
345 693 359 724 u
371 678 430 740 Ergo
441 689 489 726 non
499 676 567 726 debet
578 675 633 737 poni
645 675 705 726 inter
716 674 777 724 litias
790 675 862 738 golan.

134 753 156 800 a.
179 751 307 810 Prnlerea,
322 749 422 799 Isidorus
441 747 509 812 ponit
525 746 685 798 scurrilitatem
706 746 777 796 liliam
800 746 906 796 luxurie.

101 819 594 886 mmmmmmm

133 893 177 946 Sed
194 898 273 946 centra
291 897 340 956 est,
354 891 415 957 qubd
431 892 551 957 Gregorius
572 892 653 943 lllllil.
671 889 776 950 dlorul„
791 891 837 942 luas
850 889 906 941 illias

101 965 160 1030 gulae
173 966 282 1030 assignat.
877 985 882 992 ¹

134 1038 296 1102 (Coresusro.
314 1063 348 1078 -
367 1038 447 1100 lueptn
467 1035 564 1099 laetitia,
585 1033 729 1096 scurrilitas,
746 1033 906 1097 immunditia,

102 1111 282 1176 multiloquium,
296 1113 319 1160 el
335 1109 449 1160 hebetudo
459 1109 551 1160 mentis
565 1108 625 1159 circa
639 1105 833 1170 intelligentiam,
843 1107 907 1171 quin·

102 1180 403 1246 mmmm)
665 1218 668 1222 Α

134 1253 268 1318 despondeo
284 1254 412 1313 dicendum,
427 1251 488 1316 qudd
497 1252 559 1302 sicut
570 1251 657 1302 dictum
669 1253 704 1300 est
718 1250 776 1314 (art.
789 1255 806 1300 t
819 1255 847 1302 et
862 1251 905 1316 s),

103 1325 156 1390 gula
173 1324 265 1390 proprie
282 1324 386 1382 consistit
401 1323 460 1374 circu
476 1324 648 1373 immoderatam
661 1320 837 1373 ddecmdoncm
857 1337 907 1387 qun

103 1400 139 1448 est
152 1396 176 1446 in
193 1396 250 1447 cibis
265 1400 289 1448 et
301 1397 400 1460 potibus.
409 1396 440 1446 Et
449 1395 501 1446 ideo
516 1395 555 1444 illn
567 1395 625 1444 sitia
636 1394 698 1444 iuter
706 1393 838 1456 liliasgulac
847 1409 907 1446 eom·

102 1471 224 1533 putantur,
235 1481 286 1532 pum
301 1481 329 1519 ex
343 1468 491 1518 immoderata
507 1465 657 1518 delectatione
669 1465 715 1514 cibi
729 1468 754 1515 et
766 1465 837 1528 potuis
851 1480 908 1518 con-

103 1543 229 1602 sequuntur
243 1555 248 1590 :
262 1553 313 1603 que
328 1539 420 1604 quidem
433 1542 531 1604 possunt
545 1538 619 1602 accipi
634 1538 672 1587 uel
690 1541 799 1601 exparte
809 1532 909 1601 anime,

102 1611 138 1662 uel
152 1623 179 1660 er
193 1616 256 1675 parte
270 1611 378 1676 corporis.
397 1611 430 1661 lix
447 1615 512 1676 parte
530 1614 607 1660 antem
623 1609 706 1660 animm
718 1610 908 1674 quadrupliciter.

102 1681 180 1732 Primb
197 1683 287 1745 quidero
297 1721 304 1747 ,
313 1679 431 1747 'quantum
446 1683 474 1732 ad
487 1682 615 1746 rationem,
629 1682 695 1744 cujus
708 1681 770 1731 acies
783 1682 908 1732 bebetetur

103 1767 132 1804 er
149 1752 338 1806 immoderatione
356 1755 401 1806 cibi
414 1758 438 1806 et
453 1755 522 1820 putds
537 1757 579 1804 :et
588 1757 698 1818 quumum
715 1753 744 1804 ad
756 1755 801 1802 boc
814 1754 909 1817 ponitru

103 1824 149 1874 filia
166 1841 179 1872 n
191 1825 304 1876 bebeludo
314 1825 395 1876 sensuis
412 1825 473 1877 cirea
487 1825 672 1889 intelligentiam,
683 1841 697 1872 u
709 1828 804 1888 propter
813 1825 909 1876 dumosi-

103 1899 162 1948 tates
175 1897 275 1947 ciborum
285 1899 443 1962 perturbantes
456 1901 538 1962 caput3
551 1896 611 1946 siout
620 1895 633 1946 d
643 1895 756 1946 contrario
766 1896 910 1948 abstinentia

103 1969 191 2019 coulcrl
200 1969 227 2018 ad
237 1969 354 2034 sapientie
364 1969 545 2034 perceptionem,
552 1967 674 2018 secundum
684 1967 739 2018 illud
748 1967 856 2023 secun,
867 1970 889 2019 ll
901 1987 907 2020 :

105 2056 119 2088 u
130 2040 232 2104 Cogitavi
243 2041 267 2091 in
284 2042 351 2092 eorde
367 2055 417 2092 meo
435 2043 567 2092 abstrahere
580 2040 658 2092 luno
673 2053 765 2091 caruem
778 2053 870 2105 meam,
882 2047 910 2093 ut
956 2076 958 2089 .

104 2113 205 2163 animum
222 2127 298 2163 meum
311 2113 456 2164 transferrem
470 2114 499 2163 ed
516 2112 662 2177 sapientiam.
674 2129 688 2159 »
702 2112 822 2173 Secundi,
835 2128 910 2182 quan·

103 2187 151 2235 tum
165 2187 194 2235 ad
205 2185 346 2250 appetitum,
359 2186 401 2248 qni
411 2185 567 2251 multiplieiter
579 2184 725 2235 deordinatur
738 2197 780 2248 per
793 2184 909 2237 immode-

103 2257 198 2306 mulium
212 2255 258 2306 cibi
273 2261 296 2306 et
314 2258 396 2321 potuis,
411 2257 476 2320 quasi
494 2255 568 2321 sopito
589 2256 739 2320 gubernaculo
752 2255 868 2306 rationis:
884 2262 909 2309 et

103 2333 212 2391 mantum
233 2328 262 2378 ad
281 2329 324 2377 lroc
345 2327 437 2392 ponitur
454 2330 540 2392 inepto
558 2327 669 2391 lotitia,
685 2326 739 2391 quia
755 2340 838 2378 omnes
858 2329 910 2380 dic

102 2399 235 2452 inordinate
251 2401 370 2465 passiones
384 2401 411 2450 ad
430 2401 533 2451 letitiam
552 2404 576 2450 et
588 2400 705 2451 tristitiam
719 2401 868 2464 ordinantur,
882 2406 909 2453 ut

103 2471 185 2523 dicitur
194 2472 220 2522 in
238 2474 266 2522 ll.
280 2473 364 2523 Etluic.
378 2473 407 2522 lll
418 2471 463 2523 hoc
474 2476 511 2522 est
523 2474 583 2536 quod
595 2472 679 2523 dicitur
691 2473 732 2522 lll.
742 2473 849 2534 Esdrc,
867 2475 907 2536 lll,

104 2541 163 2606 qudd
177 2544 280 2594 omnum
297 2557 388 2596 omnem
404 2546 506 2595 mentem
521 2545 634 2594 conuertit
644 2543 859 2595 insecuritatcmet
869 2546 907 2610 ju·
956 2588 958 2593 .

104 2613 251 2664 cunditalcm.
265 2629 279 2662 o
298 2614 393 2676 lertio,
408 2619 517 2678 quantum
532 2615 561 2666 ad
576 2615 730 2667 inordinatum
745 2616 841 2666 uerbum
857 2633 864 2667 ι
883 2621 907 2667 et

106 2682 140 2732 sic
156 2684 246 2745 ponitur
264 2687 475 2752 multiloquium
485 2686 538 2749 qnia
556 2691 581 2736 ut
598 2688 720 2752 Gregorius
738 2687 793 2737 dicit
803 2688 832 2737 io*
842 2691 906 2738 Pus-

106 2753 182 2804 toral.
199 2754 207 2816 (
216 2755 254 2804 ubi
267 2757 334 2819 snpr'a
368 2773 373 2807 :
389 2759 466 2808 «Nisi
485 2759 543 2822 gulas
561 2759 650 2810 deditos
665 2759 813 2809 immoderata
825 2761 905 2823 loquu-

105 2823 162 2902 citas
180 2829 281 2903 raperet,
297 2828 361 2880 dives
378 2830 431 2892 illc,
445 2829 485 2892 puri
500 2831 603 2894 epulatus
618 2831 719 2894 quotidie
732 2830 851 2896 splendide
870 2831 906 2881 di-

104 2895 174 2957 crtnr,
189 2907 214 2944 m
228 2894 306 2959 lingua
317 2898 408 2962 graviiu
423 2913 470 2952 nou
483 2902 611 2954 merel.»
630 2901 732 2966 ttuurtd,
747 2905 861 2968 munium
876 2902 905 2954 ad
