1934 3284
117 119 163 166 tot
226 129 334 167 enemo
348 129 472 178 munuum,
487 129 579 174 unser.
598 127 684 178 cxxrtr,
701 127 755 166 tur.
774 128 802 166 rr.

117 207 197 256 modos
216 205 342 255 diuiditur:
356 206 492 270 quandoque
511 205 572 256 euim
587 206 631 256 huc
644 203 725 254 eccidit
742 207 835 268 propter
849 202 912 268 ignu-

118 276 229 340 runtium,
246 275 300 339 quin
315 277 402 328 scilicet
417 279 484 328 homo
500 289 545 328 nou
562 276 658 342 percipit
674 275 853 339 magnitudinem
871 289 911 339 pe·

118 347 199 408 riculi3
211 348 345 412 quaudoque
354 349 398 398 hoc
409 349 492 399 eccidit
501 353 592 412 propter
601 349 644 399 truc
655 346 714 412 qudd
724 348 793 397 homo
804 349 840 397 est
851 345 913 398 bonu

118 418 167 481 spei
184 419 212 468 ud
229 418 329 483 pericula
348 418 472 482 uincendo,
487 418 543 483 nuti
561 418 613 469 eirm
627 421 734 482 expertus
754 422 790 470 est
813 432 839 469 ue
856 417 912 481 supi

118 487 218 553 pericula
231 491 349 554 erasisse3
360 492 495 554 quandoque
506 495 581 540 autem
592 491 636 540 hoc
643 490 726 541 accidit
735 493 829 554 propter
839 491 914 541 scieu-

117 560 172 608 tium
190 564 213 610 ct
240 566 311 612 artem
332 563 465 625 quamdam,
482 562 541 612 sicui
564 561 674 626 contingit
691 561 716 610 in
739 560 863 624 militibus,
879 560 914 625 qui

118 635 210 695 propter
219 633 324 695 peritiam
337 646 449 683 armorum
463 637 486 684 et
498 632 644 694 exercitium,
660 645 706 684 non
718 636 826 698 reputent
839 634 913 697 quovit

100 704 219 768 muricula
232 705 301 768 belii,
314 705 455 755 estimantes
464 719 490 756 se
503 719 543 769 uer
552 719 617 756 suam
631 708 703 756 artem
715 718 783 770 posse
798 710 879 757 contre
890 719 914 756 eu

120 777 227 840 defendi,
240 777 298 827 sicut
308 775 416 839 vegetius
430 777 486 826 dicit
499 776 523 826 'ru
537 777 577 828 lib.
590 777 625 826 De
638 792 665 826 re
676 776 808 828 meditari:
820 795 834 826 u
848 780 915 829 Nemo

119 847 194 898 fucere
217 848 297 899 metuit
310 848 371 911 quud
389 861 414 896 re
430 847 491 900 bend
511 847 617 898 didicisse
634 847 737 900 contidit.
755 848 835 900 utilio
854 851 915 900 modo

120 921 168 984 ugit
181 921 262 985 uliquis
278 925 354 970 actum
372 919 510 970 fortitudinis
523 919 572 970 siue
586 920 671 970 uirtute
687 923 779 984 propter
794 920 914 985 impulsum

120 993 232 1058 passionis
239 995 287 1044 sire
294 991 394 1042 tristitie
403 1003 471 1056 quum
478 992 527 1042 vult
536 991 654 1054 repetiere,
660 992 696 1041 vet
705 990 774 1041 etium
782 991 832 1043 ire.
841 994 914 1043 'tertio

120 1067 187 1116 modo
201 1069 293 1129 propter
304 1063 439 1114 electionem
451 1077 498 1113 non
511 1062 602 1126 quidem
612 1061 663 1114 tiuie
673 1060 759 1124 debiti,
768 1065 808 1114 sed
822 1064 914 1127 aiicujus

120 1137 252 1201 temporetis
265 1135 380 1186 commodi
392 1134 536 1198 acquirendi,
551 1133 606 1198 putu
623 1134 730 1196 honoris,
744 1134 870 1199 voluptatis
883 1136 915 1185 vel

120 1206 193 1270 lucri,
208 1208 246 1259 rel
260 1207 357 1270 aiicujus
369 1205 505 1256 incommodi
519 1205 620 1266 uitandi,
634 1203 689 1268 nuti
711 1204 837 1269 vituperii,
849 1207 916 1256 utilio·

119 1279 189 1329 tionis
203 1280 239 1328 rel
248 1279 334 1328 muni.

153 1351 187 1398 tu
206 1349 296 1399 tertium
320 1349 456 1409 dicendum,
479 1347 539 1412 quod
556 1349 583 1398 ud
604 1348 777 1399 similitudinem
799 1349 917 1414 corporalis

122 1419 274 1481 tortitudinis,
288 1419 371 1470 dicitur
382 1419 491 1470 tortitudo
508 1417 605 1487 animur,
621 1433 672 1483 qne
685 1419 778 1484 ponitur
791 1419 879 1480 uirtus,
895 1425 917 1468 ut

122 1491 209 1542 dictum
225 1496 260 1541 est
275 1493 318 1553 (ud
332 1491 378 1556 t);
393 1505 437 1542 nec
458 1497 535 1541 tumen
554 1493 588 1540 cst
601 1495 679 1541 contra
700 1491 811 1542 rationem
834 1490 917 1541 uirtutis

123 1562 183 1626 qudd
197 1577 225 1614 ex
240 1563 336 1614 nuturuti
356 1565 512 1628 complexione
526 1563 607 1626 uliquis
625 1563 707 1614 iubeat
720 1563 847 1614 ueturulem
861 1562 917 1612 incli-

124 1635 238 1686 nationem
254 1638 283 1687 ud
299 1637 420 1702 uirtutem,
435 1641 461 1688 ut
474 1635 542 1700 cupri
559 1635 661 1686 habitum
675 1641 711 1687 eet
724 1636 769 1700 (t,
784 1640 814 1698 t,
829 1651 868 1702 qu.
882 1639 916 1694 ot,

124 1708 210 1771 amr)

417 1815 577 1866 ARTICULUS
594 1815 622 1864 ss.

284 1941 369 1984 Utrum
381 1940 503 1995 fortitudo
513 1940 545 1984 sit
554 1939 632 1983 uirtus
640 1942 759 1996 spectatio.

157 2065 326 2118 nummatum
340 2065 373 2114 sic
385 2063 522 2128 proceditur.
532 2063 625 2114 Videtur
635 2063 696 2127 qudd
710 2064 819 2116 tortitudo
832 2078 877 2118 uun
890 2065 915 2116 sit

96 2162 99 2170 ·
126 2138 231 2205 specialis
249 2136 330 2186 virtus,
355 2136 441 2185 Dicitur
455 2136 516 2184 enim
535 2135 612 2198 Sap„
632 2135 684 2197 vtt,
705 2136 766 2199 qudd
786 2154 799 2186 u
817 2136 937 2203 supientia*

127 2210 271 2261 sobrietatem
288 2212 312 2258 et
323 2207 468 2272 prudentiam
482 2207 562 2268 ducet,
575 2205 687 2270 justitium
702 2213 726 2257 et
738 2207 862 2272 uirtutem3
874 2225 887 2256 u
900 2209 918 2256 et

126 2282 217 2347 ponitur
235 2280 266 2331 ibi
279 2281 363 2329 uirtus
379 2291 420 2342 pro
433 2276 567 2327 tortitudine
582 2277 626 2340 (t).
642 2275 698 2326 Cium
713 2292 766 2342 ergo
781 2293 867 2332 numen
879 2279 919 2328 rir-

127 2354 181 2403 tutis
193 2353 223 2403 sit
235 2363 355 2418 commune
369 2349 474 2400 omnibus
489 2347 624 2412 virtutibus,
637 2347 727 2400 uidetur
743 2349 804 2414 qudd
818 2351 920 2404 tortitudo

128 2424 160 2474 sii
178 2421 386 2488 generationum.

160 2500 184 2546 Ξ.
204 2497 330 2556 Fretum,
353 2491 484 2544 Ambrosius
505 2491 558 2542 dicit
581 2490 604 2540 in
620 2492 661 2541 iii.
678 2493 715 2542 De
735 2493 804 2556 offic.
827 2493 883 2558 (tib.
902 2492 921 2552 1,

129 2580 181 2630 cup.
195 2570 257 2626 oet:
274 2582 288 2614 ι(
297 2566 348 2616 Nun
363 2562 484 2614 mediocris
494 2562 564 2614 unimi
579 2562 816 2628 centurionumque
830 2566 878 2616 nolu
890 2564 923 2612 de·

129 2637 203 2687 tendit
212 2640 345 2687 ornamenta
353 2637 463 2686 uirtutum
472 2633 574 2683 omnium
580 2670 589 2698 ,
597 2637 620 2683 et
628 2634 716 2698 judicia
725 2635 834 2701 euronii,
846 2642 922 2700 etque

164 2776 197 2840 (t)
209 2782 278 2825 Juxta
287 2791 386 2836 grecum
399 2775 495 2850 ἀυδρία,
505 2780 567 2835 quod
576 2787 671 2838 usurpet
679 2783 765 2828 ibidem
775 2751 923 2830 reuerterunt

132 2851 199 2908 quusi
211 2849 357 2899 circuituum
369 2851 440 2897 dicet.
