1934 3284
380 217 411 256 ll!
426 215 535 258 molm-

346 401 507 457 lfltlcdlus
521 403 560 454 lv,

74 531 171 578 Utrum
182 528 222 588 [sit
231 528 329 576 licitum
337 528 464 584 pecuulmu
473 529 578 584 accipm
592 541 636 586 pro
645 529 683 576 bis
691 531 752 588 'pua
760 535 817 577 suut

311 589 478 648 spiritualibus
487 603 591 638 mesa.

68 721 105 774 ll
119 721 235 786 quartum
250 717 286 768 sic
300 717 430 782 proceditur
440 717 483 783 (tl.
495 717 589 770 Videtur
601 718 663 783 uudd
675 719 762 770 licitum
772 720 803 771 sit
813 733 855 786 pe·

5 849 6 862 ,
42 791 135 843 comm
149 789 259 855 accipere
273 801 316 854 pro
329 789 365 840 his
378 803 428 854 qua
438 791 491 841 suut
500 788 655 853 spiritualibus
664 803 763 843 annexa.
772 793 854 844 Omnia

5 865 6 910 l
41 864 100 914 enim
111 859 255 926 temporalia
269 859 376 910 videntur
393 859 546 925 spiritualibus
555 874 606 912 esse
618 874 722 931 annexa,
735 861 790 927 quia
796 867 854 914 tem·

5 929 6 962 t
42 934 130 997 poralia
148 935 208 984 sunt
224 928 348 994 querenda
365 933 456 996 propter
476 930 610 996 spiritualia.
626 932 651 982 Si
668 945 722 996 erpo
738 946 785 984 uon
803 933 858 986 lieet

43 1007 144 1059 vendere
163 1015 265 1068 eaque
288 1007 343 1054 sunt
361 1004 516 1069 spiritualibus
532 1017 636 1067 annexa,
654 1005 712 1055 nibil
730 1005 857 1069 temporale

43 1077 144 1129 vendere
163 1075 261 1140 licebit;
280 1075 340 1140 quod
353 1077 579 1139 pasecesselalsum.

73 1154 97 1200 2.
113 1151 249 1210 praterea,
267 1147 326 1198 nibil
343 1147 433 1200 uidetur
449 1148 523 1212 magu
542 1162 594 1200 esse
611 1147 766 1213 spiritualibus
786 1161 855 1201 anne·

5 1221 6 1286 l
44 1235 111 1283 xum,
128 1219 203 1284 qn'am
220 1231 278 1268 uasa
297 1221 436 1272 marmorata.
451 1219 498 1270 Sed
516 1220 609 1272 cabeem
626 1219 681 1270 licet
699 1221 796 1272 vendere
814 1233 856 1285 pro

5 1289 6 1322 ³
44 1291 208 1358 redemptione
222 1291 366 1354 captivorum
372 1328 381 1354 ,
392 1299 419 1340 ut
428 1290 561 1344 Ambrosius
574 1291 637 1342 dicit.
651 1292 712 1356 llrgo
720 1291 810 1344 licitum
818 1297 854 1345 est

46 1365 145 1416 rendere
160 1375 190 1414 ea
201 1376 253 1426 qnae
269 1365 323 1414 sunt
340 1360 495 1426 spiritualibus
507 1375 604 1415 annexa.

76 1441 98 1488 3.
117 1437 253 1498 Proeterea,
268 1433 422 1499 spiritualibus
441 1445 532 1486 annena
547 1433 655 1485 deantur
665 1434 706 1499 J'us
716 1435 854 1500 sepultura,

44 1507 81 1571 jus
93 1506 235 1576 patronatus
250 1506 319 1570 eljus
332 1505 516 1570 primogenitius
530 1506 653 1557 secundum
669 1506 774 1572 aptiquos
787 1507 857 1573 (quia

48 1577 200 1644 primogeniti
215 1581 275 1630 ante
291 1578 364 1642 legem
386 1577 508 1628 sacerdotis
529 1577 603 1628 officio
624 1578 809 1644 fungebantur),
834 1584 858 1631 et

49 1652 117 1702 etiam
129 1651 173 1716 jus
187 1649 319 1713 accipiendi
338 1648 446 1698 decimas.
465 1648 510 1699 Sed
522 1648 636 1699 abrabam
653 1649 708 1699 emit
721 1654 751 1699 ab
764 1651 857 1715 Ephron

49 1725 182 1788 speluncam
193 1720 307 1787 duplicem
321 1721 345 1776 iu
357 1721 539 1786 sepulturam,ut
552 1720 649 1772 babetur
665 1720 762 1780 Genea,
775 1722 856 1786 lllllll3

49 1797 115 1848 Jacob
139 1797 221 1848 autem
239 1794 295 1844 emit
314 1792 342 1843 ab
361 1793 420 1844 Esau
437 1793 476 1858 jus
500 1793 699 1858 primogenitura,
718 1797 744 1844 ut
761 1793 857 1845 habetur

52 1869 149 1924 Gener..
165 1866 243 1928 XXV3
255 1865 295 1930 jus
310 1863 379 1915 etiam
396 1865 529 1930 patronatus
548 1864 631 1916 transit
644 1878 696 1914 cum
710 1877 735 1916 re
750 1865 856 1928 uendite,

51 1943 72 1989 et
85 1939 110 1988 in
122 1937 221 1988 feudum
235 1935 380 2000 conceditur3
396 1935 489 1988 decima
498 1936 567 1987 etum
578 1948 693 1988 concessa
702 1939 757 1988 sunt
765 1935 871 2000 quibus·

50 2012 99 2062 dam
116 2009 240 2072 militibus,
254 2011 278 2059 et
290 2007 373 2059 redimi
385 2012 497 2073 possunt;
511 2008 599 2074 prelati
611 2008 680 2060 edam
689 2008 808 2059 *interdum
820 2020 856 2059 re·

49 2083 123 2135 tinent
141 2080 188 2132 sibi
205 2081 233 2131 ad
253 2083 345 2144 tempus
362 2079 448 2131 tructus
465 2081 637 2145 prebendarum
652 2093 710 2144 quas
723 2079 856 2141 meismet,

50 2154 100 2205 mm
123 2157 204 2205 tamen
225 2151 354 2218 praebenda
375 2151 421 2202 sint
437 2145 595 2216 ,spiritualibus
613 2151 790 2214 anomaliae
804 2149 859 2204 lieet

51 2239 126 2278 emere
142 2227 168 2276 et
182 2223 283 2276 vendere
300 2236 328 2274 ea
341 2235 393 2288 qua
410 2228 465 2274 sunt
478 2221 635 2288 spiritualibus
648 2235 746 2274 aunem.

81 2298 128 2350 Sed
144 2299 227 2347 contra
245 2299 297 2358 est,
312 2295 374 2359 quod
388 2294 443 2347 dicit
463 2294 579 2347 Pascbalis
592 2307 664 2360 papa,
679 2297 702 2344 et
721 2292 817 2345 babetur
829 2295 856 2358 l,
954 2346 957 2351 ,

51 2385 89 2434 qu.
109 2374 138 2432 a,
154 2381 208 2434 cap.
228 2369 259 2418 sa·
278 2369 339 2433 quis
353 2367 471 2432 objecerit
488 2367 535 2433 (ut
552 2370 597 2418 arti
614 2371 642 2430 l,
656 2366 685 2417 ad
699 2371 731 2428 6,
745 2365 833 2433 supra)
850 2383 856 2419 :

53 2458 66 2488 ιι
76 2438 187 2506 Quisquis
207 2441 288 2492 horum
303 2439 399 2492 alterum
415 2439 494 2491 uendit
510 2439 559 2490 siue
573 2451 618 2503 quo
635 2451 679 2489 nec
695 2438 791 2490 sltemm
804 2451 859 2504 pro·

52 2513 131 2573 venit,
156 2512 265 2562 neutrum
287 2509 431 2562 invenditum
449 2510 600 2576 derelinquit;
625 2510 701 2561 nullus
722 2522 776 2573 ergo
797 2513 858 2562 emat

52 2582 188 2646 ecclesiam,
205 2580 242 2632 sel
257 2581 415 2646 prebendam,
430 2582 468 2634 sel
484 2582 570 2647 aliquid
583 2581 792 2634 ecclesiasticum.»

82 2655 251 2718 (Cosmusro.
258 2679 289 2692 -
296 2653 419 2705 Pecuniam
431 2655 536 2718 accipere
544 2667 587 2719 pro
598 2653 627 2705 iis
638 2667 689 2718 qua
702 2654 857 2719 spuituabbus

51 2727 82 2778 ita
96 2738 191 2778 annexa
211 2728 279 2788 sunl,
294 2727 362 2776 ntes
375 2724 530 2792 spiritualibus
544 2726 672 2791 pendeant,
686 2725 790 2777 illicitum
804 2728 856 2791 est3

52 2951 65 2994 s
85 2883 117 2947 (t)
132 2887 168 2992 ge
182 2884 300 2932 bisetium
314 2885 357 2946 lv,
370 2884 447 2938 Sasu„
461 2885 517 2932 dist.
532 2882 573 2945 ab,
587 2897 626 2943 qu.
644 2887 667 2945 a,
679 2889 722 2933 art.
732 2883 761 2941 ἢ,
776 2891 858 2939 quss-

61 2961 123 2996 mnc.
154 2980 160 2994 .
