1934 3284
267 108 301 147 DE
315 105 438 147 ntttsttttttt
453 105 604 144 ditm-
790 96 834 142 981

36 183 138 247 loquitur
150 182 284 245 Augustinus
295 184 337 243 (ut
350 181 443 245 supra).
454 182 500 231 Sed
513 181 552 231 illa
568 180 689 245 prophetia
701 180 727 231 iu
739 194 785 244 qua
794 194 835 232 re-

35 258 129 308 velatur
139 255 195 307 uude
206 254 354 319 intelligibilis
363 255 456 315 recht,
470 258 506 304 esl
524 254 630 304 omnibus
643 254 725 317 potior.

72 328 232 382 sesecundum
242 326 374 385 dicendum,
384 325 444 388 quod
456 326 518 376 aliud
533 325 688 388 estjudicium
701 326 730 375 de
740 325 777 377 his
787 340 837 389 qne

36 404 132 465 propter
144 412 167 449 se
180 402 319 463 quaeruntur,
331 400 391 449 etde
406 398 504 461 hisquae
518 402 651 461 quaeruntur
660 403 753 462 propter
766 398 836 449 aliud.

35 476 63 523 ln
82 472 118 521 his
130 471 187 521 enim
202 484 252 535 quae
268 474 359 535 propter
372 482 396 521 se
411 472 549 533 quaeruntur,
561 473 647 533 quanto
662 470 736 519 virtus
749 471 838 534 agentis

33 545 66 595 ad
83 544 144 607 plura
156 545 179 593 et
191 542 312 593 remotiora
328 555 352 593 se
366 542 479 602 extendit,
491 541 555 592 tantd
568 540 642 605 potior
655 544 705 602 est3
720 541 780 591 sicut
789 556 839 593 me·

34 617 105 666 dicus
124 617 236 677 reputatur
253 613 340 675 melior,
356 615 396 677 qui
408 615 484 678 plures
501 617 577 677 polest
595 616 618 661 et
635 613 707 674 magis
721 612 839 665 inanitate

34 690 150 739 distantes
165 698 252 735 sanare.
265 686 291 734 ln
303 686 340 735 his
349 688 425 735 autern
434 698 486 748 que
496 698 542 735 non
553 686 685 747 qnaemntur
693 683 740 734 uisi
747 688 839 749 propter

33 758 100 809 aliud
112 796 118 817 ‚
132 755 213 819 quantd
225 770 294 819 agens
307 760 383 819 potest
397 769 426 807 ex
444 756 588 821 paucioribus
604 760 628 804 et
643 754 839 818 propinquioribus

33 832 65 880 ad
86 841 150 878 suum
169 827 281 877 intentum
295 826 429 891 peruenire,
443 826 509 877 lauth
520 827 609 877 videtur
623 838 673 875 esse
688 825 781 890 majoris
793 826 840 876 vir-

34 902 109 962 tutis3
125 899 181 949 sient
195 898 265 960 magis
275 898 378 949 laudatur
387 899 487 949 medicus
500 898 539 961 qni
549 912 590 962 per
599 897 705 963 pauciora
719 900 742 947 et
753 898 840 949 leniora

32 976 116 1040 potest
126 984 203 1020 sanare
217 969 337 1019 infirmum.
356 970 418 1021 Visio
434 975 510 1021 numm
527 970 659 1032 imaginaria
674 970 698 1018 in
709 969 840 1032 cognitione

32 1042 171 1110 prophetica
188 1054 234 1091 uon
248 1041 369 1110 reponitur
383 1046 475 1105 propter
489 1054 527 1104 se,
542 1043 582 1091 sed
596 1044 689 1105 propter
708 1041 841 1092 manifesta·

31 1118 125 1167 tionem
144 1112 290 1175 intelligibilis
309 1112 413 1162 ueritatis
433 1128 438 1162 :
458 1118 481 1162 et
497 1113 550 1163 ideo
566 1112 633 1163 tantb
650 1112 727 1176 potior
739 1116 775 1163 est
787 1126 840 1177 pre

30 1186 130 1252 phetia,
142 1182 226 1247 quanlb
243 1183 316 1234 minius
327 1182 355 1233 ed
368 1183 464 1246 indiget.

68 1258 105 1307 Ad
120 1254 208 1307 tertium
222 1254 358 1318 dicendum,
372 1255 433 1319 qubd
447 1256 504 1306 nihil
513 1256 619 1319 prohibet
631 1255 716 1319 aliquid
727 1268 777 1306 esse
786 1255 842 1305 sim-

30 1329 129 1396 pliciter
145 1327 243 1386 melius,
258 1328 318 1391 quod
334 1331 411 1377 tumen
435 1326 512 1377 minius
530 1326 622 1391 proprie
640 1326 721 1389 recipit
745 1327 841 1390 alicujus

29 1398 238 1467 praedicationem
247 1399 307 1449 sicut
315 1398 415 1461 cognitio
425 1400 505 1462 patriae
516 1403 550 1449 est
559 1398 730 1461 nohthcrqulm
740 1398 842 1461 cognitio

29 1476 96 1535 viae3
107 1484 159 1533 quae
175 1474 250 1521 tamen
265 1470 338 1533 magis
353 1471 444 1535 proprie
458 1472 542 1521 dicitur
555 1472 631 1535 fides,
646 1485 673 1522 eo
682 1470 742 1534 qu'od
757 1483 842 1520 nomen

27 1545 102 1612 fidei
123 1542 232 1605 importat
245 1542 441 1607 imperlectionem
462 1545 614 1607 cognotienis.
634 1543 744 1593 Similiter
765 1547 842 1592 antem

27 1614 159 1684 prophetia
177 1613 284 1677 importat
299 1616 419 1677 quamdam
433 1617 594 1667 obscuritatem
607 1620 632 1666 et
652 1616 801 1666 remotionem
814 1615 842 1664 ab

28 1685 178 1748 intelligibili
188 1686 283 1737 ueritate
293 1702 299 1736 ε
314 1687 397 1737 etideo
408 1690 480 1750 magis
490 1688 581 1752 proprie
590 1688 695 1738 dicuntur
702 1687 841 1750 prophete,

26 1761 74 1825 qui
97 1758 178 1807 vident
188 1771 229 1822 per
242 1758 396 1820 imaginariam
411 1758 539 1821 visionem3
550 1759 655 1822 quamns
671 1757 711 1807 illa
724 1758 844 1821 prophetia

26 1835 63 1884 sit
85 1830 249 1893 nobiliorque
271 1834 306 1879 est
327 1842 368 1893 per
380 1831 556 1881 intellectualem
576 1829 704 1888 uisionem3
720 1830 842 1879 dummodo

25 1912 116 1957 tamen
128 1902 158 1951 sit
171 1903 249 1952 eadem
266 1901 350 1953 ueritas
361 1902 480 1964 utrobique
495 1903 602 1952 revelata.
617 1901 642 1949 Si
655 1899 709 1950 rard
719 1900 796 1949 lumen
807 1900 843 1949 iu·

25 1974 168 2029 tellectuale
182 1973 250 2024 alicui
268 1974 379 2024 divinitus
392 1974 540 2036 infundatur,
561 1987 606 2024 uon
620 1973 649 2022 ad
662 1972 844 2033 cognoscendum

25 2051 116 2112 aliqua
134 2046 323 2109 supernaturalia,
338 2047 377 2095 sed
392 2045 579 2108 adjudicandum
594 2041 718 2094 secundum
727 2042 845 2093 certitudi-

25 2134 90 2173 nem
102 2117 209 2167 vemhtts
220 2117 304 2167 divinae
316 2130 342 2167 ea
355 2131 406 2180 que
418 2116 519 2167 humant
529 2117 616 2167 ratione
625 2114 730 2177 cognosci
739 2117 844 2178 possunt3

25 2196 65 2247 sic
89 2189 144 2241 talis
159 2189 278 2253 pmpltetia
295 2187 457 2239 intellectualis
474 2194 509 2239 est
523 2188 582 2239 intra
597 2187 660 2237 illam
677 2188 844 2248 quaestuum

25 2262 175 2328 imaginaria
188 2261 276 2312 visione
297 2262 393 2311 ducente
407 2262 431 2312 in
446 2262 642 2325 snpematuralem
655 2259 789 2321 veritatem,
801 2271 844 2307 cu·
892 2304 898 2319 „

25 2335 139 2406 jusmodi
163 2333 306 2398 prophetiam
322 2334 449 2383 habuerunt
462 2347 543 2384 omnes
559 2333 594 2383 illi
606 2332 646 2396 qui
658 2333 805 2381 numerantur
819 2328 845 2379 in

25 2410 118 2463 ordine
138 2407 310 2470 prophatarum.
327 2405 369 2462 Qui
392 2405 461 2455 etiam
483 2419 514 2456 ex
534 2407 578 2455 hoc
594 2403 723 2469 specialiter
739 2402 847 2451 dicuntur

25 2481 185 2549 propterte,
200 2477 255 2540 quia
269 2476 400 2539 prophetice
412 2476 488 2527 olllcio
501 2477 651 2540 fungebantm
664 2490 671 2523 ε
684 2473 745 2523 unde
755 2487 786 2525 ex
794 2487 847 2536 por-

25 2566 93 2606 sonu
113 2549 208 2601 Domird
221 2548 382 2611 loquebantur,
390 2547 501 2601 ¹dicentes
515 2549 544 2598 ad
556 2548 683 2613 populum
697 2546 847 2596 aliusdicit

25 2624 162 2678 [lominus.
178 2637 191 2667 u
206 2619 270 2678 Quod
285 2631 332 2668 non
343 2619 455 2670 faciehant
465 2619 499 2667 illi
509 2621 548 2683 qui
564 2620 718 2683 hagiographa
728 2619 847 2682 conscrip·
940 2675 941 2682 χ

25 2698 138 2755 serunt3
154 2704 251 2755 quornm
269 2690 346 2753 plures
364 2690 512 2753 loquebantur
530 2689 671 2755 trequentihs
689 2689 718 2739 de
740 2690 777 2739 his
792 2704 847 2753 qun

25 2764 143 2819 hnmani
159 2763 247 2813 ratione
260 2762 367 2825 cognosci
380 2766 488 2825 possunt3
508 2776 554 2812 non
566 2761 633 2827 quasi
642 2775 671 2811 ex
684 2774 781 2824 persona
797 2761 847 2822 llei,

25 2840 76 2890 sed
93 2851 124 2888 ex
140 2847 239 2901 persona
251 2832 360 2898 propria,
372 2846 423 2883 cum
438 2833 551 2897 adjutorm
565 2838 643 2887 tamen
659 2832 732 2886 diuini
745 2833 846 2883 luminis.
