1934 3284
398 181 429 218 lt!
444 181 518 220 etttt.
813 175 859 223 659
937 204 943 221 .

53 255 199 320 appetibilis,
212 255 298 308 oeillmt
312 257 454 309 conservatio
468 258 521 310 uilo
535 273 585 324 que
601 261 651 312 siue
665 261 715 312 cilo
729 263 860 312 conseruari

54 341 104 378 nou
118 329 207 391 potest,
221 328 275 380 iude
286 327 354 379 etlam
367 334 402 380 eat
415 329 476 392 qudd
488 330 538 395 ipse
554 333 618 383 ottus
632 338 666 384 eot
679 333 779 382 maxime
789 345 860 398 appe-

54 400 138 451 tibilis.
154 401 182 450 Et
198 401 225 452 ad
238 402 280 451 hoc
291 399 339 451 iord
353 405 415 452 totae
428 402 492 451 labor
503 404 608 454 humano
619 403 672 454 vitoe
687 403 813 468 ordinatur,
824 417 862 454 ee·

54 472 158 524 camdem
171 473 226 522 illud
238 473 313 528 dccl..
329 475 358 523 lll
377 489 382 522 :
395 473 494 524 «Omnis
502 476 565 526 labor
578 475 680 526 hominis
690 476 713 525 iu
724 489 762 527 ore
774 478 861 541 ejus.u

55 547 89 596 Et
101 547 179 595 mmet
188 545 261 608 magio
269 546 322 609 gula
331 545 422 596 videtur
431 559 482 596 oeae
492 547 553 597 circa
566 549 728 598 delectationes
737 549 782 598 cili
794 547 862 612 quim

56 616 122 668 cirea
140 616 211 666 citou.
232 617 423 680 propterquod,
440 621 465 666 ut
478 619 619 682 Augustinus
636 619 693 668 dicit
709 619 733 668 iu
751 619 810 669 libro
826 619 864 668 De

54 703 119 739 vera
136 687 265 752 eelo'ptoue
279 691 348 754 (cap.
360 689 409 752 tie)
426 707 432 738 ε
444 690 553 748 «Quibus
564 689 618 740 ullis
628 691 730 754 corporis
743 691 803 740 salus
817 690 862 753 est,

59 760 152 810 mduut
164 759 227 810 vesci
239 761 278 823 (ia
294 774 339 823 quo
353 761 441 812 scilicet
459 761 581 812 delectatio
591 761 647 822 est)
661 761 729 825 quim
742 761 838 811 saturari
852 777 858 811 ι
953 790 954 797 1

60 831 116 884 edm
134 832 208 883 omnia
220 832 274 882 tluis
286 831 346 883 ilius
359 833 482 897 voluptatis
493 834 524 884 tit
532 847 578 885 uon
587 833 649 884 sitire
660 836 729 896 atque
742 833 836 884 esurire.
848 848 862 880 u

92 905 127 956 ed
141 904 266 955 metendum
276 904 411 968 dicendum,
425 905 487 968 quta
500 906 553 956 tluls
566 906 591 955 iu
604 908 697 971 peceato
711 904 821 968 accipitur
835 918 864 955 eu

59 980 129 1041 parte
149 975 320 1039 couremlonis3
342 977 384 1026 sed
403 977 502 1040 gravitas
521 979 608 1041 peccati
629 976 737 1040 accipitur
754 988 783 1026 ex
801 979 866 1040 parte

58 1047 242 1100 evenientem
262 1047 314 1098 ideo
333 1059 380 1097 uon
397 1051 488 1112 oportet
503 1047 584 1098 uitium
601 1047 699 1111 capitale
718 1047 779 1110 quod
794 1047 864 1097 habet

61 1120 136 1170 linem
149 1117 249 1170 maximi
262 1119 422 1184 appetibilem,
438 1119 521 1170 tutuo
534 1133 639 1184 maguam
658 1118 801 1182 pmritetem.
838 1131 842 1134 ⁴

96 1191 131 1242 ud
144 1191 235 1242 tertium
254 1191 391 1253 dicendum,
410 1189 469 1254 qudd
483 1191 615 1242 delectabile
632 1194 668 1241 ost
685 1188 806 1254 appetibile
826 1201 864 1240 ee·

62 1262 167 1316 caedem
178 1276 213 1313 se.
221 1263 252 1312 El
264 1263 316 1314 ideo
327 1262 452 1314 meantium
461 1263 513 1326 ejus
526 1263 682 1313 diversitatem
696 1264 810 1326 ponuntur
822 1260 868 1310 duo

62 1336 124 1386 uitia
134 1335 255 1400 capitolin
269 1335 354 1386 scilicet
367 1336 418 1398 pola
433 1338 457 1386 et
466 1335 564 1385 luxuria.
579 1335 638 1386 lltile
657 1338 733 1385 eutem
745 1347 774 1384 ex
785 1347 809 1383 oe
821 1345 868 1382 nou

65 1407 137 1461 hehet
149 1405 262 1456 rationem
276 1405 405 1470 appetibilis
412 1442 420 1468 ,
433 1407 473 1456 sed
485 1405 609 1456 secundem
619 1405 679 1470 quod
694 1406 721 1454 ad
735 1403 796 1454 aliud
807 1404 870 1453 ordi·

65 1481 137 1530 natur
148 1493 155 1526 ;
168 1481 192 1528 el
200 1477 251 1528 ideo
261 1477 285 1527 iu
297 1477 404 1528 omnibus
413 1477 506 1527 utititas
518 1478 670 1527 videturesse
680 1488 724 1526 una
734 1476 870 1540 ratioappc-

62 1543 187 1602 eolides.
205 1549 235 1600 et
252 1553 343 1614 propter
358 1549 401 1599 hoc
417 1550 478 1600 circe
500 1547 633 1614 hujusmodi
650 1561 697 1599 nou
713 1547 807 1613 pouiter
826 1546 871 1597 ulai

65 1635 140 1675 cuum
157 1619 237 1670 uitium
251 1620 358 1686 capitale.

329 1873 335 1880 Ν
361 1797 522 1851 ARTICULUS
537 1797 577 1848 Vl.

72 1929 161 1975 Uirium
177 1924 341 1972 converterem
349 1923 502 1979 cootpoeotur
517 1923 579 1978 puloe
594 1921 772 1980 quinquefllioe,
784 1921 874 1966 scilicet

96 1994 178 2048 irrepta
197 1989 294 2041 leutitia,
308 1987 453 2039 scurrilitas,
472 1985 640 2039 immunditia,
652 1985 833 2042 multiloquium
849 1987 873 2028 ot

97 2053 213 2102 demendo
223 2051 310 2098 mentia
318 2051 383 2096 circo
391 2048 584 2105 toutttpoottam.

104 2183 138 2234 td
154 2184 244 2232 textum
259 2178 292 2230 oie
305 2176 435 2242 proceditur
451 2176 495 2241 (l).
506 2177 601 2226 Videtur
613 2175 674 2239 quod
685 2174 875 2225 iueouuouieetor

71 2256 217 2318 assignentur
224 2252 285 2315 gulae
299 2249 397 2314 quinem
412 2248 570 2312 iiliaepscilicet
585 2247 797 2311 «intepretetur,
813 2259 877 2296 ocur-

72 2329 156 2390 rililas‚
165 2323 324 2386 immunditia,
336 2319 511 2384 multiloquium,
523 2320 636 2370 hebetudo
650 2319 733 2370 meutie
741 2318 801 2368 circa
810 2318 879 2368 intel·

71 2399 199 2465 ligentiatu.
214 2414 228 2443 o
244 2397 321 2459 inepte
336 2393 397 2444 euim
410 2392 491 2444 latitia
503 2392 652 2455 consequitur
665 2403 734 2442 omme
747 2392 877 2453 peccetuur,

75 2467 267 2524 secuuddmillud
281 2469 364 2522 Proe..
379 2466 400 2516 ll
415 2481 421 2516 ι
434 2483 447 2512 c
459 2465 503 2523 Qui
517 2465 623 2515 laetentur
633 2462 685 2512 olam
700 2461 877 2523 malefecerint,

76 2549 100 2596 et
109 2541 244 2593 exultantia
256 2536 442 2601 rebuspeeo'upie.
453 2536 585 2586 »Similiter
592 2534 661 2586 etiam
669 2534 784 2584 hebetudo
792 2533 876 2584 mentio

76 2615 195 2670 invenitur
217 2611 324 2662 inomni
346 2611 454 2672 peccato,
476 2605 600 2656 moeudlrm
621 2606 676 2656 illud
696 2606 781 2664 Proo„
803 2605 879 2654 ltlt:

78 2705 92 2735 u
103 2687 184 2736 Errant
195 2683 235 2747 qui
245 2684 367 2746 operentur
376 2681 470 2732 malurn.
481 2696 496 2726 u
505 2679 565 2740 Ergo
572 2678 759 2728 inconvenienter
765 2678 881 2741 ponuntur

79 2757 132 2808 filiae
145 2755 214 2820 gulae.

107 2919 149 2988 (1)
163 2919 242 2968 mdia
254 2917 325 2968 etiem
337 2929 377 2976 ou.
390 2917 420 2964 do
434 2917 510 2978 melo,
527 2919 573 2962 ert.
585 2913 611 2961 l.
