1934 3284
119 194 163 251 tt't
242 195 351 250 secunus
367 195 496 261 mmmm,
514 199 608 257 onasr.
624 207 681 262 xcv,
698 210 754 251 aur.
771 205 789 251 r.

118 290 188 341 etiam
199 287 268 351 siqui
278 286 373 338 ciectus
386 290 411 337 ut
424 288 448 337 iu
462 288 607 353 paucioribus
620 303 674 341 casu
689 290 793 341 cendunt
805 302 839 341 ex
853 295 937 343 uatu-

118 361 202 411 raiibus
218 359 306 422 causis,
325 370 365 424 per
384 359 585 411 considerationem
605 374 723 412 causarum
742 364 856 427 praenosci
878 378 937 415 non

118 434 226 496 possunt,
245 430 298 495 quia
315 442 393 481 eorum
409 444 481 483 causa
499 444 545 483 uon
562 432 647 483 habeut
659 433 830 484 inclinationem
846 436 938 487 deter-

118 504 226 553 minatam
241 505 269 553 ad
284 504 416 567 hujusmodi
433 504 545 566 effectus3
563 508 587 555 et
603 505 656 555 idco
674 506 768 556 eftectus
785 505 936 569 hujusmodi

117 574 229 639 praenosci
242 586 288 625 uon
304 578 414 640 possunt,
429 577 474 626 uisi
489 575 511 625 iu
524 576 606 641 seipsis
617 576 795 629 considerentur.
808 578 936 629 Homines

118 651 192 716 auum
202 647 332 711 hujusmodi
342 647 438 699 ciiectus
449 648 590 699 considerare
603 652 701 712 possunt
715 648 787 699 solum
801 650 858 700 dum
870 658 936 702 sunt

118 723 242 782 praesentes
251 757 260 783 ,
269 718 338 770 ‘sicut
352 718 403 769 oium
418 721 487 771 homo
506 720 569 770 uiuet
582 719 670 770 &rtem
687 733 774 771 currere
787 721 825 771 rel
844 723 937 773 ambu-

119 790 180 853 iare3
196 792 234 842 sei
252 790 394 842 considerare
414 790 545 855 hujusmodi
562 790 587 841 iu
600 792 695 855 seipsis,
713 794 835 855 autequam
851 792 917 843 flant
926 831 935 857 ,

121 867 156 913 est
167 863 207 914 iiei
221 864 348 928 proprium,
362 863 402 927 qui
413 864 475 914 sotus
485 864 508 912 iu
520 876 560 913 sua
570 862 698 914 aeternitate
708 862 772 914 ridet
780 877 807 914 ea
815 878 871 928 quea
887 864 937 914 iu-

121 938 171 985 tura
187 941 241 985 suut
261 936 326 1001 quasi
343 936 481 999 prasentia,
496 939 523 985 ut
541 935 564 985 iu
583 936 601 987 Ι.
622 935 724 990 habitum
746 940 781 987 est
796 938 864 1001 (qu.
882 941 935 1001 tt,

122 1012 164 1057 art.
177 1012 221 1069 ti,
235 1022 275 1072 qu.
288 1011 331 1068 es,
344 1011 388 1057 nrt.
399 1011 427 1068 a,
441 1020 480 1070 qu,
495 1012 538 1071 86,
554 1011 595 1058 art.
615 1008 655 1069 ii.
669 1007 733 1057 Unde
746 1006 830 1057 dicitur
847 1009 932 1067 lsai„

123 1078 171 1129 xit
187 1094 193 1127 ε
209 1095 222 1126 u
236 1079 436 1141 annuntiataque
449 1082 546 1129 ventura
560 1082 613 1129 suut
625 1079 773 1139 infuturum,
787 1083 811 1128 et
823 1078 937 1130 sciemus

123 1150 176 1214 quia
192 1150 223 1199 dii
238 1150 293 1200 estis
310 1162 360 1201 roe.
376 1165 389 1196 u
404 1148 429 1198 Si
443 1148 495 1212 quis
509 1162 564 1213 ergo
581 1150 712 1214 hujusmodi
724 1148 800 1199 futura
812 1161 936 1213 prenun-

123 1222 179 1271 tiare
193 1226 232 1271 aut
243 1232 383 1285 praenoscere
393 1233 537 1285 quocumque
546 1222 613 1272 morio
623 1220 807 1285 presumpserit,
819 1220 868 1272 uisi
882 1224 937 1274 Deo

123 1293 246 1353 revelante,
262 1292 380 1343 ruaniicsie
388 1297 481 1357 usurpat
493 1292 604 1356 sibiquod
615 1292 656 1343 liei
667 1296 711 1343 est.
727 1293 756 1342 Et
764 1305 791 1341 ex
800 1293 846 1342 troc
856 1293 938 1359 aliqui

124 1363 209 1413 diuini
221 1364 339 1428 dicuntur3
354 1366 415 1415 unda
425 1364 481 1414 dicit
492 1364 593 1415 isidorus
605 1364 630 1415 in
643 1363 701 1415 tuturo
716 1362 867 1427 Etymoiop.
885 1368 939 1426 turcl

125 1436 262 1499 oriciorum
272 1470 277 1489 ‚
289 1436 329 1487 lib.
345 1436 410 1499 titt,
423 1450 475 1501 cap.
488 1438 525 1499 9),
539 1438 563 1487 et
580 1448 632 1500 cap.
654 1437 741 1499 tqttnr
754 1434 779 1484 in
793 1432 936 1496 Decretis,

123 1504 195 1557 causa
214 1506 284 1555 xxti
295 1545 301 1568 ‚
314 1522 353 1571 qu.
367 1512 397 1557 i:
415 1524 429 1556 u
443 1507 521 1557 Diuiui
537 1506 592 1557 dicti
606 1506 673 1570 quasi
688 1508 735 1557 iieo
748 1505 826 1570 pleui3
844 1506 939 1558 divim-

123 1579 170 1627 tate
184 1577 244 1627 enim
259 1590 283 1628 se
299 1580 380 1644 plenos
392 1578 500 1629 simulant
511 1582 536 1628 et
548 1578 630 1628 astutia
639 1579 736 1641 quadam
749 1578 934 1645 mauduientiae,

124 1648 252 1699 hominibus
269 1650 344 1701 iutura
360 1651 499 1715 conjectant.
511 1667 525 1697 n
539 1649 656 1699 Divinatio
667 1662 722 1713 ergo
734 1662 781 1699 nou
793 1647 893 1714 dicitnr,
912 1652 934 1702 si

124 1720 176 1783 quis
192 1722 330 1785 pronuntiet
343 1736 369 1772 en
380 1734 430 1786 quae
441 1734 470 1771 er
479 1720 614 1771 necessitate
626 1720 736 1771 eueniunt
748 1721 784 1770 vet
799 1725 824 1769 ut
838 1720 864 1771 iu
874 1724 935 1786 piu-

124 1790 201 1853 ribus,
211 1806 261 1855 quun
274 1794 373 1843 humana
389 1792 474 1843 ratiorre
486 1792 598 1857 praenosci
610 1796 723 1856 possunt3
734 1804 809 1856 neque
822 1792 896 1842 etium
912 1796 935 1843 si

126 1865 177 1927 quis
190 1865 263 1914 iutura
275 1866 319 1914 alia
329 1864 499 1927 contingentia,
516 1866 563 1915 iico
575 1864 692 1915 reuelante
710 1868 833 1928 cognoscat
848 1881 855 1914 ε
871 1868 934 1916 tuuc

126 1935 187 1985 enim
202 1948 246 1985 non
262 1936 312 1999 ipse
326 1934 413 1985 divinat
430 1934 469 2001 (iri
482 1938 519 1985 est
532 1936 592 1999 quod
609 1936 710 1987 diuinum
729 1939 765 1987 est
776 1937 865 1999 iacit),
886 1941 934 1989 sed

126 2006 199 2068 magis
212 2008 272 2068 quod
290 2007 391 2057 divinum
407 2010 442 2056 est
459 2007 563 2072 suscipit.
585 2008 650 2057 Tunc
664 2013 740 2059 autem
753 2006 826 2059 solium
845 2008 935 2059 dicitur

75 2102 77 2115 ·
127 2076 244 2141 divinare,
259 2078 349 2141 quaudo
360 2076 402 2128 sibi
411 2076 514 2128 indebito
527 2079 595 2129 urcio
607 2084 701 2144 usurpat
714 2078 934 2145 praenuntiationem

127 2146 253 2199 futurorum
268 2148 401 2199 eventuum.
415 2149 463 2199 Hoc
472 2154 548 2199 autem
559 2153 648 2200 cousin
658 2164 710 2202 esse
718 2156 837 2216 peccatum
848 2167 854 2200 ε
866 2153 935 2203 uude

128 2218 238 2271 diuinatio
252 2233 341 2287 semper
358 2224 395 2271 est
414 2225 542 2285 peecatum.
558 2222 586 2271 Et
607 2227 700 2287 propter
716 2224 761 2282 troc
776 2222 936 2289 Hieronymus

128 2290 183 2342 dicit
196 2308 273 2358 super
287 2292 361 2345 Miri.
374 2292 438 2357 (cap.
452 2294 493 2357 3),
504 2292 565 2357 quud
580 2294 718 2345 «diuinatio
732 2308 823 2361 semper
839 2295 864 2345 in
880 2310 936 2347 ma-

129 2362 173 2413 iam
190 2371 278 2429 partem
295 2364 442 2429 accipitur.»

160 2436 193 2486 Ad
210 2437 306 2501 primum
321 2449 375 2501 argo
391 2434 523 2503 dicandum,
542 2438 603 2502 quod
618 2438 729 2491 diuinatio
746 2452 792 2490 uon
805 2439 888 2491 dicitur
903 2443 936 2492 ab

129 2507 232 2559 ordinatu
248 2510 421 2575 participatione
438 2509 534 2575 alicujus
551 2510 636 2574 diuini,
652 2512 692 2561 seu
706 2512 734 2561 ab
747 2510 849 2563 indebita
863 2526 936 2563 usur-

129 2580 229 2644 patione,
244 2586 269 2630 ut
278 2582 362 2631 dietum
376 2585 411 2633 est
426 2580 469 2647 (in
481 2596 544 2645 corp.
556 2582 625 2646 art).

162 2654 330 2704 sesecundum
347 2654 464 2706 dicendum
475 2694 482 2717 ‚
494 2655 554 2718 quod
568 2658 629 2706 artes
647 2655 750 2719 quedam
761 2658 814 2706 sunt
829 2656 859 2708 ad
869 2669 937 2724 prm-

130 2726 269 2777 noscendum
281 2726 369 2777 tuturos
385 2731 498 2789 eventus,
512 2727 552 2793 qui
562 2741 591 2778 ex
602 2728 736 2781 necessitate
750 2728 787 2781 sei
801 2730 937 2797 frequenter

131 2798 283 2863 proveniunt;
297 2810 348 2861 qua
363 2800 391 2849 ad
404 2799 566 2850 diuinationem
577 2810 623 2849 nou
639 2801 761 2864 pertinent.
774 2800 819 2852 Sed
834 2802 863 2853 ad
878 2804 936 2855 aiios

132 2871 219 2921 futuros
234 2873 328 2921 eventus
337 2872 506 2935 cognoscendos
517 2885 564 2922 uon
581 2877 635 2923 suut
645 2874 728 2936 aliqua
745 2886 806 2925 sera
820 2879 883 2928 artes
894 2890 937 2927 seu

36 2949 43 2967 ¹
132 2940 272 3008 disciplina,
284 2942 325 2994 scd
333 2940 426 2995 inlares
441 2947 465 2995 ei
478 2957 558 3009 aare,
567 2955 595 2995 es
608 2944 743 3010 dampnose
755 2946 886 2998 damonum
898 2947 937 2996 iu-
