1934 3284
305 175 338 214 B!
352 175 463 214 mmm
478 175 606 216 ΜΙΤΙΙΠΒ.
810 167 856 213 'm

55 254 80 304 el
96 257 111 302 s
123 251 147 314 i,
159 251 192 302 ilrl
202 254 238 303 eei
247 251 393 304 determinate
404 251 499 304 luxurie
509 252 613 316 species,
626 252 666 303 nbi
676 251 784 316 sneeinlis
796 253 856 306 ratio

54 323 207 375 delonnitulls
220 323 327 382 cuccurrit,
341 338 390 386 nnae
405 323 459 374 lecit
478 324 621 374 iudecnutenr
634 329 710 376 nulum
723 337 857 376 venereum.

54 396 119 454 Quuocl
134 395 224 458 uirilem
239 399 313 458 potest
328 409 378 447 esse
389 397 517 458 dupliciter.
535 396 687 459 Uno-nninern
702 397 784 455 molo,
799 398 853 460 noia

54 471 168 532 repugnat
185 466 266 516 rationi
285 471 350 518 rectae
366 483 371 517 :
385 469 446 532 quod
460 471 496 518 est
508 482 628 521 commune
641 469 666 517 in
676 469 740 518 ornni
750 468 807 518 vitio
820 468 855 518 ln·

54 539 138 590 xnriu.
150 539 199 589 llio
214 539 294 602 niodo,
307 539 440 602 quinctium
454 553 524 604 super
536 541 580 590 hoc
596 543 708 603 repugnat
725 539 770 603 insi
783 539 858 590 ordini

55 610 155 662 naturali
172 611 358 673 conculcetis,
377 612 417 675 qni
438 611 545 663 conuenit
558 614 663 662 humane
676 611 777 675 speciel3
797 611 857 674 quud

55 683 141 734 dicitur
152 684 247 732 vilium
255 687 342 734 contro
351 687 483 734 naturum.
494 684 558 742 Quod
568 682 659 745 quidem
669 686 744 746 polest
752 683 857 746 pluribus

56 754 133 804 modis
146 753 285 818 contingere.
300 755 349 806 Uno
361 755 452 819 quidem
471 756 538 805 rnodo
548 793 555 815 ‚
565 755 585 805 si
595 755 681 817 obsone
694 753 759 803 ornni
770 768 856 804 concn-

55 825 107 877 bilu
116 824 345 877 ceusldetcclatiunis
356 839 459 878 venereo
472 826 567 891 pulutio
576 829 709 889 procuretur
718 840 725 874 ι
734 826 793 889 qnod
805 839 857 890 per-

57 897 117 948 tinet
128 898 154 948 nti
171 902 286 962 peccatum
297 898 460 959 inurnunclltlae,
477 911 546 962 quern
558 897 651 961 quidem
664 896 801 954 mollitiem
817 911 858 949 vo·

55 972 121 1019 canl.
137 969 185 1020 tilio
199 970 280 1030 modo,
294 969 313 1019 si
324 969 363 1019 llel
376 983 417 1033 per
432 969 577 1020 concubitum
588 970 618 1020 erl
631 982 678 1018 reru
692 981 737 1019 nou
754 968 857 1032 ejusdem

56 1041 144 1106 speciei
158 1056 164 1090 ε
180 1042 240 1105 qrroll
254 1044 349 1091 utuntur
365 1040 516 1090 bestialitas.
533 1040 622 1099 Tertio,
634 1039 654 1090 si
667 1043 706 1090 titt
719 1053 761 1104 per
775 1053 859 1090 conen

56 1116 131 1164 biorn
144 1113 171 1163 ad
190 1127 236 1164 uon
251 1112 351 1164 debiturn
366 1126 458 1173 sexum
470 1112 525 1176 pull
534 1112 626 1162 masculi
638 1111 667 1161 tul
677 1112 811 1171 musculum,
819 1110 858 1161 uel

56 1184 159 1236 loentlnae
172 1184 345 1244 uoluminum
361 1187 386 1234 nt
400 1185 519 1248 Apostolus
539 1183 594 1234 dicit
607 1183 643 1232 ud
657 1184 738 1242 Rom..
752 1184 779 1242 1,
798 1183 860 1246 quet

57 1257 141 1306 dicitur
158 1257 341 1308 sodomiticum
354 1257 457 1306 ollium.
472 1256 572 1316 Quarti,
586 1255 607 1306 si
621 1269 666 1305 non
679 1260 781 1307 serretur
791 1260 860 1305 nuln-

56 1328 114 1380 ralie
128 1329 206 1380 nuutios
217 1327 394 1388 concumbendl3
407 1332 446 1378 ont
457 1330 567 1392 quantum
579 1327 608 1378 ei
625 1326 799 1376 inurunennn
815 1340 860 1377 nnn

56 1401 177 1462 debiturn,
193 1405 232 1450 out
244 1405 353 1464 quantum
366 1401 394 1450 nd
408 1399 463 1452 ulios
478 1403 635 1450 monstruosos
647 1402 672 1450 et
682 1398 790 1450 bestiales
804 1411 860 1450 con·

57 1471 181 1523 cumbercti
197 1473 283 1522 modos.

91 1545 125 1596 nd
142 1544 239 1608 primurn
257 1556 310 1608 ergo
323 1545 459 1606 dicentium,
475 1542 536 1607 qnid
547 1543 579 1593 ilri
593 1545 754 1594 enumerantur
770 1542 861 1606 specics

56 1616 168 1678 luxurie,
188 1629 238 1678 qutun
256 1629 303 1666 nnn
318 1620 445 1680 repugnent
458 1617 563 1666 humane
581 1618 683 1677 nature3
697 1620 720 1665 et
736 1614 788 1665 ideo
801 1623 859 1678 prul·

56 1687 157 1738 mittitur
171 1687 263 1736 uilium
277 1690 364 1738 contra
381 1691 514 1737 naturam.

90 1759 126 1808 nd
146 1759 271 1810 secundnm
287 1757 420 1820 dicendum,
434 1759 496 1823 quud
517 1756 643 1808 besinlitas
659 1757 736 1808 dillert
748 1756 762 1807 ir
774 1757 861 1807 molitio

56 1845 111 1897 qnae
123 1832 226 1881 unmeuae
244 1829 322 1880 uirtuti
337 1829 467 1894 opponitur,
479 1843 520 1894 per
532 1830 652 1893 quemdem
666 1842 783 1880 excessum
800 1829 860 1880 circe

55 1901 162 1954 eamdem
182 1901 310 1963 materiem
324 1906 348 1951 et
362 1901 414 1951 ideo
427 1901 455 1950 ed
472 1902 534 1951 idom
548 1914 620 1964 geone
634 1899 713 1950 renuet
727 1903 812 1964 potest.

91 1973 126 2022 Act
138 1973 228 2022 tertium
247 1973 380 2031 dicentium,
395 1971 456 2035 quid
469 1972 599 2022 luxuriosus
616 1983 662 2020 non
675 1970 774 2020 intendit
786 1982 861 2032 gene·

55 2045 170 2099 rationem
189 2046 325 2104 homonem,
340 2045 380 2094 sed
394 2045 567 2094 delectationen
585 2054 723 2102 veneream
737 2053 804 2105 qnam
820 2053 861 2104 po-

55 2124 106 2172 test
123 2117 204 2181 eliqnis
218 2115 316 2180 experiri
332 2115 381 2167 sine
395 2115 482 2166 actibus
497 2129 525 2165 ex
543 2115 626 2178 quibus
638 2114 743 2177 seqnitur
760 2114 861 2162 lrumnnr

55 2190 184 2256 generatio.
200 2191 230 2239 Et
246 2190 288 2239 hoc
307 2188 412 2252 estquod
424 2187 533 2251 queritur
544 2186 569 2236 in
581 2185 637 2236 nitio
650 2190 729 2236 contra
745 2187 860 2243 natantur.

348 2365 510 2418 ARTlCULUS
526 2365 574 2417 xit.

61 2496 152 2544 Utrum
162 2496 249 2540 uitium
259 2499 343 2542 contra
352 2499 468 2541 naturum
477 2497 510 2540 eit
517 2493 652 2540 marimum
666 2494 790 2553 peccatum
801 2491 865 2535 iuter

210 2566 214 2572 '
356 2561 442 2617 specics
457 2560 568 2605 luxuria.
700 2558 702 2565 '

93 2690 128 2743 ld
139 2689 298 2742 duodecimum
308 2691 341 2742 sic
352 2691 488 2755 proceditur.
498 2690 592 2740 Videtur
601 2686 663 2752 quiri
670 2688 764 2737 ollium
774 2692 864 2736 contro

57 2765 184 2815 naturum
196 2775 241 2812 non
258 2762 288 2812 sit
302 2762 424 2812 marinum
438 2765 557 2825 peccatum
571 2761 632 2810 inter
647 2757 737 2824 species
749 2757 862 2809 luxurie:

56 2833 135 2886 Tanto
147 2834 209 2884 eninr
221 2833 310 2897 aliquod
324 2838 442 2898 peccatum
453 2835 490 2882 cst
503 2831 608 2895 grauius,
622 2829 708 2895 querulo
722 2828 794 2892 nugis
807 2842 864 2879 eon·

57 2907 168 2956 treriotnr
186 2904 301 2958 clarinti.
315 2921 329 2954 u
346 2905 392 2956 sed
408 2904 481 2967 nugis
495 2905 602 2958 ridentur
614 2901 747 2954 cenomani
760 2899 864 2952 cherinti
