1934 3284
135 171 180 220 22⁰
246 179 356 220 snounoa
374 179 503 230 suenrus,
517 177 609 226 numer.
625 178 714 233 xovnr,
732 175 815 220 runt

136 259 181 310 soit
191 258 272 310 laisum
286 271 349 322 esse,
364 260 386 308 et
397 257 459 322 jurat
471 259 578 320 tanquam
589 269 669 308 rerum
682 257 753 321 sit3n
767 257 861 310 tertium
874 263 912 312 est
929 275 936 312 τ

137 347 151 377 u
160 331 190 380 lla
201 330 269 380 alium
282 330 322 393 qui
334 333 399 394 putat
410 341 461 380 esse
475 329 565 392 lamam,
580 331 603 378 et
612 329 676 393 jurat
694 333 800 394 tanquam
812 331 843 380 sit
854 345 939 383 verum

136 402 196 464 quod
205 401 262 451 forte
273 415 352 452 uerum
370 404 440 466 eat3n
455 402 538 464 dequo
551 403 630 464 postea
642 400 718 452 subdit
731 400 791 465 quid
807 419 821 450 u
830 403 943 468 perjurus

137 476 210 523 est.»
228 473 286 536 Ergo
305 473 386 538 aliquis
406 473 526 523 ueritatem
539 471 635 534 jurans,
650 475 724 536 potest
742 485 793 524 esse
811 474 940 541 perjurus3

136 557 182 595 nou
192 557 244 606 ergo
258 543 346 594 salsitas
359 543 478 608 requiritur
492 544 520 593 ad
534 542 668 606 perjurium.

168 615 213 666 sea
230 619 364 679 comment,
375 614 569 680 quodpertorium
579 614 750 667 diffinitoresse
765 634 779 664 a
790 619 940 670 mendacium

135 688 264 751 juramento
279 687 400 738 firmatum.
412 703 426 735 u

172 759 332 824 (Coucrusro.
343 787 374 798 -
383 757 479 810 Falsitas
490 760 613 823 juramentl
626 760 726 824 perjurio
740 761 870 813 essentialis
879 765 942 828 est.)

169 831 303 895 Respondeo
314 829 444 896 dicendum,
460 831 591 896 quodsum
605 831 767 894 suprldletum
776 836 811 882 est
826 837 882 897 [qu.
895 839 939 899 92,

138 905 180 952 art.
191 905 229 967 t),
245 904 339 955 morales
350 907 413 954 actus
423 917 452 954 ex
463 903 508 953 line
522 902 621 967 speeiem
635 902 766 955 sortiuntur.
779 902 845 954 Finis
857 909 940 956 autem

138 974 259 1037 juramenti
274 979 310 1026 est
325 975 464 1026 confirmatio
474 974 528 1025 dicti
540 972 648 1036 humani;
663 974 700 1023 eui
714 974 805 1037 quidem
816 976 942 1027 ‘coufirma-

136 1045 201 1096 tioni·
208 1046 294 1096 falsitas
304 1045 438 1110 opponitur,
448 1057 490 1110 per
497 1047 541 1096 lroe
552 1045 613 1094 euim
624 1045 768 1095 confirmatur
781 1045 872 1111 aliquod
889 1050 940 1099 die-

137 1119 186 1165 tum
205 1116 264 1181 quirat
275 1117 403 1168 ostenditur
419 1115 513 1168 firmiter
531 1129 583 1167 esse
597 1129 690 1177 uerum,
702 1117 761 1179 quod
779 1117 873 1181 quidem
893 1135 943 1170 uon

138 1190 213 1250 potest
223 1188 352 1252 contingere
366 1189 394 1239 ule
406 1201 433 1239 en
447 1189 506 1251 quod
520 1188 602 1238 laisum
613 1190 656 1238 est.
670 1188 734 1238 llnde
747 1187 834 1238 falsitas
850 1189 942 1244 ‹lireott

139 1263 232 1308 evacuat
245 1260 310 1309 tinem
322 1260 463 1323 jurameutl3
478 1262 502 1310 et
512 1263 605 1323 propter
619 1260 663 1308 lroe
677 1258 799 1310 llalsitate
819 1263 942 1327 precipue

138 1328 280 1392 specificatur
293 1331 429 1394 peruersitas
440 1331 574 1395 juramenti,
585 1342 635 1394 quae
644 1330 792 1394 perjurium
803 1329 901 1398 dicitur3
919 1339 943 1384 et

137 1398 188 1450 ideo
199 1399 286 1450 falsitas
302 1404 336 1451 est
350 1401 378 1452 de
389 1401 475 1452 ratione
489 1401 591 1466 perjurii.

171 1471 205 1520 lul
222 1470 318 1535 primum
333 1485 386 1535 ergo
405 1471 540 1535 dicendum,
554 1471 614 1536 quod
628 1471 690 1522 sicut
703 1472 856 1538 Hieronymus
867 1475 943 1541 dicit,

139 1543 241 1600 terem„
258 1543 470 1608 1V‚quodeumque
489 1545 580 1595 illorum
597 1544 668 1594 trium
683 1543 794 1608 deluerit,
812 1547 944 1610 perjurium

139 1617 186 1674 ast,
202 1626 247 1663 non
262 1617 337 1664 tamen
350 1615 428 1666 eodem
443 1617 531 1667 ordine.
546 1615 591 1666 Sed
604 1614 678 1679 primo
692 1615 782 1679 quidem
792 1617 945 1684 etprincipa-

140 1684 191 1734 liter
202 1684 326 1748 perjurium
344 1689 379 1736 est
393 1687 482 1750 quando
502 1686 566 1737 deest
584 1688 680 1736 veritos
695 1686 783 1736 ratione
800 1685 850 1749 jam
869 1689 944 1741 dicta.

140 1753 276 1805 secundario
293 1761 367 1808 autem
376 1795 384 1822 ,
400 1757 490 1821 quando
506 1758 570 1808 deest
577 1757 703 1821 juutttto;
721 1771 864 1820 quocumque
878 1762 945 1812 enim

141 1825 207 1876 modo
218 1825 268 1889 quis
276 1827 339 1890 jurat
351 1827 469 1888 illicitum,
485 1841 513 1877 ex
525 1829 569 1877 lton
578 1828 628 1892 ipsu
638 1828 759 1878 salsitatem
771 1827 876 1893 incurrit,
888 1834 942 1895 quia

141 1895 252 1960 obligatus
274 1902 310 1948 est
330 1898 358 1948 ad
376 1900 420 1948 huo
439 1898 500 1963 quod
522 1901 657 1949 eontrarium
677 1899 753 1950 faeiat.
777 1894 855 1952 Tertio
876 1905 944 1967 vert,

141 1969 229 2031 quaudo
250 1969 314 2019 deest
325 1969 475 2033 judicium,
490 1969 544 2034 quia
563 1971 615 2020 cium
631 1969 751 2022 indiscrete
760 1971 836 2035 jurat,
852 1986 883 2023 ex
899 1978 945 2026 hoe

140 2038 191 2102 ipso
204 2039 306 2104 periculo
320 2053 344 2091 se
359 2039 479 2092 committit
492 2042 614 2093 falsitatem
627 2042 764 2094 incurrendi.

174 2111 208 2160 ad
224 2112 346 2162 secundum
361 2111 478 2163 dicendum
487 2151 493 2174 ‚
503 2113 563 2177 quod
572 2113 683 2178 principia
699 2114 723 2163 in
735 2114 876 2178 syllogismis
891 2123 947 2169 sunt

141 2181 239 2246 potiora,
254 2187 361 2248 tanquam
373 2184 479 2234 habentia
494 2184 603 2235 rationem
617 2185 685 2235 activi
698 2184 812 2249 principii,
824 2188 851 2235 ut
859 2189 947 2240 dieitm·

140 2254 165 2304 in
179 2255 199 2305 ll
211 2256 308 2320 Pityaia.
327 2257 394 2320 (text.
416 2259 474 2318 89),
486 2257 525 2306 vel
537 2254 562 2305 in
577 2257 587 2305 Ι
601 2257 696 2306 Postea.
713 2259 783 2318 (text.
804 2256 847 2324 5);
862 2261 905 2310 seul
921 2263 947 2310 in

142 2327 265 2376 moralibus
279 2327 365 2377 actibus
379 2324 525 2391 principalior
541 2331 577 2378 est
590 2326 642 2376 llnis
656 2326 722 2390 qulam
733 2327 873 2392 principium
886 2331 947 2380 aeti·

141 2409 205 2445 uum.
221 2398 250 2446 Et
263 2397 327 2462 ideo,
342 2397 396 2448 lielt
413 2396 442 2447 sit
459 2411 592 2460 perversum
609 2398 776 2462 juramentum,
789 2401 884 2462 quaudo
898 2403 946 2452 ali-

142 2467 193 2530 quis
208 2481 284 2518 uerum
297 2470 360 2532 jurat
375 2468 500 2534 perfalsus
517 2470 585 2534 deos,
600 2471 718 2521 tamenab
736 2471 774 2520 illa
791 2474 947 2535 peruersitate

139 2539 262 2602 juramenti
275 2541 424 2605 perjurium
443 2553 490 2591 non
505 2542 646 2605 nominatur,
665 2543 726 2606 quod
745 2542 804 2592 tollit
816 2540 947 2605 juramenti

142 2610 209 2660 ssnem
223 2611 305 2662 lalsum
320 2612 423 2673 jurando.

174 2685 206 2732 llul
225 2683 314 2734 tertium
328 2684 463 2746 dicendum,
478 2682 539 2749 quod
550 2687 614 2736 actus
623 2684 719 2737 morales
733 2685 860 2750 procedunt
874 2688 888 2739 iu
903 2703 945 2742 vo·

142 2753 242 2818 luntate,
256 2754 321 2818 nujus
332 2754 447 2818 objectam
461 2761 496 2806 est
506 2757 590 2806 bonnm
604 2757 780 2820 apprehensum.
798 2757 827 2807 Et
841 2758 909 2824 ideo,
925 2762 945 2812 si

143 2823 225 2874 falsum
239 2826 420 2888 apprehendatur
432 2830 457 2878 ut
468 2840 562 2890 verum,
574 2828 618 2877 erit
629 2829 720 2892 quidem
733 2830 845 2894 (relatum
859 2833 889 2883 ad
905 2848 946 2885 uo-

143 2895 275 2962 luntatem)
294 2895 437 2948 materialiter
455 2897 553 2962 tamum,
566 2895 690 2952 formaliter
708 2904 786 2954 autem
802 2911 902 2974 aerum3
925 2905 947 2962 st
