1934 3284
79 214 83 219 .
279 179 309 216 nu
323 179 430 220 sermo
443 179 488 218 eun
507 179 641 226 nounsru.
813 169 856 218 ttt

59 254 132 318 legen
143 252 260 316 terentem
272 268 341 319 quem
356 255 472 306 tamenin
484 255 597 320 aliquibus
612 255 808 309 msibnseervnse
823 263 859 310 est

58 331 137 378 nontse
147 325 299 391 equalitatem
307 327 419 392 justitie,
429 330 454 378 et
463 331 541 379 rosus
550 341 670 380 commuue
683 329 784 393 bonurn,
795 331 857 394 quod

56 398 94 449 len
103 397 205 449 intendit
220 414 227 448 2
241 398 302 449 sicut
313 400 350 449 lex
362 399 461 450 iutituit
476 399 537 463 qnbd
549 399 652 464 deposito
661 400 791 464 reddentur,
803 401 857 465 puin

55 470 108 533 boe,
118 473 145 520 ut
153 469 299 534 inpluribue,
306 471 393 534 justrrm
400 475 445 522 est
458 470 576 532 Contingit
585 474 660 521 umen
670 470 791 534 aliquando
804 485 858 524 esse

57 541 179 601 uotiuum,
193 540 250 605 pntb
268 541 288 591 si
303 542 403 594 turiosue
423 541 529 606 deposuit
541 542 677 604 gludiumet
689 555 740 592 eum
756 549 861 608 reposcet

58 612 113 662 dum
124 617 161 662 eet
172 612 198 663 in
213 613 284 676 turim
300 615 336 664 sel
348 613 370 664 ei
386 613 468 678 uliquis
481 617 588 677 reposcat
602 612 729 677 depositum
741 614 769 664 ed
779 615 859 678 putrie

56 685 264 749 impugnationem.
281 687 307 735 ln
326 686 363 739 bie
381 700 435 750 ergo
451 690 476 736 et
488 685 602 736 similibus
618 684 710 737 casibus
722 687 807 736 iudum
824 691 860 738 est

56 757 125 821 sequi
140 757 217 820 logum
229 757 440 820 positam-bonon
459 761 536 808 auteur
553 761 588 808 est
606 756 765 820 pretermissis
783 757 859 808 uerbis

54 828 129 892 legis,
145 829 211 892 sequi
224 828 248 878 id
261 829 322 892 quod
334 829 408 892 pontit
417 829 516 894 justitie*
523 828 580 878 ratio
591 833 615 878 et
622 827 749 878 eommunis
763 827 858 880 oddus.

56 901 86 949 Et
95 901 124 950 ud
139 901 185 950 boe
197 900 418 964 ordiunturepiikeiu
428 939 435 962 ‚
444 913 496 963 pue
511 900 571 964 apud
586 913 628 950 nos
640 897 720 950 dieitur
733 902 858 964 nequitus:

54 973 119 1022 unde
132 974 197 1035 putet
207 969 267 1036 qubd
281 970 381 1036 epiikoia
394 976 430 1022 eet
444 972 526 1022 uirtus.
704 1012 706 1024 .

89 1043 125 1092 ld
134 1041 235 1107 primum
245 1057 300 1107 ergo
311 1042 440 1106 moun,
447 1042 508 1106 dudd
518 1042 617 1108 epiikeia
628 1054 675 1092 uon
683 1041 766 1092 deuedt
772 1043 860 1106 iudum

59 1113 217 1178 simpliciter,
231 1114 272 1165 sed
285 1114 374 1178 justum
392 1115 455 1177 qnod
475 1119 512 1164 est
534 1115 584 1178 lege
604 1111 794 1173 determinatum
818 1127 861 1165 neu

57 1185 128 1234 etium
148 1184 271 1249 opponitur
288 1185 421 1245 seueritati,
434 1199 487 1248 que
504 1185 607 1249 sequitur
627 1184 746 1234 veritatem
766 1184 822 1248 legis
837 1185 861 1234 in

57 1256 144 1320 quibus
156 1260 257 1320 oportet.
266 1257 337 1322 Sequi
347 1260 424 1308 sutem
435 1258 505 1308 verbu
514 1256 572 1320 lupis
581 1256 605 1306 iu
615 1256 696 1320 quibus
705 1269 752 1308 non
763 1260 861 1320 oportet,

56 1329 168 1380 utioeum
180 1333 225 1379 est.
239 1329 304 1380 Unde
323 1329 406 1380 dieitur
418 1329 442 1378 iu
454 1329 510 1380 Cod.
527 1329 564 1378 De
583 1328 680 1390 tepibue
698 1333 722 1377 et
742 1329 863 1378 cunstitu-

58 1400 170 1450 ltonibus
181 1401 332 1465 Principum
348 1400 390 1464 (ut
398 1400 480 1465 suprbl
495 1415 524 1450 :u
533 1401 584 1452 Nou
593 1398 686 1450 dubium
699 1400 772 1450 estin
785 1401 860 1463 legero

57 1472 203 1524 committere
215 1487 270 1523 enm
282 1474 321 1537 qui
334 1474 405 1524 serbe
418 1473 476 1536 legio
489 1473 619 1537 amplexus,
637 1474 715 1522 contra
726 1471 863 1535 legislatoris

57 1543 139 1594 nititur
151 1545 302 1596 voluntatem.
318 1561 333 1594 u
650 1567 660 1590 ι

89 1618 126 1668 Ad
141 1618 268 1667 oeeuuduru
278 1617 414 1678 dicendum,
426 1616 534 1680 quddille
544 1616 572 1666 de
583 1615 634 1679 lego
643 1615 742 1680 judium,
757 1614 797 1679 qui
807 1614 863 1665 didit

56 1701 110 1738 earu
124 1700 174 1738 uon
191 1699 241 1738 esee
259 1687 317 1739 bend
328 1688 445 1754 potitam
460 1687 501 1751 qni
516 1687 571 1738 verb
589 1687 644 1737 dicit
658 1687 728 1738 verba
745 1686 802 1750 legis
817 1697 861 1736 uon

58 1772 111 1811 esee
124 1759 152 1809 in
161 1760 270 1810 boeemu
281 1761 401 1820 oennndn,
414 1773 462 1811 non
472 1759 562 1825 judium
574 1760 602 1809 de
618 1760 668 1822 lege
676 1797 684 1821 ‚
692 1758 733 1808 sed
746 1759 773 1808 de
787 1757 863 1822 aliquo

58 1831 190 1895 particulari
203 1830 296 1894 reporto
308 1832 369 1895 quod
380 1831 485 1882 omurrit.

91 1903 126 1952 bd
135 1901 228 1952 tertium
238 1901 373 1965 timendum,
381 1903 442 1966 putu
455 1902 612 1968 interpretatio
624 1903 698 1952 loonm
709 1901 777 1952 hebet
785 1901 811 1951 iu
820 1899 864 1950 dn·

58 1973 119 2036 biis,
137 1972 162 2022 in
179 1973 264 2036 quibus
280 1974 397 2024 nonlicet
415 1975 502 2038 absque
511 1972 702 2029 determinatione
721 1970 831 2038 principie
851 1969 864 2019 d

59 2045 136 2095 rerbte
146 2042 206 2107 lepis
221 2045 337 2096 recedere.
344 2044 390 2094 Sed
401 2045 426 2096 in
434 2044 565 2097 manifestio
578 2057 624 2096 nou
635 2049 671 2094 est
680 2057 738 2108 opus
751 2044 864 2106 iuterpre

59 2115 163 2181 tutione,
178 2116 220 2168 eed
233 2115 377 2167 exeuntioue.

348 2295 510 2347 bRTlCULUS
525 2295 553 2345 11.

170 2419 182 2438 '
259 2419 455 2478 urrumepttketo
464 2421 496 2464 eit
504 2417 679 2476 pursjootttirs.

93 2556 128 2607 ld
145 2553 272 2606 seeundum
288 2552 324 2604 do
336 2552 477 2617 proceditur.
491 2551 587 2602 Videtur
602 2547 663 2613 qubd
674 2546 772 2612 epiikeis
782 2559 828 2597 uon
838 2544 868 2596 eit

61 2641 114 2692 pers
123 2625 230 2693 justitie.
244 2627 275 2676 tlt
285 2625 348 2676 euim
358 2637 388 2674 ex
397 2623 466 2689 supr'u
478 2623 546 2674 dietis
555 2621 641 2687 putet(
656 2633 696 2684 qu.
705 2624 746 2682 tt,
759 2621 804 2668 art.
817 2621 866 2676 tto

62 2704 85 2750 et
95 2700 131 2764 t),
145 2697 232 2763 duplex
251 2701 287 2747 eet
297 2696 403 2760 inentia,
417 2707 463 2745 uns
480 2691 639 2758 particularis,
655 2691 699 2742 elia
710 2690 800 2753 legatie.
819 2689 864 2739 bed

63 2770 157 2835 epiikeiu
170 2782 218 2819 nou
230 2772 270 2818 est
279 2780 334 2832 pure
341 2765 438 2831 iustitie
446 2764 604 2829 portionarii,
612 2763 666 2828 quin
680 2775 706 2814 se
720 2760 822 2812 extendit
837 2759 865 2808 ud

64 2853 144 2893 omues
163 2839 275 2897 dmum,
287 2839 345 2890 siout
359 2841 384 2888 et
396 2836 487 2901 justitie
503 2835 597 2900 legulie3
613 2833 718 2886 similiter
733 2831 804 2883 etiem
819 2843 867 2882 uon

64 2918 96 2965 eet
111 2925 165 2980 pens
178 2910 278 2976 §uetitisr
295 2910 389 2975 epuns,
406 2907 460 2972 quis
472 2911 580 2972 operum
596 2905 720 2972 proterit
736 2903 796 2966 quod
817 2901 868 2962 tsge
