1934 3284
119 82 166 131 m
222 87 778 140 samanasncnrnn,oum.m1rv‚aar.
798 92 829 127 ra.

122 185 136 215 a
150 167 288 232 impossibile
302 170 337 216 est
351 166 415 216 uobis
428 166 571 231 superlucere
590 165 693 215 divinum
704 166 815 229 radium,
831 167 877 217 nisi
888 180 925 214 va-

119 240 198 289 rietate
212 252 325 289 sacrorum
339 239 476 289 velaminum
498 237 695 287 circumvelatum.
705 254 720 284 u
733 239 781 288 Sed
796 242 923 303 prophetica

119 313 225 361 revelatio
239 312 263 359 nt
277 324 317 374 per
333 310 498 360 immissionem
517 309 590 358 divini
605 312 672 360 mdii.
682 312 745 373 Ergo
759 312 857 363 videtur
874 312 923 375 quii

120 396 165 435 noa
181 384 253 447 possit
266 396 317 433 esse
331 383 416 445 absquo
433 384 619 445 phantasmatum
635 384 806 434 velaminibus.

150 456 195 505 Sed
208 460 285 505 oontm
295 458 346 516 est,
357 456 416 517 quod
426 455 504 503 Glossa
517 453 571 503 dicit
581 453 606 503 in
615 454 733 519 principio
747 457 861 505 Psalterii
873 457 923 518 εεει

121 527 184 576 arillo
199 527 280 577 mortus
293 527 417 590 prophetie
428 524 516 575 caeteris
527 528 562 573 est
576 524 675 586 dignior,
691 528 789 589 quando
804 529 892 578 scilicet
901 542 923 576 er

120 600 167 649 sola
184 599 281 662 Spiritus
301 597 373 648 sancti
393 597 555 661 inspiratione,
568 603 657 647 remoto
676 598 743 647 omni
764 600 876 649 exteriori
895 602 924 647 art-

120 670 228 721 miniculo
246 670 313 732 tacti,
327 670 364 719 vel
385 669 455 731 dicti,
474 669 510 717 vel
529 667 643 733 visionis,
657 669 697 719 vel
715 671 808 720 somnii
820 711 826 734 ‚
838 676 925 737 proptre-

120 746 214 792 tatur.»

152 814 312 877 (Conmnsro.
321 838 352 850 —
365 813 498 876 Prophetis,
513 824 555 876 per
568 824 636 876 qnam
652 815 846 877 snpematnralis
856 817 926 865 veritas

120 886 259 949 conspicitur
279 885 403 935 secundlrm
415 884 590 935 intellectualem
604 884 741 945 veritatem,
760 888 836 951 longe
849 888 927 949 dignior

120 962 154 1007 εει
169 956 207 1005 itta
218 958 241 1005 in
253 968 297 1020 qua
315 956 492 1020 supernaturalia
509 956 594 1004 veritas
605 956 733 1005 innotescit
746 971 795 1021 per
808 960 927 1009 similitudi-

121 1042 172 1079 nem
193 1042 268 1079 rerum
281 1028 430 1091 corporalium
442 1026 565 1077 secundnm
578 1027 740 1091 imaginariam
754 1031 900 1093 visionem.)

152 1102 287 1166 llespondeo
307 1101 441 1155 dicendam.
459 1098 518 1163 qnod
539 1098 638 1158 nimitas
656 1111 739 1148 eorum
760 1116 818 1165 que
836 1111 888 1152 sant
905 1115 926 1148 ar.

120 1173 190 1223 llnem
211 1170 326 1237 praecipue
339 1172 494 1222 consideratur
510 1182 539 1221 or
552 1170 607 1221 tine.
621 1171 688 1221 Finis
707 1176 790 1223 antem
812 1175 926 1239 prophetis

120 1250 156 1295 εει
170 1246 321 1294 manifestatio
336 1245 431 1306 alicujus
449 1244 553 1293 veritatis
565 1256 633 1307 supra
647 1242 771 1293 bominem
792 1248 926 1297 existentis:

120 1317 180 1367 node
193 1316 277 1379 quanto
288 1316 418 1379 bnjusmodi
429 1315 583 1365 manitestatio
593 1319 629 1365 est
636 1314 724 1378 potior,
736 1317 809 1369 manto
818 1319 926 1382 prophetin

121 1396 155 1438 εει
168 1388 264 1449 dignior.
281 1387 427 1436 Manifestum
442 1390 476 1436 est
496 1391 570 1435 εειειε
589 1386 652 1450 qnod
671 1387 842 1441 manifestatio
857 1393 925 1440 diuma

121 1460 236 1521 veritatis,
251 1473 301 1521 quae
315 1459 339 1507 tlt
350 1472 390 1520 per
403 1459 487 1508 nudam
501 1455 719 1521 contemplationem
732 1458 817 1522 ipsius
828 1462 926 1518 veritate³

121 1531 195 1597 potior
205 1534 240 1579 εει
249 1530 315 1593 quim
327 1528 363 1578 illa
372 1542 422 1593 quaa
433 1530 458 1579 ιιι
465 1531 508 1579 snb
516 1528 663 1578 similitudino
672 1532 839 1593 corporalium
849 1547 926 1583 rerun:

121 1602 193 1663 magis
206 1602 266 1650 enirn
277 1601 444 1664 appropinquat
454 1602 480 1650 ad
495 1600 606 1650 visionem
617 1603 714 1665 patriae3
726 1606 866 1655 mcundvbm
874 1618 926 1669 quan

120 1671 144 1721 in
153 1672 253 1721 essentia
267 1672 305 1721 [lei
319 1673 403 1721 veritas
417 1672 563 1735 conspicitur.
576 1672 604 1720 ιιι
615 1672 669 1721 inde
683 1677 722 1722 est
738 1675 806 1736 oubd
820 1679 924 1741 propbetas

120 1756 162 1809 per
174 1756 243 1808 εεεεε
262 1743 335 1807 ειιεεε
350 1745 530 1807 supernaturalis
543 1743 627 1794 veritas
644 1744 796 1807 conspicitur
814 1749 926 1798 secontia

120 1815 293 1867 intellectualem
307 1816 431 1875 visionem,
449 1820 484 1865 εει
501 1815 589 1878 dignior
601 1814 670 1877 quim
692 1816 733 1865 illa
748 1816 776 1867 in
792 1823 926 1883 quarreria

120 1889 299 1953 supernaturalis
314 1887 470 1937 manilestatnr
481 1899 521 1950 per
536 1886 709 1936 similitudinem
724 1894 927 1953 corporaliumne

121 1972 171 2010 rum
186 1959 310 2010 sacunoirm
329 1959 486 2021 imaginariam
499 1958 619 2007 visionem.
631 1959 659 2007 Et
672 1971 701 2008 oa
711 1960 760 2009 troo
771 1964 849 2014 etiarn
864 1972 927 2014 osten·

121 2031 183 2081 tlltar
204 2042 269 2081 mens
289 2033 404 2095 propbeta
420 2030 538 2080 sublimior
560 2029 640 2078 :sient
658 2030 684 2078 in
705 2030 819 2085 doctrina
839 2038 927 2085 bumana

121 2102 208 2153 auditor
222 2104 348 2153 οειεεειιεε
358 2114 408 2152 essa
424 2102 526 2151 melioris
535 2100 665 2151 intellectus
677 2102 717 2165 εει
728 2105 863 2157 veritatem
871 2110 926 2157 intel

121 2173 231 2237 ligibilem
251 2173 264 2223 a
281 2174 389 2237 magistm
410 2172 472 2224 nude
486 2174 595 2236 prolatam
609 2186 690 2236 mpero
701 2178 801 2239 potest,
816 2180 886 2241 εειει
896 2181 926 2227 itte

119 2246 159 2311 εει
173 2246 262 2309 indiget
277 2246 421 2297 sensibilibus
442 2245 553 2309 exemplis
568 2246 597 2293 art
610 2247 654 2294 boc
669 2247 809 2299 manuduct.
829 2254 893 2302 Unde
908 2253 926 2298 ir

121 2318 339 2369 commendationem
355 2309 481 2381 prophetiae
501 2316 571 2366 llavid
594 2317 675 2366 dicitur
691 2319 720 2367 tl.
745 2320 821 2385 ileo„
838 2324 924 2373 xnttt:

122 2404 136 2436 ε
147 2390 202 2439 llilrl
214 2390 302 2439 locutus
315 2395 351 2439 ost
360 2390 424 2439 tortis
434 2388 512 2439 lsrael.
524 2404 537 2435 u
548 2389 577 2437 Et
587 2394 669 2452 postea
677 2390 758 2440 subdit
771 2408 778 2441 ε
792 2410 809 2441 ε
819 2395 925 2445 Sicutlur

120 2472 206 2511 aurora
222 2462 310 2512 oriente
324 2462 448 2511 solomano
464 2459 549 2523 absque
561 2460 658 2511 nubibus
678 2463 768 2512 rutilat.
786 2481 801 2512 a

152 2533 185 2581 Ad
195 2532 291 2596 primum
306 2546 359 2596 crgo
373 2532 508 2595 dicendum,
519 2531 579 2595 qudo
595 2534 686 2595 quando
699 2533 779 2596 aliqua
794 2544 925 2601 supernatu-

120 2603 175 2652 ralis
191 2605 274 2653 vertes
290 2606 409 2655 revelanda
427 2608 462 2653 εει
475 2617 517 2667 per
531 2603 692 2654 similitudines
710 2609 861 2672 corporales,
877 2615 923 2657 tunr

121 2673 195 2731 magis
209 2678 243 2721 εει
258 2676 367 2738 pmpheta
379 2675 418 2737 εει
436 2678 557 2737 utrumqne
570 2675 639 2725 habet
652 2676 757 2736 (scilicet
771 2678 852 2730 lumen
864 2681 923 2730 intel-

122 2740 216 2791 lectuale
230 2747 253 2791 et
264 2744 419 2809 imaginariam
431 2745 556 2809 visionem)
569 2746 637 2809 qulam
648 2748 686 2797 ille
697 2748 738 2811 qui
747 2749 822 2800 habet
833 2754 921 2801 alterum

121 2808 209 2856 tantbm
221 2826 228 2872 3
240 2814 294 2875 quia
310 2816 430 2879 perfectior
444 2819 479 2866 est
499 2818 619 2881 prophetia
639 2834 646 2869 :
667 2823 691 2869 ot
703 2824 818 2882 omnium
838 2823 867 2875 ad
885 2825 920 2873 boc
