1934 3284
132 218 162 272 ts
228 233 335 295 secunus
349 233 472 282 sucorum,
488 231 581 278 oonsr.
597 230 701 280 nurui,
718 231 772 270 uur.
788 231 830 270 cu.

129 309 189 360 sicut
202 309 331 361 neccssaria
345 309 373 360 ud
388 307 563 362 indeficientium
582 307 734 374 impetrandi;
749 307 857 371 contingit
864 307 928 360 euim

130 382 264 445 quaudoque
273 381 333 446 qudd
343 380 414 432 oratio
423 394 464 446 pro
474 379 518 432 ulio
529 382 590 432 tuoto
600 392 647 430 non
659 379 780 445 impetrat,
793 378 880 430 mamni
889 381 931 432 tiat

129 451 168 516 pid
182 456 205 502 et
219 455 393 517 perseveranter
411 456 434 503 et
448 453 475 502 de
489 451 657 516 pertinentibus
671 452 698 501 nd
717 450 827 510 sulutem,
838 455 932 515 propter

128 522 316 586 impedimentum
329 525 390 588 qnod
404 527 438 574 est
456 537 485 574 ex
498 526 563 587 perte
577 525 626 587 ctus
638 534 679 585 pro
693 534 738 584 puo
753 524 835 582 oretur,
845 533 930 572 secun-

129 593 183 645 diuu
196 595 251 646 iliud
265 597 345 651 Hier..
356 595 396 646 XV
409 611 416 644 τ
433 593 482 646 usi
493 595 599 645 steterint
616 593 706 658 Moyses
717 595 740 642 et
750 591 840 641 Semnoi
851 605 932 645 corum

129 678 180 726 me,
194 669 287 716 nonest
300 666 375 716 auimo
386 678 436 716 meu
450 665 479 716 ad
492 664 601 730 poputum
615 663 718 714 istum.»
733 661 884 714 Ninniomiuus
894 667 935 714 tn·

129 748 182 786 meu
193 735 264 786 unctio
282 735 395 786 meritoria
409 735 452 786 erit
465 735 539 786 oranti
555 733 595 798 qui
607 730 636 784 ex'
650 733 760 784 cornute
775 734 836 796 orit,
847 743 935 785 secun-

129 804 182 856 dim
197 805 250 856 iltud
261 806 357 857 Poulm.
372 806 480 858 XXXIV:
495 822 510 853 u
520 806 596 856 Oratio
610 817 661 855 mea
671 804 696 855 in
711 805 763 855 sinu
772 814 822 860 meo
835 817 937 856 couver-

128 879 225 934 tetum»
237 878 278 929 Ubi
288 879 383 930 Glossu:
398 893 412 925 u
426 878 450 927 ld
464 881 515 940 est,
530 877 576 927 etsi
588 889 635 927 nou
649 876 682 926 eis
695 875 781 942 prosit,
794 887 836 938 ego
849 879 934 930 tamon

129 959 175 998 uou
190 959 240 998 sum
258 949 378 1000 trustrntus
395 947 446 998 mei
463 947 576 998 mercede,
591 964 607 994 u

160 1020 195 1070 nd
203 1020 296 1070 tertium
308 1020 442 1080 dicendum,
453 1018 590 1082 quodetiam
602 1031 644 1082 pro
654 1015 812 1081 peccatoribus
822 1019 938 1073 orandum

128 1093 177 1154 est,
187 1095 212 1140 ut
221 1094 391 1152 concertandum
402 1093 425 1140 et
434 1103 474 1152 pro
484 1090 567 1154 justis,
576 1093 789 1153 otpersecerentet
798 1089 934 1152 proficient.

128 1163 223 1212 Orontes
236 1165 312 1212 tomen
324 1175 370 1211 nou
383 1174 424 1226 pro
443 1161 550 1211 omnibus
559 1160 715 1225 peccatoribus
726 1159 879 1211 exaudiuntur
894 1167 940 1216 sed

128 1231 311 1296 proquibusdam
320 1248 325 1280 ι
334 1231 488 1282 exaudiuntur
497 1231 609 1296 euimpro
620 1231 795 1296 praedestinatis,
803 1243 848 1281 nou
856 1237 942 1286 nutem

128 1314 169 1366 pro
181 1302 290 1364 prescitis
301 1303 328 1352 ad
340 1305 443 1361 mortem,
460 1302 520 1352 sicut
532 1302 599 1352 etism
609 1302 717 1353 correctio
730 1314 775 1368 qua
788 1303 868 1353 naues
879 1318 939 1356 cor-

127 1372 234 1438 rigimus,
252 1373 356 1424 effectum
374 1373 444 1426 habet
461 1374 486 1426 in
499 1373 665 1438 praedestinatis
683 1384 730 1425 non
745 1375 771 1424 iu
784 1374 938 1442 reprobetis,

129 1442 254 1494 secuudim
274 1443 328 1495 iilud
347 1444 512 1499 Ecclesiaste,
529 1445 567 1495 vll
582 1461 589 1494 ε
603 1461 618 1492 «
633 1445 705 1496 Nemo
720 1449 797 1510 potest
816 1445 940 1510 corrigere

128 1527 196 1578 quem
209 1515 272 1566 Deus
289 1516 424 1579 despexerit.
440 1531 455 1563 n
469 1518 499 1567 Et
512 1517 563 1568 ideo
577 1515 658 1566 dicitur
671 1517 690 1566 1.
705 1514 820 1581 touu.,tt
835 1531 840 1564 :
861 1520 942 1579 «Qui

127 1589 173 1638 sort
184 1587 276 1637 tratrem
290 1601 356 1638 suuni
370 1599 462 1651 peccare
476 1591 573 1652 peccato
585 1598 631 1638 uon
650 1589 678 1639 ad
692 1591 787 1638 mortem
797 1591 898 1654 ,·petnt‚
919 1599 949 1645 et

128 1658 218 1708 debitur
229 1659 251 1710 ei
269 1659 316 1708 vita
329 1657 434 1722 peccanti
449 1663 567 1724 peccatum
582 1673 627 1710 uon
641 1660 668 1710 ad
678 1662 788 1722 mortem3
799 1662 863 1710 ›tsed
873 1662 948 1717 'sicut

129 1730 187 1780 nulli
204 1730 309 1794 quamdiu
320 1729 380 1780 uiuit
396 1729 451 1794 nic,
467 1731 643 1782 subtrahendum
653 1734 689 1782 est
700 1729 849 1782 correctionis
860 1732 945 1786 bene-

127 1799 213 1864 ficium,
225 1801 278 1864 quin
293 1813 339 1851 nou
355 1815 474 1866 possumus
485 1803 659 1867 predestinatos
678 1800 817 1866 distinguere
831 1801 844 1853 d
856 1817 947 1868 repro-

127 1871 201 1930 batis,
217 1875 243 1922 ut
258 1871 396 1936 Augustinus
413 1873 468 1924 dicit
482 1874 507 1923 in
521 1874 561 1924 tio.
580 1875 618 1923 De
631 1875 790 1937 correptione
799 1877 825 1923 et
843 1882 944 1939 pratia

129 1943 195 2008 (cup.
210 1943 253 2008 u),
264 1944 296 1994 itu
307 1945 376 1994 etiam
387 1945 441 1994 nulii
453 1949 489 1996 ost
499 1945 656 2008 denegandum
668 1945 777 1996 orationis
786 1946 944 2012 suffragium.

127 2013 172 2064 Pro
183 2013 253 2078 justis
266 2015 333 2066 etiam
346 2017 381 2065 est
395 2015 505 2066 orandum
519 2015 602 2079 triptici
616 2013 711 2067 ratione.
728 2015 805 2066 Primii
818 2018 943 2087 quidem,

127 2083 181 2148 quia
197 2086 317 2136 multorum
331 2099 409 2150 proces
423 2085 512 2139 facilius
526 2086 678 2137 exaudiuntur
692 2101 698 2136 ε
715 2088 776 2137 uude
791 2100 863 2152 super
874 2089 942 2144 iiiud

127 2155 287 2217 nom.,xv1:
307 2173 320 2205 u
340 2156 458 2220 ddjuuetis
473 2171 510 2208 me
530 2157 708 2209 incentionibus
728 2155 826 2220 vestus,
845 2175 861 2206 n
878 2158 946 2214 dicit

127 2225 205 2278 Glossa
219 2243 249 2277 :u
262 2221 323 2278 Bene
337 2231 401 2292 rogat
419 2229 540 2291 spostolus
559 2227 659 2279 minores
671 2241 712 2293 pro
727 2234 755 2278 se¹
766 2237 847 2292 oraro3
862 2234 943 2284 multi

127 2297 187 2348 cuim
199 2299 288 2349 minimi
299 2301 352 2350 dum
363 2303 530 2362 congregantur
538 2299 666 2360 uuuuimes,
677 2301 733 2350 dunt
741 2300 828 2364 magui,
839 2305 944 2358 etmul-

127 2372 200 2420 tomm
216 2383 295 2434 preccs
302 2369 442 2434 impossibiie
454 2375 490 2420 est
503 2369 563 2434 qudd
574 2372 767 2436 nouimpetreut,
781 2389 795 2420 u
810 2372 869 2424 iilud
886 2379 944 2427 sci-

126 2439 180 2490 licet
189 2442 249 2504 quod
257 2444 293 2490 est
303 2441 452 2504 impetrabile.
461 2441 582 2507 Secundd,
594 2447 620 2492 ut
631 2442 644 2493 d
655 2443 733 2493 multis
742 2443 821 2505 gratie
831 2450 946 2508 aguntur

126 2511 173 2560 Deo
187 2511 215 2562 de
227 2511 342 2561 benediciis
360 2525 410 2576 qum
427 2512 572 2563 couiemutur
587 2513 669 2578 justis,
681 2526 731 2577 qun
745 2513 815 2564 etium
826 2513 853 2564 in
867 2517 945 2568 utili·

126 2583 195 2630 tutem
203 2581 442 2646 muttommuerguut3
456 2587 481 2633 ut
488 2587 551 2647 putet
560 2599 602 2649 per
610 2585 817 2650 Apostotumilod
825 2585 906 2652 Gor„
921 2592 944 2640 1.

127 2650 218 2716 Tertid,
232 2656 259 2702 ut
273 2655 373 2718 majores
391 2667 438 2705 uun
455 2656 600 2721 superbiunt,
612 2658 665 2708 dum
682 2657 873 2711 considerantes
893 2664 947 2713 mi-

128 2734 210 2773 uomm
220 2723 333 2790 suffragiis
346 2724 453 2789 indigere.
