1934 3284
340 190 371 227 ns
384 189 549 228 ronurunmn.
799 179 843 228 ltt

50 267 149 318 rationis.
166 268 195 318 El
209 266 276 328 ideo,
291 269 380 332 oportet
395 266 456 330 puori
470 267 579 317 tortitudo
594 265 663 317 animi
682 266 778 332 rlioalur,
793 281 844 332 unte

50 339 140 389 tirmiter
156 338 238 389 retinet
255 339 392 389 uoluntatem
409 337 509 388 lrorninis
528 337 552 387 in
574 337 746 390 honorationis
766 343 844 392 eontra

50 410 145 459 maxima
159 410 231 472 mala3
245 409 299 486 quia
307 411 344 472 qui
356 414 402 460 stat
415 409 493 458 lrrmns
504 416 580 460 eontra
594 409 689 473 majora,
701 424 845 476 consequeus

49 486 80 531 ost
95 479 158 545 qnod
172 485 217 532 stet
236 483 313 532 lirinus
330 486 406 532 contra
418 481 522 540 mirream
537 482 636 531 sednon
653 483 801 535 conuertitur.
817 483 846 534 nt

50 555 90 603 lroo
103 554 175 604 etiam
189 553 219 604 ad
231 553 341 603 rationem
353 552 444 603 urtntis
458 552 567 617 pertinet,
576 559 603 602 ut
615 553 722 618 respiciat
731 555 844 606 ultimum.

50 625 144 675 nomme
155 629 231 675 antem
248 625 348 675 terribile
362 625 423 675 inter
435 625 511 674 omnia
525 623 649 688 corporalia
662 627 721 676 mala
731 630 767 678 est
777 641 844 690 mors,

49 711 95 759 oua
112 696 175 766 tollit
189 696 264 747 omnia
281 697 404 761 corporalia
420 697 488 747 bona.
504 698 567 747 Unde
589 698 728 760 Augustinus
749 699 804 750 dieii
822 699 846 749 in

48 768 83 817 lio.
99 769 138 818 De
152 766 268 817 rnorsour
281 766 372 818 Eccles.
394 768 461 832 (cap.
480 772 511 816 Ἠ
521 769 543 829 ),
557 766 616 831 quod
633 785 646 814 u
665 769 779 819 uinculum
792 784 846 821 cor-

48 840 119 903 poris,
134 853 166 890 ne
180 839 322 889 concutiatur
330 842 397 902 atquo
405 841 511 901 vexetur,
523 838 606 890 laboris
616 843 640 889 et
657 841 751 904 doloris,
763 855 793 892 ne
805 855 846 893 au-

48 911 132 961 leratnr
144 914 221 961 aarum
230 915 299 974 atque
307 914 436 974 prematur,
448 912 528 960 mortis
537 914 621 962 terrme
631 911 730 961 animum
741 913 845 976 quatit.»

50 983 77 1031 Et
101 983 154 1033 irleo
177 982 250 1032 uirtus
272 981 413 1032 tortitudinis
437 986 474 1032 est
501 983 560 1032 circa
581 982 675 1033 timores
696 984 848 1047 periculorum

49 1056 135 1104 mortis.
586 1085 592 1092 ·

77 1127 112 1177 Ad
124 1126 225 1192 primum
238 1137 291 1188 ergo
308 1125 445 1186 dicendum,
462 1125 522 1190 quon
540 1124 648 1176 tortitudo
667 1125 725 1176 bene
741 1127 849 1176 sehabet

49 1197 69 1246 iu
82 1199 193 1248 omnibus
205 1197 308 1247 adversis
318 1197 452 1260 tolerandis,
461 1211 508 1249 uon
521 1201 595 1248 tamen
609 1209 638 1247 er
649 1197 781 1247 toleratione
795 1211 850 1260 quo·

49 1269 153 1320 rumlibet
172 1269 318 1318 adversorum
336 1272 453 1332 reputator
475 1271 543 1319 lronro
563 1266 696 1332 simpliciter
713 1267 793 1330 lorlis,
809 1269 850 1319 sad

49 1339 118 1390 sollum
132 1355 163 1392 ex
178 1341 222 1390 lroo
235 1339 296 1403 quor
309 1339 367 1390 beni
381 1340 462 1390 tolerat
475 1341 544 1390 etiam
554 1341 652 1390 maxima
665 1340 732 1389 mala.
748 1339 783 1388 Er
799 1340 850 1389 aliis

49 1415 121 1463 auem
137 1411 222 1462 dicitur
237 1412 307 1461 homo
323 1413 402 1475 fortio
417 1411 541 1462 secuudum
558 1412 621 1476 quid.

79 1484 111 1534 ld
123 1483 253 1553 secundnm
265 1482 395 1544 dicendum,
407 1484 466 1546 qnod
476 1483 530 1547 quia
541 1483 608 1534 timor
618 1496 646 1534 ex
656 1495 731 1534 amore
740 1483 849 1544 nascitur,
925 1509 933 1526 ·

50 1566 197 1617 quaecumque
214 1553 286 1603 uirtus
309 1555 437 1604 moderator
456 1567 556 1605 amorem
576 1555 704 1620 aliquorum·
724 1555 848 1616 bonorum,

50 1636 193 1690 consequens
202 1628 240 1674 est
248 1629 275 1674 nt
288 1625 415 1675 moderetur
425 1627 590 1676 contrariorum
604 1628 714 1677 malorum
729 1626 848 1677 timorem:

50 1696 106 1745 sieut
116 1696 257 1757 liberalitas,
267 1710 318 1758 que
330 1697 458 1746 moderatur
469 1711 568 1748 amorem
581 1697 736 1762 pecuniarum,
745 1711 786 1762 per
794 1711 848 1748 eon-

51 1780 149 1830 seqnens
162 1767 233 1818 etiam
244 1767 374 1817 moderatur
386 1767 491 1818 timorem
506 1768 635 1819 amissionis
648 1782 738 1830 earum,
753 1763 782 1819 et'
790 1769 849 1818 illem

52 1843 145 1902 apparet
160 1839 348 1902 intemperantia
367 1843 390 1889 et
404 1839 429 1888 in
442 1839 494 1888 aliis
508 1839 637 1890 uirtutibus.
654 1841 696 1891 Sed
711 1853 785 1890 amare
798 1851 851 1904 pro·

51 1911 120 1971 priam
140 1909 212 1959 uitam
231 1913 268 1960 est
285 1910 386 1961 naturale
402 1927 407 1958 :
424 1914 448 1960 et
466 1911 519 1960 ideo
538 1911 639 1975 oportuit
658 1925 710 1962 esse
728 1909 851 1974 specialem

51 1982 155 2032 virtutem
169 1995 221 2044 quae
237 1981 392 2032 moderaretur
399 1980 493 2032 timores
504 1981 591 2032 mortis.

78 2055 113 2104 li
126 2052 220 2103 tertium
233 2051 369 2115 dicendum,
380 2051 440 2116 qnod
449 2054 595 2102 extremam
607 2052 631 2102 iu
645 2052 766 2102 munibus
777 2055 851 2102 atten-

52 2123 109 2174 ditur
123 2121 251 2174 secunlum
268 2135 387 2174 exoessum
401 2123 496 2173 rationis
513 2126 580 2174 recte
599 2138 605 2174 :
622 2126 645 2174 et
665 2124 715 2174 ideo
738 2123 758 2173 si
772 2122 853 2186 aliquis

51 2196 148 2246 maxima
161 2195 265 2260 pericula
285 2195 366 2246 subeat
378 2193 501 2245 secundinur
516 2195 643 2258 rationem,
658 2207 703 2246 non
720 2197 756 2244 est
773 2192 852 2242 uirtuti

53 2268 196 2318 eontrarium.

349 2380 508 2432 surreptus
523 2382 551 2430 V.

57 2507 139 2554 lltrrlm
153 2506 273 2562 fortitudo
280 2507 377 2563 proprie
385 2506 577 2612 eoztslstgstllziree
590 2503 699 2560 portentu
709 2503 793 2550 mortis
803 2517 853 2560 quoe

366 2581 411 2612 surr
431 2580 458 2611 m
482 2581 494 2611 e
531 2601 536 2612 .

82 2697 115 2748 lul
130 2697 238 2762 quintam
251 2697 284 2746 siu
301 2695 432 2760 propellitur
443 2695 488 2759 (ll.
502 2693 596 2744 Videtur
611 2691 673 2756 qnod
685 2689 793 2742 tortitudo
807 2705 864 2756 non,

56 2770 162 2820 consistat
174 2766 267 2834 proprie
280 2767 339 2817 cirea
349 2766 450 2831 pericula
459 2766 539 2816 mortis
552 2777 602 2828 qne
616 2763 702 2815 suntin
715 2763 784 2813 ltello.
795 2763 853 2812 llar-

86 2913 116 2975 p)
132 2917 165 2962 oe
182 2914 219 2960 ars
233 2913 304 2959 eoram
319 2913 387 2971 turra,
402 2925 443 2970 qu.
454 2911 509 2972 sss,
522 2915 567 2958 ao.
580 2909 604 2970 n,
615 2891 688 2970 erpo.
701 2908 744 2956 rer
756 2913 814 2968 ,aru
828 2907 854 2961 s;
