1934 3284
164 207 209 264 ’lit
258 224 367 263 reconna
384 215 512 276 sododem,
528 215 622 269 codor.
644 214 710 272 citt,-
724 225 782 264 aar.
799 226 846 264 rur.

161 303 239 354 illotos
257 301 423 366 Pythagoricus
435 301 456 352 in
472 301 591 352 mutandis
604 317 612 351 t
625 298 715 350 adulter
725 301 736 367 (
748 303 935 366 inquietutu-

162 373 252 426 dcntior
269 375 392 422 amatorio
410 384 471 424 eruam
487 387 594 435 uxorem3
609 390 622 419 u
638 379 661 423 et
673 374 724 438 pori
742 374 830 426 lotione
844 376 866 424 in
877 389 936 438 mau-

160 445 214 495 libet
224 443 289 494 oliuu
305 445 432 494 mulierem.
451 445 495 494 Sed
509 445 533 493 in
547 445 610 494 omni
623 444 710 494 luxoria
724 447 761 494 est
773 457 835 496 amor
846 447 936 496 ardentior

159 515 243 567 detrito.
259 517 317 578 limo
328 516 491 566 adulterium
502 515 618 566 iuvenitur
627 515 652 564 iu
661 515 724 566 omui
734 516 833 566 luxuria.
846 512 889 568 iton
898 531 937 579 crgo

158 587 225 638 debet
239 588 292 652 poni
307 588 400 637 luxoria
415 587 513 652 species.

191 664 212 708 3.
228 659 340 710 Pr'aeterea
346 697 355 723 ‚
369 658 407 708 oti
422 661 457 708 est
468 659 546 708 eodem
564 658 622 708 ratio
635 657 804 718 deformitatis,
818 658 849 709 iti
865 673 906 709 nou
917 659 940 705 n'·

158 729 224 780 detur
235 743 287 781 esse
305 730 348 780 alia
363 731 450 793 species
468 730 563 792 peccati.
579 730 622 779 Sed
636 729 661 778 in
672 733 755 794 stupro
772 735 797 780 et
813 732 836 781 iu
850 731 938 780 adulterio

156 801 248 851 uidetur
261 815 311 852 esso
328 801 406 851 eadem
417 801 475 850 ratio
489 800 649 862 detoruritatie3
663 800 715 864 quic
728 803 849 864 utrobique
862 803 938 852 violatur

157 873 238 924 muilier
259 873 338 924 alieno
355 871 462 936 potestati
477 872 589 937 subjecta.
609 873 669 935 liupo
685 872 850 924 adulterium
864 887 904 924 oon
918 880 941 921 est

157 945 305 996 deterunouta
321 945 409 1008 species
423 943 517 994 luxurie
531 945 559 994 ab
572 944 623 994 aliis
637 945 754 994 distincta.

189 1019 232 1069 Sed
247 1022 323 1067 contra
334 1019 383 1078 est,
396 1018 456 1080 quod
470 1017 517 1067 Leo
528 1017 590 1082 Papo
600 1017 655 1067 dicit
667 1019 712 1081 (t),
728 1017 790 1075 acuto
800 1035 815 1066 a
824 1017 939 1068 adulterim

157 1090 312 1148 committitur,
332 1087 383 1137 oium
402 1088 437 1137 vel
455 1089 550 1151 proprie
572 1088 671 1138 libidinis
688 1089 818 1149 instinctu,
832 1089 869 1140 cel
886 1090 942 1137 alicu>

157 1169 269 1210 concensu
279 1197 286 1221 ‚
297 1171 348 1208 com
360 1159 430 1208 autern
443 1160 480 1208 uel
492 1159 561 1208 anua
575 1163 652 1209 contra
666 1163 760 1222 pictum
776 1160 897 1224 conjugale
907 1173 943 1208 cou-

157 1229 276 1280 connitur.
289 1245 302 1276 u
315 1230 359 1279 Sed
369 1231 412 1279 hoo
421 1230 529 1292 importat
541 1229 662 1292 specialem
673 1230 848 1282 deformitatem
859 1232 943 1280 loxun'e.

156 1301 216 1364 Ergo
234 1301 395 1351 adulterium
409 1303 443 1351 est
454 1300 603 1350 determinata
617 1301 706 1362 species
720 1303 829 1353 lutuurie.

191 1373 348 1436 (Concedam.
356 1399 388 1410 -
396 1372 536 1422 Adulterium
545 1376 580 1420 est
590 1371 741 1421 detenninatt
752 1373 853 1424 luxorio
862 1375 942 1438 speeies.

156 1451 200 1509 apua
213 1443 248 1491 uir
258 1445 286 1493 ud
294 1443 386 1494 atterius
395 1455 489 1494 uxorem
498 1443 534 1492 vel
543 1443 660 1492 molierad
668 1443 743 1492 virum
753 1444 852 1494 alterim
860 1445 939 1494 accedi,

186 1515 321 1577 despondeo
338 1515 472 1574 dicendum,
486 1513 545 1576 onoc
560 1513 737 1574 adulterium,
752 1515 815 1565 sicut
833 1517 944 1581 ipsuum

155 1597 208 1635 meu
226 1589 304 1647 sonat,
321 1589 356 1635 cst
371 1602 385 1632 u
396 1599 502 1635 accessus
518 1586 546 1635 ad
560 1585 659 1634 alienum
673 1589 758 1637 torum.
771 1603 785 1634 n
799 1589 827 1636 ln
844 1601 890 1651 qno
906 1586 942 1647 pul-

153 1657 204 1706 dem
219 1655 338 1718 dupliciter
347 1661 425 1706 contra
438 1656 565 1710 castitatem
584 1661 608 1704 et
622 1657 729 1707 humane
748 1659 905 1720 generationis
915 1657 943 1704 io

154 1740 207 1778 nuno
227 1727 308 1790 aliquis
321 1727 440 1790 delinquit.
455 1717 531 1776 Primi
545 1725 646 1790 quidem,
663 1728 688 1776 in
699 1733 813 1792 quantum
829 1731 915 1780 accedit
926 1726 943 1773 a]

153 1797 272 1851 mulionem
289 1799 390 1850 nonsibi
406 1798 550 1848 matrimonio
560 1798 700 1862 copulatam
720 1801 785 1863 qnod
797 1801 919 1865 requiritur
926 1811 943 1844 as-

153 1868 237 1920 bouum
251 1871 321 1933 prolis
336 1869 433 1934 proprice
449 1869 580 1920 educendae.
595 1869 645 1919 lulio
664 1871 744 1933 modo,
760 1872 817 1935 qnia
833 1873 943 1923 accedite

154 1941 271 1991 mulierem
291 1942 354 1992 atteri
369 1955 409 2005 per
422 1940 590 1992 matrimonium
604 1939 745 2004 copulatam
759 1947 785 1992 et
805 1948 843 1994 sic
866 1942 938 2006 impet.

152 2011 236 2062 ionum
252 2013 320 2076 prolis
335 2013 424 2062 altono.
441 2010 523 2062 Eadem
540 2011 598 2061 ratio
612 2014 647 2062 est
659 2011 687 2062 de
708 2013 806 2064 muliere
822 2015 942 2078 conjugio.

153 2087 203 2146 lpoae
213 2095 252 2145 per
259 2080 391 2132 adulterium
400 2081 631 2146 corrumpundum
636 2080 889 2144 ‹luitur-Ecclesiam„
897 2081 935 2133 lilll

155 2153 257 2204 comuni
266 2154 345 2204 molior
357 2153 488 2222 relinquens
501 2153 575 2202 rtrum
584 2165 649 2202 suum
661 2155 799 2216 peccabit.»
810 2152 945 2206 Primoeuu

155 2224 205 2274 tin
221 2225 271 2288 lege
283 2223 387 2276 ultisiimi
405 2224 544 2274 incredibilis
563 2224 623 2282 iuuit,
638 2239 655 2270 o
669 2224 693 2273 in
708 2237 755 2287 qua
769 2227 868 2277 scilicet
882 2223 945 2290 preci·

152 2295 231 2360 pitur,
245 2313 259 2344 n
272 2306 318 2346 nou
332 2296 488 2346 moechaberis.
500 2311 515 2342 n
531 2295 636 2346 Smuodd
648 2296 785 2347 «invirum
800 2311 873 2349 cunm
888 2297 946 2347 deliu-

152 2367 216 2430 qoit3
232 2383 245 2414 n
262 2379 288 2416 ex
302 2376 347 2430 uuo
362 2368 417 2417 lucit
436 2371 516 2416 contra
532 2368 691 2418 certitudinem
705 2369 777 2431 prolis
792 2371 861 2432 ejus,
878 2363 941 2420 Tertii

153 2438 204 2486 «in
214 2438 323 2489 adulterio
333 2438 442 2488 fornicata
456 2443 501 2499 est,
512 2441 535 2489 et
544 2449 573 2489 er
587 2439 632 2489 otio
643 2439 693 2489 niro
706 2439 767 2490 filios
777 2443 869 2492 statuit
883 2439 946 2497 stiur

152 2509 212 2571 qnod
226 2514 262 2560 est
274 2514 352 2559 contra
363 2509 448 2560 tonum
462 2510 559 2576 proprio
571 2509 650 2574 prolis.
663 2510 708 2560 Sed
721 2512 839 2578 primum,
851 2517 891 2564 est
904 2521 950 2559 coc·

154 2627 245 2684 oropo,
257 2628 335 2674 uerbis
344 2628 470 2684 elegendus
482 2629 623 2682 immutatie;
638 2635 664 2675 ut
674 2636 699 2676 et
712 2631 737 2676 in
751 2632 900 2690 Hieronymi
914 2627 950 2672 ori*

152 2689 222 2742 ginali
232 2695 293 2733 textu
306 2691 342 2735 uel
357 2691 432 2749 potiris
446 2692 469 2735 in
483 2698 548 2736 textu
562 2692 628 2748 ipso,
642 2693 702 2737 unde
714 2697 818 2751 sumpsit
830 2713 837 2741 r
855 2693 950 2741 duntur

152 2752 185 2791 ert
198 2750 226 2792 tn
235 2763 303 2795 enom
312 2765 414 2797 umorem
426 2758 520 2798 ornator
529 2755 664 2800 ardentior.
677 2757 707 2800 Et
716 2756 774 2801 ticet
784 2758 818 2803 ibi
837 2758 950 2816 Pptltcpu

152 2805 221 2852 ticon
232 2814 279 2855 ride
291 2815 441 2872 exprimatur,
454 2816 549 2871 intelllgi
566 2816 715 2862 nihilomiuus
726 2816 800 2865 debet
813 2827 844 2865 ut
860 2820 909 2864 talc.

186 2875 218 2936 (l)
234 2882 284 2926 Sive
294 2885 370 2937 pones
378 2887 535 2941 Augustinus,
548 2887 590 2932 lib.
601 2887 636 2932 De
644 2887 706 2933 dono
714 2891 872 2951 constipati,
880 2901 929 2943 cell·
938 2868 950 2937 ‘i

153 2935 206 2982 curu
219 2939 275 2987 dinll
288 2945 335 2991 tate
350 2941 374 2989 iu
391 2949 467 2994 Leonte
478 2951 595 2996 omnum.
