1934 3284
304 159 336 201 ns
351 157 602 200 dormierimus
808 149 856 198 'tlt

58 241 81 288 et
94 236 204 300 avaritia,
217 247 261 290 nec
280 236 408 290 nominetur
427 237 451 286 tn
466 237 549 300 robis,
563 236 625 288 sicut
640 235 705 288 decet
720 238 818 290 melos
839 252 855 284 i

57 310 137 360 Subdit
155 313 231 360 autem
246 323 252 358 :
267 327 280 358 o
299 311 343 360 bnt
358 309 487 373 turpitudo,
502 326 516 357 o
533 309 624 372 Glossa‚
640 313 666 361 nt
679 308 704 358 in
725 308 808 360 osculis
829 312 855 359 et

58 380 216 444 amplexibus:
229 398 243 428 o
255 384 294 430 ant
305 380 483 444 stultiloquium,
498 386 524 430 nt
539 380 621 430 blanda
634 380 701 430 rerba
712 395 718 430 :
731 383 770 436 aut
784 394 853 430 scur-

57 453 146 513 rilitas,
163 466 213 516 qua
234 450 335 504 istnltis
352 451 467 502 curialitas
484 452 578 512 dicitur,
593 450 617 502 id
632 455 667 501 est
684 450 822 515 jocularitas.
840 468 856 500 o

58 525 140 575 Postea
155 528 229 576 autem
246 523 321 574 subdit
339 540 345 573 :
359 525 430 575 «Hoc
442 525 502 574 enirn
516 523 606 583 scitote,
620 522 775 585 intelligentes
792 522 856 587 qubd

58 595 133 646 omnis
146 595 276 657 fornicator,
287 599 326 646 aut
337 595 480 660 immundus,
497 600 536 647 ant
550 609 631 646 auarus
642 594 718 658 (qnod
733 600 767 646 est
778 595 853 646 idolo-

58 682 108 718 rum
119 667 231 732 servitus)
242 681 289 718 non
301 668 368 717 babet
378 668 532 720 baereditatem
541 669 565 718 in
575 681 645 730 regno
653 667 824 718 cbristietbei.
836 683 851 713 n

58 741 101 791 Ubi
114 753 158 789 nou
169 738 266 803 replicat
275 740 302 789 de
312 739 463 803 turpitudine,
475 739 534 790 sient
548 752 591 790 nnc
610 740 637 788 de
655 737 795 803 stultiloquio
813 741 854 790 ant

60 811 202 862 scurrilitate.
219 811 276 874 Ergo
290 810 334 860 ista
348 823 394 862 non
404 815 456 861 sunt
468 814 563 876 peccata
576 809 686 860 mortalia.

92 889 116 935 a.
130 885 255 944 preterea,
271 881 390 934 iomicatin
413 883 493 937 dicitur
511 895 561 933 esse
581 885 699 946 peccatum
717 880 810 930 mmmle
828 893 858 932 nr

60 957 104 1006 boc
117 952 178 1018 qubd
191 968 232 1018 per
244 967 294 1004 eam
306 954 426 1018 impeditur
436 954 523 1006 bonum
535 953 606 1020 prolis
617 952 751 1016 generante
761 955 786 1002 et
798 951 855 1002 edu·

61 1027 149 1077 cende.
161 1025 205 1075 Sed
223 1026 250 1075 ad
268 1027 311 1076 boc
327 1025 384 1074 nibil
397 1029 520 1090 operantur
533 1025 610 1075 osenla
625 1028 649 1073 et
664 1027 738 1073 tactus
749 1022 798 1072 sive
809 1035 858 1072 am·

61 1099 150 1164 plexus.
166 1097 224 1162 Ergo
239 1097 264 1148 in
275 1097 312 1148 bis
331 1109 377 1148 non
391 1097 502 1160 contingit
511 1111 563 1148 esse
576 1099 694 1161 peccatum
708 1094 811 1146 mortale.

95 1175 117 1219 3.
132 1171 242 1220 Praeterea
251 1205 259 1231 ,
270 1167 308 1218 illa
318 1181 368 1232 quae
387 1167 510 1218 secundnm
526 1182 552 1219 se
566 1170 721 1231 snutpeccata
738 1166 855 1229 mortalia,

63 1253 178 1304 nunqnam
197 1243 292 1303 possunt
305 1240 363 1289 bene
382 1238 439 1290 lieri.
455 1240 500 1290 Sed
518 1239 631 1290 osculant
645 1241 719 1288 nctus
739 1242 763 1288 et
776 1239 857 1302 burjus·

63 1314 124 1364 modi
138 1316 233 1376 possunt
246 1312 379 1375 quandoque
392 1311 440 1362 lieri
453 1311 537 1374 absque
550 1314 653 1375 peccato.
672 1310 732 1373 Ergo
747 1322 793 1362 non
806 1312 860 1360 sunt

64 1382 188 1436 secundbm
206 1397 230 1434 se
241 1387 332 1448 peccata
349 1382 458 1433 mortalia.

94 1455 139 1506 Sed
156 1458 233 1505 contra
240 1491 249 1517 ,
263 1453 341 1504 minus
355 1459 391 1506 est
404 1457 508 1518 aspectus
521 1453 668 1515 libidinosus,
687 1452 756 1516 quim
771 1456 861 1516 motus,

64 1527 195 1590 amplexus,
206 1526 242 1575 nel
250 1526 359 1574 osculnm.
373 1525 416 1576 Sed
428 1528 534 1589 aspectus
547 1523 683 1576 libidinosus
694 1528 730 1574 cst
740 1526 860 1588 peccatum

64 1598 173 1659 mortalc;
190 1596 314 1646 secundum
327 1596 381 1647 illud
395 1597 499 1652 blatto„
514 1597 532 1645 V
546 1611 553 1645 :
565 1613 579 1643 u
592 1595 636 1656 Qui
648 1596 730 1646 viderit
742 1594 861 1645 mutierem

64 1671 93 1720 ad
105 1668 309 1731 concupiscendum
318 1681 377 1729 eam,
387 1668 434 1731 jam
443 1669 568 1718 mechatus
578 1671 613 1718 est
621 1680 670 1717 eam
682 1667 705 1716 io
715 1668 861 1718 cordesno.»

64 1743 124 1804 Ergo
138 1739 208 1790 multb
223 1739 293 1802 magis
304 1739 405 1790 osculum
418 1739 562 1789 libidinosum
575 1742 600 1789 et
612 1739 657 1789 alia
668 1738 797 1803 hujusmodi
810 1740 863 1789 sunt

64 1816 160 1880 peccata
174 1812 285 1861 mortalia.

97 1888 122 1932 a.
137 1884 259 1940 Praeterea.
272 1882 400 1948 Cyprianus
419 1882 449 1932 ad
462 1882 628 1945 Pomponium,
643 1883 679 1932 De
697 1883 861 1947 virptnitote:

69 1953 161 2006 «Certe
176 1956 225 2018 ipse
241 1955 389 2016 concubitus,
401 1953 451 2018 ipse
468 1955 598 2017 amplexus,
611 1955 660 2017 ipsa
678 1951 865 2003 confabulationi

66 2027 191 2087 osculatio,
207 2031 230 2076 et
247 2026 413 2089 conjacentium
427 2028 522 2076 duorum
540 2025 613 2090 tnrpis
632 2029 655 2076 et
673 2026 733 2075 imda
747 2023 861 2086 dormitio,

66 2102 177 2163 qnantum
188 2097 302 2148 dedecoris
315 2102 339 2148 et
349 2098 451 2148 criminis
461 2097 596 2148 mutileturl
609 2115 623 2145 u
635 2097 694 2158 Ergo
702 2108 744 2160 per
756 2093 866 2159 predicta

67 2175 138 2223 bomo
156 2172 181 2220 dt
194 2183 247 2220 rens
260 2170 377 2229 criminis,
391 2170 414 2220 id
428 2173 481 2229 est,
496 2170 584 2233 peceati
598 2166 708 2219 mortalis.

101 2243 384 2309 (murinum-nactus
394 2245 417 2292 et
425 2242 517 2300 oscula,
527 2253 655 2304 quanquam
665 2238 789 2290 secundbm
799 2250 865 2288 suam

67 2315 168 2384 speciem
183 2327 228 2365 nou
242 2313 288 2364 sint
304 2313 407 2363 mortalia
420 2316 528 2378 peccata3
542 2316 567 2362 ut
579 2316 657 2362 tamen
667 2309 788 2362 libidinosa
802 2314 866 2372 sunt,

67 2391 129 2440 inter
143 2385 243 2436 mortalia
258 2385 433 2449 numerantur.)

100 2457 236 2522 Respondes
256 2457 389 2520 dicendum,
408 2455 467 2520 qubd
484 2455 569 2519 aliquid
587 2455 669 2506 dicitur
685 2467 734 2505 esse
749 2455 868 2518 peccatum

68 2531 165 2584 mortale
179 2528 308 2594 dupliciter.
323 2528 372 2578 Uno
386 2529 466 2586 modo,
483 2527 606 2578 secnndbm
622 2525 721 2592 speciem
735 2539 798 2576 snam
818 2540 824 2575 :
844 2529 868 2576 et

68 2607 114 2656 hoc
133 2603 199 2653 modo
214 2600 328 2661 osculnm,
352 2600 484 2664 amplexus,
501 2600 539 2648 nel
560 2596 786 2658 tacius,secnodi1m
805 2608 868 2647 suam

68 2675 180 2728 rationem
195 2685 240 2722 nob
259 2671 375 2722 nominant
388 2675 508 2728 peccatum
522 2670 622 2720 mortale.
634 2670 733 2719 Possunt
742 2668 802 2718 euim
816 2668 868 2717 baec

68 2749 156 2810 absque
175 2743 268 2796 libidine
288 2743 351 2803 iteri,
362 2742 399 2791 vel
412 2745 505 2805 propter
521 2739 708 2790 consuetudinem
726 2739 817 2803 patriae,
832 2737 870 2788 rel

68 2823 165 2885 propter
180 2816 277 2878 aliquam
296 2812 455 2864 nenessitatem
475 2816 514 2861 ant
530 2811 687 2863 rationabilem
706 2824 807 2862 causam·
820 2809 870 2861 llio

69 2891 140 2942 modo
151 2887 234 2940 dicitnr
243 2884 328 2950 abquid
339 2898 389 2937 csse
399 2887 515 2949 peccatum
526 2885 619 2936 mortale
628 2897 655 2937 ex
665 2896 707 2937 sna
716 2896 798 2947 cansa3
810 2881 872 2934 sicut
