1934 3284
136 163 183 211 ιιι
243 171 351 209 munna
366 171 493 220 asumma,
511 171 604 217 uunsr.
622 171 715 222 cuxrrr,
735 173 795 211 nur.
815 174 843 210 ιι.

137 247 197 311 euti,
208 259 281 312 neque
299 247 392 312 angelus
405 259 479 311 neque
492 249 560 298 numu
572 246 659 311 inipso
680 249 815 299 creationis
827 248 934 312 prinripir

137 319 191 384 quia
204 320 293 382 utrique
308 320 406 370 restabat
419 319 505 382 aliquid
518 321 630 380 agendum
645 332 688 383 per
704 322 768 383 quod
786 321 818 370 ad
832 321 936 369 berturii-

137 404 190 441 nem
200 391 354 454 peruenirent.
370 392 399 440 Et
414 392 466 441 ideo
477 429 484 451 ,
497 389 547 439 cirm
566 395 661 453 uterque
678 391 789 454 (scilicet
810 392 909 441 diabulus
922 402 935 437 r*

114 462 224 528 ‘primus
243 463 328 528 huma)
346 462 476 514 inordinate
494 463 594 512 diuinam
611 461 791 513 similitudinem
817 467 936 528 appetierit*

137 541 219 585 neuter
232 549 310 587 eorum
329 535 434 600 peccarit
445 534 573 599 appetendo
589 533 769 584 similitudinem
795 542 893 586 araturae.
907 535 936 581 sn

138 606 226 670 primns
239 608 307 658 trumo
323 607 428 671 permut
443 604 608 670 principatiter,
623 605 757 669 appetendo
777 606 936 656 similitudine:

138 677 296 741 lieiquantum
309 680 337 728 ad
354 678 473 729 seientiam
487 675 540 726 huni
554 680 577 726 et
589 675 656 736 mali,
672 677 733 725 sicut
748 689 855 742 serpens
867 679 887 727 ei
899 692 935 725 su:-

139 751 225 814 gesait3
240 754 267 800 ut
278 751 366 801 scilieet
382 763 424 814 per
440 750 547 799 uirtutem
561 748 658 812 propriae
677 752 767 798 naturae
784 750 934 800 determinas:

140 821 184 872 situi
197 821 251 885 quid
262 825 324 873 esset
335 823 419 872 bunum
433 825 457 872 et
470 821 525 884 quid
544 820 627 870 malum
641 820 670 869 ad
681 821 818 884 agendum,
836 823 873 872 rel
886 827 921 870 atu

140 897 168 943 nt
185 894 339 960 perseipsum
353 897 545 960 praecognoscunt
558 892 612 958 quid
630 893 674 944 sibi
692 893 750 944 burri
764 895 804 944 vel
823 894 879 944 mali
893 905 935 941 rs*

142 965 261 1016 futurum:
277 971 300 1016 et
313 965 447 1016 secundarii
462 965 564 1030 perrarit
584 965 712 1029 appetendo
723 963 903 1016 similitudinem
914 966 930 1011 i

142 1043 252 1102 quantum
266 1039 294 1089 ad
305 1038 418 1104 propriam
437 1041 573 1102 potestatem
588 1037 705 1101 operandi,
720 1039 747 1085 ut
764 1037 859 1088 scilicet
874 1037 937 1085 rimu

143 1109 241 1172 propria
258 1115 344 1161 nature
362 1113 493 1174 operaretur
513 1108 541 1158 ud
564 1108 728 1158 beatitudiuem
754 1110 931 1173 consequemur

144 1181 211 1231 Unde
224 1183 365 1246 Augustinus
379 1181 449 1244 dicit,
459 1181 500 1232 Xl.
516 1179 598 1244 Super
609 1179 693 1229 Gener.
710 1178 748 1228 ad
761 1177 807 1229 tu.
831 1184 890 1245 (cup.
903 1185 921 1226 ιι

144 1251 205 1316 quud
218 1271 233 1301 rr
245 1253 319 1304 menti
332 1253 433 1304 mulieris
447 1253 523 1303 inerat
539 1265 601 1301 umor
614 1251 710 1315 propriae
724 1252 862 1314 potestatis.
877 1269 890 1298 ιι
907 1251 927 1295 Se

146 1323 248 1376 diabulus
268 1325 372 1390 peccauit
390 1326 518 1389 appetendo
540 1321 712 1372 similitudinem
731 1323 773 1372 Dei
796 1328 928 1386 quantumi

42 1457 47 1462 ⁴
145 1399 281 1459 potestatem
298 1413 305 1447 τ
321 1399 383 1448 nurte
403 1397 544 1460 Augustinus
560 1393 613 1445 dicit
635 1394 658 1444 iu
675 1394 716 1443 tiu.
737 1396 775 1444 De
794 1411 860 1445 aera
881 1395 928 1454 rei,

146 1467 338 1532 (eap.13),quud
354 1485 367 1516 ιι
382 1470 455 1532 magis
466 1468 539 1518 ruluit
557 1465 597 1516 sui
608 1465 709 1530 putentia
725 1465 771 1514 frui
786 1467 861 1532 quam
880 1467 921 1515 liei.

147 1539 305 1590 Verumtamen
320 1545 428 1604 quantum
444 1541 472 1589 ad
488 1538 571 1604 aliquid
586 1542 679 1601 uterque
697 1539 744 1588 lieu
764 1539 903 1602 aequiparari
914 1552 934 1598 rj-

146 1610 230 1675 petiit‚
244 1612 269 1662 in
288 1617 399 1676 qnantum
420 1612 507 1663 seilicet
528 1617 623 1673 uterque
644 1609 687 1660 sibi
704 1609 774 1660 inniti
796 1611 886 1675 voluit,
900 1623 944 1659 ιιι-ι

147 1685 235 1748 tempto
248 1680 331 1735 diuina
346 1685 429 1749 regule
441 1685 529 1736 urdine.
943 1665 944 1744 ι

181 1756 214 1806 ιι
230 1755 326 1820 primum
344 1769 398 1820 ergo
414 1757 551 1818 dicendum,
563 1753 622 1818 quud
636 1752 693 1804 ratio
706 1753 745 1803 illa
759 1755 870 1816 procedit
885 1756 909 1806 de
919 1779 936 1800 a·

148 1828 275 1880 militudiue
292 1834 391 1891 natura,
405 1841 434 1880 ex
452 1829 519 1893 cujus
534 1827 636 1892 appetitu
649 1827 717 1877 humo
733 1837 781 1876 nun
797 1829 914 1891 peccarit,
926 1837 938 1872 ,ι

150 1899 296 1952 dictumest.

181 1974 214 2023 td
228 1975 352 2024 secuudum
368 1973 504 2034 dicendum,
521 1971 581 2038 quud
598 1975 705 2038 appelare
725 1967 901 2026 similitudinem
913 1975 931 2022 i.

152 2044 255 2096 absolute
269 2049 379 2108 quantum
394 2046 421 2094 ad
434 2044 621 2106 scientiamnun
633 2048 815 2109 aspernatum,
830 2049 872 2098 sed
888 2058 938 2110 appr-

150 2120 200 2168 tere
220 2117 351 2180 hujusmodi
366 2115 537 2167 similitudinem
558 2115 685 2167 inordinate
702 2109 794 2177 (idest
812 2133 884 2184 supra
894 2133 938 2167 mer.-

151 2203 226 2239 auram
238 2189 331 2252 suam),
346 2193 462 2253 peccatum
474 2193 519 2239 est.
538 2189 601 2240 Unda
616 2201 684 2253 super
697 2188 753 2238 iilud
767 2187 869 2242 Psutm.
882 2191 928 2242 ιιι

152 2263 244 2325 «Deus,
259 2263 310 2326 quis
322 2260 402 2313 similis
420 2262 465 2311 erit
477 2261 536 2310 tibi?
546 2278 560 2308 ιι
576 2260 631 2311 dicit
650 2261 790 2324 Augustinus
807 2278 813 2312 :
832 2282 849 2313 «
863 2266 903 2324 Qui
916 2279 930 2325 p

144 2347 179 2386 ue
189 2336 238 2384 ιιιιι
248 2348 300 2385 esse
313 2340 340 2384 ιι
353 2333 434 2385 Densa
443 2334 557 2394 miluum,
566 2331 730 2398 peruerstrult
741 2345 793 2384 esse
804 2335 890 2387 similis
901 2339 922 2385 ιιε

152 2409 179 2456 ιιι
193 2407 296 2458 diabolus
313 2408 352 2470 qui
367 2407 441 2457 nutuit
462 2419 515 2457 esse
530 2407 571 2456 sub
589 2419 631 2470 eu,
647 2409 670 2456 et
683 2406 752 2456 humo
771 2407 814 2472 qui
836 2414 864 2458 ut
880 2423 937 2459 serr.¹

153 2479 227 2531 nuiuit
238 2477 311 2529 teneri
323 2482 448 2543 precepto.
463 2494 477 2525 a

185 2553 220 2602 Ad
236 2550 328 2601 tertium
341 2551 479 2616 dicendum,
494 2549 555 2615 quud
569 2548 626 2602 ratio
639 2548 679 2600 ilia
693 2549 797 2613 presedit
811 2553 841 2603 de
852 2551 937 2602 similitu·-

154 2622 206 2674 dine
218 2621 394 2688 aequiparantia.
