1934 3284
129 217 176 284 ito
266 243 373 284 sneunnl
390 240 519 296 succuum,
537 224 629 289 osmer.
647 242 674 293 c,
692 240 747 281 rar.
764 233 793 280 ri.

130 323 232 376 simonia
239 359 248 386 ,
260 322 320 386 quod
332 321 394 372 nulla
407 320 570 373 consuetudine
584 308 659 384 potest
673 317 788 380 excusari,
802 319 856 382 qnia
870 317 933 370 cori·

130 395 224 445 suetudo
238 407 283 444 non
296 392 424 458 praejudicat
434 392 481 455 juri
491 388 589 442 naturali
601 391 638 442 uel
647 391 740 454 diuin03
754 403 796 455 per
804 391 931 454 pecuniam

129 468 203 515 autern
226 464 358 528 intelligitur
377 477 443 515 omne
465 461 520 513 illud
539 461 604 525 cujus
621 459 718 526 pretium
737 465 813 525 potest
830 461 932 524 pecunia

128 535 251 597 estimari,
265 539 290 585 ut
302 535 452 598 Philosophus
463 532 519 583 dicit
529 533 559 582 lIl
574 531 658 582 Etbz'c.
676 531 787 596 Accipere
799 536 876 582 autem
885 532 931 582 ali-

129 617 173 669 qua
181 607 208 656 ad
218 605 406 656 sustentationem
413 618 491 655 eorum
500 603 540 667 qui
547 606 688 654 sacramenta
695 603 777 654 Christi
786 602 929 668 ministrant,

128 676 251 728 serundbm
260 678 426 728 ordinationem
440 675 548 726 Ecclesia
562 678 585 726 et
595 675 770 731 consuetudines
780 676 928 741 approbatas,

128 761 174 799 uon
186 752 221 800 est
235 749 331 800 simonia
345 762 418 812 neque
429 751 565 812 peccatum3
577 761 625 798 non
636 747 698 798 euim
711 747 806 798 sumitur
819 749 931 815 tanquam

129 820 228 884 pretium
238 821 362 884 mercedis,
373 821 410 872 sed
428 823 536 882 tanquam
548 819 686 884 stipendium
699 817 850 871 necessitatis.
861 819 932 870 Unde

130 905 198 955 super
204 891 318 943 illudlod
327 893 402 952 Tim,
412 891 447 940 V:
461 890 525 949 «Qui
532 889 590 942 bene
597 893 698 954 praesunt
703 889 839 954 presbyteri,
847 893 906 953 etc,
914 907 929 938 u

130 962 183 1012 dicit
206 963 283 1014 Glossa
303 963 423 1028 Augustini
447 964 491 1027 (ex
509 975 559 1027 cap.
583 957 663 1012 aliud
682 961 718 1010 De
735 960 930 1026 pastoribus):

131 1049 145 1080 «
156 1034 274 1098 deciplant
290 1034 476 1085 sustentationem
496 1030 639 1084 cruentatis
659 1031 785 1096 apopulo,
801 1034 931 1084 mercedem

129 1103 303 1170 dispensationis
317 1105 331 1155 i
346 1103 476 1156 Domino.»

161 1177 194 1227 dd
203 1177 300 1241 prinum
308 1189 361 1240 ergo
373 1175 504 1238 dicendum,
514 1175 575 1238 qubd
583 1179 608 1226 in
618 1189 672 1228 casu
682 1174 823 1227 necessitatis
832 1174 931 1240 quilibet

129 1252 204 1313 potest
222 1249 351 1312 baptizare;
367 1251 390 1298 et
412 1247 465 1312 quia
483 1247 546 1297 nullo
571 1249 637 1299 modo
656 1251 691 1299 est
713 1247 872 1312 metandum,
890 1262 931 1313 pro

128 1321 206 1370 eodem
221 1323 255 1371 est
268 1319 397 1370 babendum
410 1319 429 1370 si
442 1319 547 1370 sacerdos
562 1321 645 1383 absque
659 1319 734 1384 prelio
751 1319 866 1384 baptizare
884 1333 931 1370 non

128 1391 190 1450 volit,
211 1389 266 1440 acsi
278 1403 324 1440 non
333 1393 394 1440 esset
407 1389 446 1454 qni
455 1390 581 1454 baptizaret
591 1407 597 1441 ι
607 1391 668 1440 unde
679 1390 718 1440 ille
729 1390 769 1455 qui
778 1389 839 1454 gerit
847 1404 932 1441 curam

126 1460 205 1526 pueri,
218 1460 242 1511 in
258 1460 298 1510 tuli
319 1475 373 1511 casu
391 1461 453 1514 licite
470 1466 548 1527 potest
560 1465 621 1513 'eum
635 1461 765 1527 baptizare,
783 1461 822 1512 vel
841 1460 930 1526 aquo·

126 1546 222 1596 cumque
232 1533 276 1584 alio
294 1533 367 1584 lacere
381 1533 506 1599 baptizari,
518 1537 597 1598 posset
607 1539 683 1585 museo
697 1533 758 1584 licite
771 1533 879 1598 aqnamd
891 1549 930 1586 sa-

127 1606 217 1655 cerdote
232 1618 315 1668 emere,
326 1619 378 1670 quse
391 1609 426 1657 est
436 1620 519 1671 purum
531 1607 669 1658 elementum
680 1606 804 1670 corporale.
812 1605 837 1655 si
851 1610 931 1658 summ

125 1679 186 1726 essct
201 1677 289 1727 adultus
308 1677 349 1740 qui
362 1678 499 1742 baptismum
511 1677 661 1742 desideraret,
675 1683 698 1728 et
709 1676 839 1727 immineret
848 1678 931 1728 mortis

126 1747 267 1812 periculum,
283 1761 326 1802 nec
337 1750 442 1800 sacerdos
454 1763 507 1801 curn
517 1749 584 1800 uellet
599 1750 649 1800 siue
659 1748 732 1812 pretio
745 1747 875 1812 baptizare,
888 1751 931 1799 de-

126 1817 190 1869 beret
205 1821 242 1886 (si
257 1821 353 1886 posset)
365 1835 405 1886 per
423 1821 493 1872 alium
505 1821 630 1886 baptizari3
645 1820 706 1884 qubd
720 1821 796 1871 sinon
807 1826 890 1885 posset
903 1821 932 1871 ad

127 1889 197 1940 aliurn
211 1891 294 1942 babere
307 1905 433 1956 recursum,
448 1892 510 1943 nullo
522 1892 588 1943 modo
604 1893 696 1943 deberet
710 1891 808 1956 pretium
821 1905 864 1956 pro
875 1894 932 1957 bap·

127 1958 198 2012 tismo
212 1961 280 2027 dare,
291 1964 331 2014 sed
344 1961 419 2029 putlbs
433 1964 518 2028 absque
527 1962 639 2027 baptismo
652 1963 774 2026 decedere3
785 1965 933 2027 suppleretur

128 2033 189 2084 euim
203 2035 226 2085 ei
238 2049 268 2086 ex
277 2036 389 2101 baptismo
404 2035 504 2086 llemiuis
513 2075 520 2098 ,
530 2035 591 2100 quud
605 2035 627 2086 ei
636 2049 665 2086 ex
676 2038 819 2086 sacramento
830 2036 930 2087 deesset.

159 2106 193 2155 lld
213 2107 337 2158 secundom
350 2107 486 2172 dicendum,
499 2105 559 2170 qubd
576 2105 681 2158 sacerdos
701 2119 750 2159 noo
763 2105 849 2170 accipit
862 2106 933 2173 pecu-

129 2177 188 2227 niam
203 2177 267 2241 quasi
285 2179 382 2242 pretium
398 2179 573 2230 consecrationis
588 2177 735 2229 Eucharistiae
748 2181 786 2228 aot
800 2176 877 2229 Missae
891 2181 932 2229 de-

128 2250 244 2302 cantandae
261 2252 321 2312 (hoc
341 2251 401 2301 enim
422 2255 482 2302 esset
501 2249 682 2314 simoniacum),
698 2250 737 2301 sed
756 2250 822 2314 quasi
842 2250 932 2315 stipen-

128 2322 191 2372 dium
204 2337 251 2374 sum
265 2320 450 2386 sustentationis,
466 2326 492 2372 ut
505 2323 643 2375 dictumest.
762 2385 767 2392 5

158 2394 192 2443 Ad
207 2393 297 2445 tertium
311 2391 516 2460 dicendum,c1ubd
530 2392 625 2458 pecunia
638 2408 684 2446 uon
697 2393 796 2458 exigitur
809 2394 838 2444 ab
849 2408 878 2446 eo
889 2395 930 2460 qui

127 2465 263 2528 absolvitur,
279 2466 344 2531 quasi
355 2466 452 2530 pretium
464 2466 612 2518 absolutionis
622 2467 630 2532 (
640 2468 684 2517 boc
700 2465 760 2516 euim
775 2469 837 2515 esset
859 2465 930 2517 simo-

127 2534 243 2599 niacumt,
261 2539 302 2588 sed
315 2538 380 2602 quasi
398 2551 466 2602 poeua
488 2534 561 2602 culpae
579 2537 742 2602 precedentis,
756 2550 798 2600 pro
816 2549 863 2598 qua
881 2537 929 2586 luit

127 2609 343 2660 excommunicatus.

158 2679 309 2742 dopositum
328 2677 457 2744 dicendum,
467 2680 528 2746 qudd
541 2680 599 2730 sicut
616 2678 702 2729 dictum
720 2681 770 2742 est,
781 2676 924 2730 cousuetudo

126 2761 172 2800 non
184 2747 367 2813 praejudicatiuri
378 2753 474 2802 naturali
481 2752 517 2803 uel
526 2749 611 2812 diuino,
619 2763 664 2814 quo
672 2747 768 2800 simonia
777 2749 923 2812 prohibetur.

127 2821 155 2870 Et
170 2819 234 2884 ideo,
244 2821 265 2872 si
282 2820 356 2885 aliqua
372 2837 401 2874 ex
417 2821 579 2876 consuetudine
600 2821 720 2884 exigantur
740 2820 806 2884 quasi
824 2822 926 2884 pretium

126 2892 159 2942 rei
173 2891 311 2957 spiritualis,
326 2908 377 2944 cum
392 2895 519 2947 intentione
532 2892 621 2945 emendi
633 2893 671 2943 uel
683 2893 797 2944 vendendi
805 2929 814 2956 ,
829 2895 865 2943 est
878 2907 928 2943 ma·

126 2961 208 3016 milesii
223 2963 333 3028 simonia,
351 2970 374 3015 et
384 2963 500 3032 precipue
516 2965 536 3016 si
548 2966 576 3016 ab
593 2963 666 3016 inuito
679 2964 806 3030 exigantur.
827 2963 853 3014 Si
872 2963 930 3020 send
