1934 3284
387 195 420 234 ιιι
435 193 517 234 neura.
804 183 854 238 att

71 266 218 334 Reemndec
236 267 372 333 dicendam,
391 271 451 335 quie
465 271 590 324 sennenn
609 284 639 325 ea
650 285 702 338 nnn
712 273 781 339 muri
793 275 854 328 aicta

40 347 107 406 sunt,
118 341 163 392 nbi
173 343 211 392 eet
221 340 265 392 alia
273 341 418 406 mindeliti,
425 341 458 394 ini
468 347 606 395 ncneeaeest
617 344 679 410 qnid
687 345 718 396 eit
725 345 770 396 alia
780 347 855 400 virtue
879 404 886 414 ,

40 428 95 479 qua
113 413 221 466 debitum
231 413 319 464 reddat.
333 414 382 466 ilia
396 419 471 466 antem
485 415 574 468 ratione
591 417 686 468 iebetm
694 418 793 469 eerntna
804 422 851 472 lieu

41 492 65 537 et
79 485 175 538 homini
188 497 259 536 :nana
267 485 328 536 liene
340 487 467 550 plenarium
481 487 636 553 etprincipale
648 490 773 541 dominium
782 491 854 543 labet

42 562 155 623 respectu
170 556 242 608 lutiae
253 560 277 608 et
288 557 409 622 cujuslibet
421 562 539 623 ereatura,
551 562 767 627 quenuunrejm
779 562 852 627 subii

44 631 105 681 citur
118 629 248 694 potentatu
260 630 329 682 hnmn
338 633 413 682 entem
422 631 544 696 participat
552 634 671 696 quamnam
681 633 853 686 similitudinem

44 787 112 838 super
124 771 227 836 aliquem
236 772 369 837 luminam,
384 774 421 825 vel
431 776 607 840 supergaliuuam
616 779 751 827 creaturam.
763 778 791 828 Et
800 777 851 829 iden

45 846 140 906 dulia,
155 857 208 908 qun
226 844 324 896 debitam
341 846 473 898 cernentem
493 846 586 898 exhibet
603 846 692 898 lumini
710 847 850 911 inminenti,

44 917 89 967 ulia
100 917 179 966 virtus
195 918 231 966 eet
245 928 258 966 a
272 915 369 977 iniria,
386 932 436 982 qua
454 919 548 970 exhibet
561 919 660 970 debitam
672 919 803 970 servitutem
818 920 853 970 di-

45 988 99 1040 vine
114 987 232 1040 dominic.
246 989 275 1040 Et
289 993 325 1041 eet
335 992 439 1053 quedam
455 991 605 1044 nlsenmun
618 991 707 1056 menica
723 1008 728 1040 :
744 992 799 1055 quia
812 1005 853 1057 per

46 1061 239 1112 observantiam
251 1060 389 1112 honoramus
399 1076 553 1128 quascumque
560 1076 669 1128 personae
679 1061 786 1126 dignitate
795 1077 854 1128 prn-

48 1134 172 1196 nlenten
198 1144 239 1196 per
263 1131 366 1183 <iniiam
389 1137 463 1185 autem
482 1135 575 1200 grunni
594 1138 709 1201 numatam
732 1135 792 1186 nerei
811 1137 853 1188 dc·

48 1204 122 1256 mines
144 1216 202 1254 snus
220 1205 369 1256 uenerantur.
384 1206 462 1256 Delia
482 1206 544 1258 enim
563 1206 638 1271 graeci
657 1201 755 1258 neruine
771 1207 853 1258 (ιιιιιιιι

62 1274 187 1348 δουλεία).

50 1279 56 1347 ἱ
75 1277 226 1414 ligerinum
241 1361 294 1414 ergo
307 1347 437 1430 emendum,
446 1349 507 1414 quii
519 1351 580 1402 sicut
590 1351 669 1416 religio
682 1365 724 1418 ner
739 1352 853 1404 excelleu-

47 1421 101 1470 tlam
122 1419 210 1472 dicitur
222 1421 323 1484 pruine,
339 1419 364 1470 iu
381 1426 489 1484 quantum
506 1425 565 1474 liene
583 1426 619 1474 eet
636 1424 851 1488 perexcellentium

47 1493 120 1554 pater,
133 1491 169 1542 ita
182 1493 253 1542 etlam
262 1491 328 1542 latria
338 1493 545 1556 perexcellentium
559 1495 642 1564 dicitur
654 1494 753 1554 entius
747 1509 770 1544 m
780 1509 853 1559 quan·

47 1568 93 1612 tum
107 1565 171 1614 Dens
186 1562 326 1614 excellenter
341 1556 664 1618 calumniationem
683 1570 785 1617 creatura
798 1579 852 1630 par-

3 1659 4 1695 ,
47 1633 125 1698 ticipat
141 1632 270 1698 polenium
283 1635 381 1697 creandi
396 1635 484 1686 ratione
498 1637 566 1701 cnjue
575 1637 621 1687 lien
633 1637 727 1688 deletur
742 1636 852 1688 latria:

47 1710 68 1754 el
80 1706 135 1756 lieu
149 1705 230 1756 Glceaa
244 1705 284 1754 illa
298 1704 403 1756 distinxit
418 1707 542 1759 attribuens
551 1708 657 1758 latrium
667 1709 713 1759 neu
723 1708 852 1759 secunlum

49 1777 208 1839 creationem,
227 1789 278 1840 qnae
293 1781 401 1828 creatur·
414 1791 459 1830 acu
474 1779 661 1842 communicetur,
681 1779 779 1830 datiane
798 1779 852 1832 neri

47 1847 172 1899 emnium
191 1847 317 1898 dominium
333 1849 392 1912 qued
406 1853 516 1901 creature
530 1850 716 1900 cummunicatur.

77 1920 113 1970 Αι
124 1919 389 1985 secundnmdicendnm,
397 1921 457 1984 quid
469 1922 527 1972 ratic
537 1921 646 1984 diligendi
653 1922 781 1987 proximum
790 1923 851 1972 liene

49 1996 97 2054 est,
109 2005 158 2042 nen
169 1991 232 2041 enim
243 2003 284 2055 per
298 1993 430 2044 claritatem
442 1992 557 2056 diligimus
567 1993 591 2043 iu
599 1994 702 2058 umnimc
714 1994 760 2044 nini
772 1995 850 2058 llenm3

48 2066 71 2112 et
82 2064 138 2114 iden
156 2063 235 2114 eadem
251 2063 349 2114 channe
369 2069 463 2129 estque
479 2065 581 2128 diligitur
598 2066 659 2116 liene
676 2070 700 2117 et
715 2065 848 2130 proximum

48 2138 104 2184 sunt
121 2138 202 2184 tamen
215 2134 265 2185 alae
279 2135 399 2200 amicitia,
414 2135 545 2187 dilierentee
559 2137 572 2186 a
584 2137 709 2199 cannete,
726 2136 852 2186 secundina

48 2205 104 2256 eliae
113 2204 218 2256 rutnans
225 2205 308 2269 quilns
320 2208 425 2258 leminea
432 2211 544 2257 amantur.
555 2209 584 2257 et
593 2207 698 2258 similiter
705 2207 757 2258 cum
768 2208 799 2257 eit
808 2208 852 2259 alia

48 2277 106 2328 ratic
118 2277 235 2329 serviendi
248 2279 294 2329 lieu
308 2282 331 2329 et
344 2279 446 2340 homini,
461 2284 501 2330 aut
516 2278 642 2331 lenuranii
654 2284 790 2342 utrumque,
804 2293 851 2331 nnn
883 2322 885 2325 .

48 2349 174 2402 estendere
194 2348 267 2399 virtue
281 2348 362 2399 iniria
377 2353 400 2400 et
415 2350 499 2401 dulia.

78 2419 114 2470 Ad
130 2418 224 2470 tertium
238 2419 366 2484 dicendum,
382 2420 444 2485 quii
456 2425 533 2473 metue
545 2422 585 2486 qui
600 2425 636 2473 eet
654 2422 678 2472 in
691 2420 813 2486 imaginem
826 2424 852 2474 in

48 2495 160 2556 quantum
180 2494 215 2542 eet
234 2491 325 2556 image,
339 2493 436 2544 retertur
455 2492 481 2542 ιιι
494 2507 540 2545 uem
560 2495 626 2559 cujne
644 2497 680 2544 eat
699 2493 789 2558 imagu;
804 2507 852 2546 nen

48 2566 124 2613 nmen
143 2563 218 2612 omnin
238 2567 314 2614 motus
328 2564 368 2627 qui
382 2567 418 2616 est
431 2565 455 2615 in
468 2565 604 2629 imaginem,
616 2567 714 2616 retertur
725 2564 749 2614 in
763 2578 813 2616 eam
826 2567 851 2616 in

48 2638 162 2698 qnantum
174 2637 210 2684 eet
221 2634 295 2699 image
305 2650 311 2684 :
321 2639 345 2686 et
357 2635 409 2688 iden
423 2637 558 2700 quandoque
566 2640 603 2687 est
612 2636 672 2687 aliua
683 2642 761 2688 metue
771 2638 849 2702 apeme

50 2707 73 2755 ιιι
85 2705 223 2768 imaginem,
240 2709 264 2756 et
281 2711 356 2758 mutue
369 2707 393 2757 iu
409 2721 466 2759 rem.
478 2707 518 2758 Sic
533 2720 589 2771 ergo
604 2708 723 2759 licerium
739 2712 775 2759 est
788 2706 850 2772 quill

50 2778 122 2830 hnacr
130 2777 169 2828 vel
183 2777 296 2842 subjectio
307 2777 387 2828 dulim
398 2779 490 2844 respicit
503 2779 606 2832 ιιιοιιιιι
622 2782 743 2843 quamdam
751 2778 851 2835 lammis

50 2849 199 2914 lignitatem
211 2847 264 2900 leet
277 2849 341 2900 euim
350 2850 473 2903 emendum
480 2849 545 2902 illam
552 2850 687 2916 dignitatem
697 2852 728 2902 eit
739 2853 809 2902 lemn
820 2849 850 2899 ael

51 2920 174 2994 imaginem
194 2921 231 2974 nel
248 2921 419 2978 eimilitniinem
435 2924 493 2990 Dei,
506 2936 553 2976 unu
568 2926 647 2977 ιιιιοιι
665 2935 755 2992 nmper
766 2923 849 2986 nemu,

5 3043 9 3200 l
