1934 3284
367 175 400 214 nn
413 173 544 217 outrronn.
827 173 858 222 tt

52 262 108 302 suum
120 251 171 304 beo
185 265 258 317 quum
274 251 298 303 ei
311 265 354 317 per
368 254 517 304 renuentium
534 253 640 318 subjicit,
658 256 859 319 nquodnmmorlo

49 327 183 388 presentet,
200 327 228 374 ut
238 328 303 390 petet
317 338 349 375 ex
365 324 504 376 authoritate
518 325 622 390 Dionysii
633 325 698 390 pribs
715 326 817 379 inducit.
830 329 859 380 ot

49 395 95 446 ileo
109 397 173 448 simut
181 409 250 448 mens
261 396 367 446 bumana
375 395 508 459 proeminet
516 396 667 448 exterioribus
675 401 699 448 et
708 400 860 464 corporalibus

48 468 157 518 membris
175 467 216 518 vel
235 466 391 519 exterioribus
408 467 537 532 rebusque
552 467 580 518 ud
598 469 640 519 Ilei
655 470 773 522 seruitium
786 472 859 536 appli-

7 535 8 550 ³
48 543 143 603 ortu,
159 539 194 591 itu
209 539 279 590 etium
297 538 373 592 oratio
385 540 517 602 preeminet
530 539 681 595 albentibus
690 542 815 606 roligionis.

840 646 851 678 1

348 719 512 772 fflrluolbs
526 721 565 772 Ν.

244 845 332 892 Utrrtrtt
342 846 422 902 polum
431 847 496 892 Drtts
504 847 588 894 debeat
594 849 670 894 omri.

77 971 113 1024 lul
121 976 231 1038 quartum
247 973 281 1024 sie
294 972 428 1038 proceditur
439 972 481 1036 (l).
491 973 585 1024 Videtur
597 973 731 1037 qnooolnss
741 977 807 1026 lions
819 977 858 1026 ‹le-

47 1045 99 1095 beal
109 1046 179 1096 orari.
195 1046 276 1096 Oratio
287 1045 351 1094 enirn
360 1046 397 1094 est
405 1047 469 1096 eotus
478 1044 609 1109 roligionis,
621 1048 648 1096 ut
657 1045 744 1099 dietum
757 1051 803 1098 est.
812 1047 856 1098 Seu

47 1117 112 1166 sulus
123 1119 185 1168 Deus
197 1119 237 1168 est
251 1115 363 1184 religione
372 1115 489 1167 uolentlus.
497 1117 557 1179 Ergo
565 1117 626 1167 solus
635 1117 737 1168 monesi
747 1119 854 1170 urendus.

78 1191 102 1237 2.
115 1189 246 1250 Praetereu,
258 1187 343 1237 trustra
355 1185 477 1250 porrigitur
488 1188 560 1238 oratio
568 1186 596 1238 ed
609 1201 662 1237 euru
679 1186 718 1249 qui
731 1189 855 1240 orationem

45 1270 95 1308 non
109 1258 242 1322 eognusess.
256 1258 304 1310 sel
316 1257 387 1310 solius
403 1257 445 1316 liei
458 1262 495 1308 est
503 1258 630 1311 omnum
643 1270 793 1322 cognomen
805 1263 854 1310 tum

45 1330 100 1392 quie
110 1330 252 1394 plerumque
263 1330 337 1382 oratio
350 1329 426 1392 magis
439 1328 514 1392 agitur
528 1329 631 1380 interiori
639 1332 691 1380 aetu
704 1330 788 1394 (quent
797 1331 859 1382 solus

45 1399 107 1450 lieus
120 1401 260 1465 eognoseit)
274 1413 343 1464 quam
358 1412 435 1463 rote,
450 1400 575 1451 secundm
587 1400 643 1452 illud
653 1401 715 1465 quod
736 1403 856 1464 spostolus

46 1471 102 1522 uiuit
111 1473 121 1522 l
131 1473 172 1522 ad
185 1471 317 1535 Corinth„
329 1472 380 1524 xlv
395 1487 400 1520 :
414 1471 509 1522 «Orebo
521 1472 613 1536 spiritu,
627 1472 696 1523 orabo
705 1475 729 1522 et
740 1478 856 1538 metten

47 1547 93 1592 tum
103 1542 175 1594 etium
185 1544 252 1608 qun,
259 1546 285 1593 ut
294 1541 437 1606 Augustinus
451 1542 505 1592 dicit
514 1543 539 1593 in
547 1543 604 1594 libro
614 1545 653 1593 De
662 1558 724 1593 euro
737 1559 785 1608 pro
792 1559 860 1594 mor·

52 1615 102 1664 tuis
113 1614 220 1680 rupendo
234 1630 243 1663 .·
257 1631 272 1662 ιι
286 1613 398 1666 Nesciunt
414 1613 498 1664 mortui
513 1614 600 1679 (otum
613 1615 703 1678 saneti)
718 1615 773 1680 quiri
790 1618 859 1680 agant

48 1685 96 1734 rivi
108 1686 194 1750 (etium
207 1699 290 1736 eorum
302 1685 371 1751 ilii).
388 1701 404 1734 u
418 1685 477 1750 Ergo
491 1685 562 1736 oratio
575 1697 624 1736 non
640 1687 731 1738 enimsi
746 1689 793 1740 lieo
805 1700 858 1751 por·

46 1757 150 1820 rigente

78 1836 101 1880 3.
113 1833 248 1890 muna,
260 1829 281 1879 si
291 1828 407 1892 aliquibus
419 1828 504 1878 sanetis
518 1829 642 1880 nationem
656 1829 791 1894 porrigimus
800 1830 859 1890 ‚boe

53 1915 94 1952 non
105 1907 140 1954 nst
155 1901 206 1954 nisi
219 1900 244 1950 in
264 1903 376 1962 quantum
389 1902 443 1950 sunt
464 1901 511 1951 beo
525 1901 646 1964 cunjuncti.
665 1901 710 1952 Sel
723 1900 815 1964 pidum
833 1901 858 1952 in

49 1975 92 2025 boe
102 1975 195 2026 mundo
210 1971 331 2036 urente33
344 1971 383 2022 rel
393 1971 417 2020 in
432 1971 561 2034 purgatorio
572 1973 641 2025 etiam
654 1968 795 2036 existentes,
805 1977 859 2027 sunt

46 2045 144 2098 multum
157 2048 211 2096 lieo
224 2043 344 2108 eonjuneli
355 2056 397 2106 per
410 2042 518 2107 gretiam
532 2044 563 2094 erl
579 2057 621 2094 eos
632 2047 709 2094 autem
720 2057 768 2094 non
781 2043 859 2108 porri-

46 2121 109 2182 gitur
121 2117 208 2169 ornlio.
221 2117 283 2178 Ergo
297 2127 342 2165 neu
351 2114 381 2164 ad
394 2113 490 2171 Senetos
500 2115 540 2177 qui
551 2114 640 2166 suntin
654 2115 777 2178 Paulino,
790 2115 858 2166 debe·

46 2205 98 2242 mus
110 2190 245 2242 orationem
258 2186 385 2251 porrigere.
602 2230 606 2234 .

76 2265 122 2314 Sed
134 2265 220 2314 contra
236 2261 282 2321 est,
294 2257 356 2324 quod
369 2255 529 2320 dicitordob,
542 2256 754 2309 llquocttieut
766 2256 857 2322 qutbi

45 2335 198 2401 respondean
213 2335 237 2384 st
250 2331 280 2380 ad
292 2331 394 2394 anruern
406 2332 536 2380 moturum
550 2332 693 2387 conuertere.
703 2345 718 2376 o

76 2409 246 2472 (corausto.
261 2429 293 2438 -
307 2401 442 2464 Quanquam
455 2401 518 2452 sulus
530 2402 591 2451 Deus
604 2399 634 2450 sit
655 2401 766 2464 orandus,
777 2405 803 2452 ut
821 2403 858 2455 rel
884 2447 896 2464 ,

44 2479 80 2531 rel
98 2478 203 2544 gratiam
224 2474 322 2539 gloriam
340 2471 408 2524 nobis
428 2471 512 2536 donet,
526 2475 618 2523 senous
635 2471 780 2527 nibbonrinus
797 2472 858 2526 viros

45 2564 108 2602 orare
124 2546 238 2614 expedit,
252 2548 278 2594 ul
291 2544 382 2595 ilerum
393 2541 500 2607 precibus
511 2547 534 2594 et
547 2543 635 2594 meritis
646 2547 729 2596 nostre
742 2544 858 2596 orationes

46 2623 174 2674 sortiuntur
188 2616 326 2680 effectum.)

74 2691 220 2760 Respondeo
238 2688 376 2752 uiuendum,
392 2685 455 2751 qood
467 2687 541 2739 oratio
555 2687 678 2752 porrigitur
694 2687 761 2738 elicui
782 2687 858 2752 dupli-

77 2837 110 2904 β)
124 2843 159 2888 lte
168 2837 209 2885 loir
223 2834 296 2882 ellum
310 2833 353 2893 iv,
365 2833 444 2883 sest,
457 2832 511 2878 (list.
523 2830 566 2892 15,
580 2845 622 2891 qu,
642 2833 674 2893 t,
688 2837 732 2880 m,
745 2831 771 2892 5,
783 2844 859 2891 qm.

46 2903 159 2960 tiuno.1;
174 2895 471 2958 etun.tt⁸,qu.1,art.
489 2894 777 2957 l,quurrtiunn.1‚au2.
