1934 3284
141 189 170 236 et
244 195 354 237 orcum
369 195 497 248 summe,
513 197 606 244 acm.
623 199 727 250 unni,
743 188 799 238 dur.
816 200 834 236 ι.

140 274 282 325 visibilium
298 273 482 340 intelligentia,
499 288 541 339 per
558 287 626 338 quam
642 273 731 325 scilicet
749 275 944 340 apprehendimur

141 349 168 398 de
182 359 318 412 unoquoque
332 345 387 410 qnid
400 349 450 410 est;
465 347 566 397 secunda
580 346 635 398 rerd
646 350 680 397 est
696 347 845 411 compositio
858 352 884 398 et
902 352 944 402 di-

142 420 222 477 virio,
241 431 282 484 per
295 431 364 483 qnam
382 417 471 470 unet
488 418 666 484 apprehenditur
679 418 762 482 aliqud
775 432 827 470 eoae
843 421 882 471 cel
897 437 944 476 nor

142 503 206 554 esse3
217 488 374 553 quibustertia
388 487 488 551 additur,
501 488 679 546 ratiocinatio,
694 490 838 554 procedendo
855 492 944 545 scilice

143 559 171 610 de
184 560 244 610 notis
258 561 286 610 ad
297 560 384 624 ignota.
398 559 445 610 sed
457 560 528 613 oratio
544 561 573 611 cd
583 559 669 611 nuttam
677 561 774 611 istam
784 563 944 625 operationun

142 631 266 682 reducitur.
278 631 336 695 Ergo
350 642 397 681 non
411 633 446 682 est
459 634 524 681 actus
536 628 680 683 intellectiva
690 630 791 695 virtutis,
805 632 846 682 sed
856 637 945 698 appeti

141 701 203 752 tiva.

172 773 216 822 Sed
230 775 307 822 contra
323 775 359 823 est
368 809 374 837 ‚
383 773 443 840 quod
454 771 554 825 Isidorus
564 773 619 826 dicit
628 773 653 824 in
663 770 704 824 inb.
716 773 875 839 Etymotop„
886 777 944 839 qudi

142 861 156 892 o
167 857 231 894 orare
243 843 302 894 idem
312 848 348 895 est
358 857 385 895 ao
393 844 477 896 dicere.
486 861 500 892 n
510 847 556 896 Sed
567 845 634 896 dictio
646 845 744 910 pertinet
753 845 781 896 ad
790 846 944 898 intellectum

141 919 200 982 Ergo
211 917 281 969 oratio
295 930 341 968 non
351 920 386 968 est
399 920 462 968 actus
474 918 606 982 appetitirn
616 918 721 978 uirtutis,
733 919 772 968 sed
786 917 944 970 intellectivae

175 991 337 1052 (concinere.
355 1015 385 1026 -
398 988 454 1038 Cirm
468 992 546 1052 petere
571 989 619 1039 sire
638 988 754 1054 deprecari
778 988 944 1040 ordinationen

141 1062 261 1125 quemdam
271 1061 371 1122 denotet,
383 1059 488 1110 ordinare
501 1064 574 1111 auteur
583 1059 664 1110 rationi
672 1057 805 1120 conueniat,
817 1059 944 1112 orationen

143 1145 193 1182 esse
207 1131 349 1182 intellectivae
362 1133 385 1178 et
396 1143 443 1186 nou
455 1130 586 1195 appetitiva
599 1130 679 1194 partis,
694 1129 811 1184 fatendum
822 1129 885 1193 est.)

174 1202 312 1266 despondeo
327 1201 458 1264 dicendum,
470 1201 539 1266 qnid,
554 1200 678 1252 secundino
691 1201 858 1263 wenedorum,
874 1202 944 1252 oratii

144 1273 226 1324 dicitnr
235 1271 300 1336 qnasi
311 1273 366 1321 oris
375 1273 453 1322 notio.
464 1272 533 1322 Ratio
542 1276 619 1323 annm
628 1272 768 1337 speculativa
779 1274 804 1322 et
811 1272 919 1335 practica
928 1274 944 1324 n

145 1347 189 1395 hoc
202 1343 325 1406 differunt,
342 1342 401 1407 qndd
414 1343 470 1394 ratio
483 1345 622 1408 speculativa
639 1347 674 1395 est
689 1343 855 1409 apprehensica
873 1345 944 1403 solinu

146 1427 235 1480 rernm;
251 1413 308 1464 ratio
322 1413 375 1465 vend
394 1415 492 1478 practica
505 1419 540 1466 est
558 1429 604 1466 non
621 1415 694 1466 solium
707 1413 875 1479 apprehensira
884 1452 893 1478 ‚
910 1430 944 1467 ser

146 1485 213 1536 etiam
229 1484 350 1535 causativa.
371 1485 412 1536 Est
425 1489 500 1536 autern
513 1486 598 1550 aliquid
614 1485 707 1537 atterius
722 1497 791 1536 cansa
806 1484 944 1551 dupliciter,

146 1569 193 1607 nno
209 1556 300 1620 quidem
314 1557 381 1606 modo
398 1555 514 1620 perfecte,
528 1557 687 1608 necessitatem
704 1555 846 1616 inducendo,
861 1561 887 1607 et
907 1559 944 1608 ho

147 1625 258 1690 contingit
267 1627 356 1690 quando
368 1624 460 1678 effectus
469 1628 569 1678 totaliter
577 1628 680 1678 subditur
688 1628 795 1692 potestati
805 1639 895 1694 oausae3
905 1631 944 1680 ali

147 1697 499 1763 cerdmodoimpertectd‚soldrn
508 1699 658 1763 disponendo,
663 1700 754 1762 qnando
760 1697 846 1749 scilicet
851 1699 944 1751 edectn

148 1783 194 1822 non
202 1768 304 1820 subditur
317 1770 426 1833 potestati
437 1783 511 1822 cunsae
525 1771 634 1822 totaliter.
647 1770 683 1820 Sic
696 1783 750 1834 ergo
763 1774 788 1820 et
799 1769 857 1819 cutio
873 1771 944 1836 dupli

143 1841 206 1908 *citcr
222 1845 257 1892 est
267 1853 335 1892 cnnsa
353 1842 478 1905 aliquorum
495 1850 559 1892 :une
570 1841 663 1904 quidem
677 1842 743 1892 modo
753 1881 760 1904 ‚
772 1841 834 1891 siout
843 1845 944 1894 necessi

108 1959 112 1964 .
144 1915 217 1962 tatem
229 1911 361 1976 imponens,
377 1915 399 1963 et
416 1914 460 1962 hoc
476 1913 583 1963 modoad
598 1911 708 1962 rationein
720 1913 820 1977 pertinet
835 1911 944 1976 imperor

148 1994 194 2033 non
204 1981 276 2033 eoldm
285 1981 430 2034 interioribus
437 1983 546 2047 potentiis
556 1986 579 2033 et
586 1983 695 2034 membris
703 1982 816 2048 corporis,
828 1982 870 2034 sed
878 1985 944 2038 etian

147 2054 278 2104 hominibus
294 2055 420 2120 subjectis,
434 2056 494 2118 qnod
507 2053 637 2118 quidemst
655 2055 802 2120 imperand03
818 2055 863 2105 alio
881 2060 944 2108 mod

147 2125 207 2176 siout
223 2126 334 2176 inducens
348 2129 372 2176 et
385 2125 549 2190 quodammodo
563 2125 701 2190 disponens,
714 2129 738 2176 et
750 2126 795 2176 hoc
806 2126 874 2176 ruodo
890 2134 944 2178 rati-

148 2195 207 2261 petit
221 2197 307 2262 aliquid
323 2197 372 2248 fieri
390 2197 418 2246 ab
437 2195 474 2246 his
495 2195 535 2260 qui
553 2196 575 2247 ei
590 2196 815 2262 nonsubjiciuntur,
829 2197 879 2247 sice
901 2200 944 2252 sin

148 2269 259 2332 aequales,
270 2268 317 2319 sive
328 2268 374 2320 sint
383 2267 520 2332 superiores.
532 2268 657 2333 Utrumque
666 2269 831 2320 antoninorum
842 2268 944 2334 (scilice

76 2376 80 2384 ,
150 2342 173 2390 et
185 2338 297 2404 imperare
305 2343 329 2390 et
341 2342 432 2404 petere,
443 2338 492 2389 sire
505 2338 636 2402 deprecari)
649 2338 815 2390 ordinationem
825 2341 944 2406 quamdau

150 2411 273 2476 importat,
284 2413 350 2474 prout
369 2407 454 2460 scilicet
467 2410 535 2460 homo
548 2408 647 2474 disponit
666 2410 752 2474 aliquid
767 2424 808 2475 per
820 2409 883 2460 aliud
900 2425 944 2464 ess

149 2482 279 2533 iaciendum
295 2496 300 2529 :
315 2483 375 2532 unde
388 2480 503 2546 pertinent
517 2482 545 2530 ad
560 2480 685 2545 rationem,
696 2481 763 2546 cnjus
780 2484 816 2531 est
826 2481 936 2534 ordinare

149 2557 242 2616 propter
257 2551 317 2616 quod
326 2549 477 2617 Philosophus
492 2551 547 2602 dicit
561 2551 586 2602 in
599 2552 703 2603 lnttto.
720 2553 788 2617 (cap,
800 2552 841 2602 ult.
851 2551 876 2616 ),
891 2556 944 2618 qudi

152 2641 166 2673 c
180 2625 208 2675 ad
221 2625 307 2687 optima
320 2623 453 2692 deprecatur
465 2623 531 2675 ratio.
545 2640 559 2672 n
573 2624 702 2674 sinautem
719 2638 781 2674 nnnc
792 2617 910 2689 loquimur
925 2630 944 2679 dr

150 2697 266 2760 oratione,
275 2699 342 2761 prout
355 2696 467 2761 significat
479 2697 599 2760 quiddam
612 2695 793 2761 deprecationem
808 2697 846 2747 rel
859 2700 944 2761 petitio

150 2781 217 2830 nent,
230 2766 353 2820 ncunddrn
364 2769 424 2833 quod
440 2767 580 2832 Augustinus
598 2766 654 2817 dicit
667 2766 692 2818 iu
704 2768 745 2819 lin.
760 2772 795 2816 De
807 2769 893 2820 certic
907 2780 944 2821 lto

150 2840 215 2889 mini
230 2840 318 2905 (Serto.
330 2840 373 2905 V),
391 2838 452 2906 qudd
466 2839 560 2890 contio
572 2839 652 2904 petitio
667 2840 768 2904 quedam
782 2843 830 2905 est3
841 2856 856 2886 n
872 2845 944 2893 etita

149 2923 269 2982 masoenus
280 2912 335 2984 dicit
347 2912 372 2963 in
389 2911 417 2982 ild
432 2911 472 2963 lib.
484 2913 494 2977 (
504 2904 557 2977 ca'p.
568 2910 630 2984 tt),¹
640 2911 700 2976 qndd
716 2910 811 2972 coratio
821 2914 857 2964 est
869 2915 944 2978 petiti
