1934 3284
365 157 396 194 eu
412 157 567 198 urrisun..
811 151 858 198 tte

51 232 134 282 mente
149 229 231 282 devota
240 231 331 288 <demut
342 231 499 296 spiritualibus
508 235 590 286 ciliciis
602 235 721 300 iudetere,
731 236 859 301 stragibus

52 301 95 367 qui
109 315 151 365 per
160 301 295 366 sapientiam
309 304 393 354 debent
408 305 518 369 pupulum
529 307 643 362 subditum
652 309 793 371 gubernare,
807 322 860 373 spe·

52 373 273 510 glrzlgffifom
293 375 410 428 iudicitur.
428 377 457 428 ldt
474 391 517 442 per
537 380 581 432 boc
603 383 669 443 uates
692 381 811 445 responsio
831 381 860 434 ad

259 795 260 798 ,
341 719 509 792 dbdstlb
525 721 574 789 db

168 865 202 912 De
216 865 386 930 ebrietasque
403 873 509 928 quatuor
524 870 643 917 articulet
662 870 755 918 disice,

89 1023 176 1080 Deinde
190 1023 378 1075 considerandum
394 1026 430 1076 cst
441 1023 468 1075 de
483 1025 600 1078 ebrietate.

89 1096 119 1146 Et
132 1093 191 1146 circa
201 1095 245 1148 bec
258 1099 392 1159 queruntur
401 1099 515 1159 quatuor:
527 1101 554 1146 1⁰
567 1096 648 1148 Utrbm
657 1097 760 1148 ebrietes
767 1098 798 1148 sit
807 1110 861 1162 pec·

58 1170 146 1218 catum.
161 1171 191 1216 2⁰
208 1165 288 1217 Utrirm
302 1166 331 1216 sit
344 1169 462 1231 peecatum
476 1169 581 1220 mortale.
602 1173 629 1218 30
639 1167 718 1220 lltrdm
730 1169 761 1220 sit
772 1169 862 1234 gravis·

57 1237 144 1288 dmum
160 1240 313 1302 peccaterum.
327 1242 353 1288 t⁰
366 1237 446 1288 Utrbm
463 1243 555 1290 excuset
567 1238 583 1290 a
593 1244 694 1304 peccate.

365 1417 527 1469 ubulcbtbs
543 1418 562 1468 l.

273 1543 357 1588 Utrdm
367 1544 469 1589 ebrietes
482 1544 515 1589 se't
527 1548 657 1601 merrtem.

91 1672 126 1725 td
142 1669 241 1735 primum
262 1671 295 1721 sic
308 1671 446 1735 proceditur.
464 1670 560 1722 Videtur
580 1670 643 1734 qudd
656 1671 754 1723 ebrietas
771 1684 818 1723 ueu
832 1672 864 1722 sit
959 1696 962 1711 ·

57 1747 189 1812 peccatum.
205 1744 277 1794 Omne
296 1742 357 1792 euim
373 1747 492 1806 peccatum
511 1743 583 1796 babet
598 1743 660 1793 aliud
678 1748 797 1805 peceatum
819 1742 864 1794 sibi

57 1814 208 1882 oppositum,
226 1814 286 1866 sium
305 1813 420 1864 timiditati
443 1815 550 1874 audacia,
567 1818 591 1864 et
609 1815 793 1878 pusillanimitati
805 1829 865 1880 qra-

58 1885 163 1950 sumptie
176 1886 308 1950 deponitur.
321 1885 366 1936 Sed
378 1886 483 1939 ebrietati
497 1886 583 1936 uude·
599 1889 718 1950 peceatum
730 1887 863 1950 opponitur.

58 1962 122 2022 Ergo
133 1957 230 2008 ebrietas
244 1971 290 2009 ucu
303 1961 338 2008 est
354 1963 480 2022 peecatum.

94 2035 120 2080 Ξ.
144 2031 269 2092 Praeterea,
289 2047 303 2078 ιι
317 2043 384 2080 cmue
405 2033 522 2092 peccatum
539 2031 575 2082 est
588 2028 741 2080 uoluntarium
763 2028 864 2093 (exdu-

59 2101 171 2167 gustiuc‚
189 2101 229 2152 lib.
249 2102 287 2150 De
297 2115 355 2152 cera
367 2101 509 2166 bellemus,
523 2112 577 2163 cap.
593 2101 623 2148 tt
632 2099 652 2163 ).
669 2100 714 2149 Sed
726 2099 804 2149 nullus
816 2099 866 2148 vult

60 2187 116 2228 esse
125 2172 216 2234 ebrius,
226 2173 279 2236 quia
288 2173 363 2224 nullus
372 2173 422 2223 vult
433 2171 520 2238 privari
531 2185 574 2222 usu
583 2171 688 2227 reliquis.
695 2172 756 2234 Ergo
766 2169 865 2221 ebrietas

59 2259 110 2298 non
123 2247 159 2296 cst
171 2248 298 2308 peccatum.
553 2305 557 2310 Ι
628 2300 629 2307 ¹

95 2321 120 2367 3.
136 2316 265 2380 Praeterea,
282 2333 296 2364 ιι
310 2315 444 2379 quicumque
461 2317 498 2366 est
514 2314 580 2365 alteri
593 2326 661 2364 seusa
673 2311 796 2377 peccandi,
812 2326 866 2377 pec·

61 2393 110 2442 cat.
127 2404 142 2436 rr
156 2387 182 2438 Si
199 2400 252 2451 erge
270 2387 367 2439 ebrietas
380 2391 441 2440 esset
462 2391 596 2450 peccatum,
611 2390 743 2449 sequeretur
758 2384 819 2448 qudd
832 2384 866 2435 illi

61 2462 104 2528 qui
118 2459 176 2511 elles
189 2459 289 2510 invitant
302 2462 422 2524 adpotum
436 2473 481 2524 quc
493 2459 640 2522 inebriantur,
656 2460 791 2522 peccarent,
805 2458 866 2521 qued

59 2535 156 2585 uidetur
170 2545 221 2582 esse
234 2533 299 2583 valde
312 2534 401 2584 durum.

97 2607 122 2656 i.
143 2607 272 2668 breterea,
287 2622 301 2654 ιι
314 2605 419 2656 omuibus
432 2604 532 2669 peccetis
550 2601 658 2654 correctio
673 2601 804 2652 debetur.»
819 2602 865 2652 Sed

62 2677 134 2730 ebriis
157 2689 203 2726 ueu
221 2676 340 2727 adhibetur
357 2677 473 2728 correctio.
497 2675 556 2725 Dicit
577 2674 639 2724 enim
660 2674 780 2736 Gregorius
804 2673 865 2738 qubd

64 2768 79 2800 u
94 2763 147 2799 cum
161 2747 226 2798 venia
236 2761 277 2798 suo
289 2747 444 2812 ingeniosum
456 2745 611 2810 relinquendi,
622 2759 652 2796 ue
661 2746 784 2796 deteriores
799 2745 863 2807 liant,

63 2823 84 2874 si
96 2821 110 2870 b
124 2820 167 2870 tali
182 2821 344 2872 cousuetudine
358 2819 493 2871 evellentem
503 2836 517 2867 u
530 2820 589 2883 Ergo
599 2817 696 2871 ebrietas
709 2831 757 2871 neu
771 2820 806 2872 est
815 2829 868 2881 uec·

64 2899 152 2947 cabum.
