1934 3284
124 193 171 240 996
227 201 336 242 sueonos
352 197 479 250 munnere,
496 197 589 244 unm.
607 198 695 250 remu,
712 197 768 236 tur.
786 199 820 237 rr.

124 283 251 332 rumentum
258 277 443 340 distinguendum
452 277 559 328 ridetur:
569 275 758 341 rutmimexigit
765 276 922 341 juramentum

124 365 166 419 pro
177 351 267 415 seipso,
278 349 367 414 proprie
377 353 471 414 sponte3
484 347 602 412 unterigit
608 349 763 413 juramentum
777 359 817 412 pro
826 348 880 411 atio,
892 363 923 399 ex

124 422 259 475 necessitate
268 421 338 472 officii
349 422 392 472 sibi
403 421 527 472 commissi.
536 422 565 470 Et
574 421 593 470 si
604 420 697 485 quidem
705 419 788 484 uliquis
798 431 840 482 pro
846 421 925 485 seipso

125 495 196 557 exigit
212 496 366 559 juramentum
382 497 491 558 tunquam
506 505 602 558 persono
621 492 722 556 prirntn,
739 491 925 554 distinguendum

123 567 222 629 ridetur,
236 569 261 616 nt
275 566 414 630 Augustinus
430 565 485 616 utet
496 565 520 614 in
536 565 619 614 Serm.
634 563 667 614 de
674 563 812 628 perjuriis.
823 563 846 614 Si
859 565 924 614 euim

124 638 197 689 nescit
214 651 264 688 cum
276 638 405 702 juraturum
426 637 520 698 summ,
534 641 558 686 et
572 636 625 687 ideo
637 636 693 686 dicit
707 652 715 685 ι
729 653 743 684 u
755 637 809 685 turn
822 634 897 697 mitri,
909 653 924 683 u

125 713 150 760 ut
164 709 220 760 fides
230 709 253 760 ei
265 701 304 759 dut
311 747 321 773 ‚
330 723 376 760 nou
387 713 423 760 esi
432 712 563 773 peccatum,
575 710 651 758 temen
659 711 693 758 est
705 709 805 757 humane
815 708 924 771 teutotio,

124 781 177 845 quin
191 782 279 832 scilicet
288 781 390 846 procedit
398 794 427 832 er
436 781 534 846 quedem
546 779 675 830 infirmitate
684 816 690 840 ,
699 793 743 843 qun
755 780 823 829 homo
833 779 926 832 dubitat

125 852 193 902 elium
209 865 259 904 osse
272 867 352 904 rerum
366 853 492 915 dicturnm3
508 853 590 902 etheo
609 854 646 901 est
657 851 712 901 idnd
729 849 814 900 malum
834 851 863 901 de
881 866 928 915 quo

124 925 233 977 Dominus
248 924 428 988 dicit‚diottd.,
445 924 580 982 Vreouod
594 923 691 987 amptius
700 926 749 983 est,
759 921 772 972 i
781 923 842 973 msto
851 928 900 974 est.
909 941 924 971 r>

124 997 149 1047 Si
160 1002 236 1047 autem
249 996 292 1047 scit
302 1009 354 1047 eum
368 995 460 1058 iecisse,
472 995 560 1046 scilicet
569 994 708 1046 contrarium
723 997 774 1056 ejus
785 993 846 1058 quod
853 995 928 1058 juret,

124 1073 147 1120 et
160 1069 283 1134 rugituum
295 1068 384 1131 jrrors,
396 1067 510 1118 homicida
521 1071 558 1118 est
571 1083 578 1116 ε
593 1067 632 1117 ilie
646 1067 709 1117 enim
723 1079 766 1116 sno
779 1065 882 1129 perjurio
903 1081 928 1118 se

123 1139 246 1201 interimit,
262 1140 301 1189 sed
319 1138 362 1189 iste
380 1149 471 1188 monum
491 1137 649 1189 interficientis
663 1136 788 1202 impressit.
806 1136 832 1186 Si
848 1140 927 1188 eutem

124 1209 206 1273 uliquis
217 1210 292 1273 eriget
299 1210 454 1273 jurameutum
462 1213 571 1273 tamquam
580 1220 678 1274 persona
687 1208 785 1273 pubiim,
797 1207 926 1259 secundum

124 1281 185 1346 qnod
199 1280 269 1344 exigit
279 1282 333 1332 ordo
345 1281 403 1345 juris
412 1283 439 1331 ad
454 1280 589 1346 petitionem
597 1279 703 1342 citerius,
713 1291 759 1329 nou
772 1278 927 1331 videturesse

124 1352 148 1402 in
162 1353 228 1416 culpa
239 1353 260 1402 si
270 1353 320 1418 ipse
330 1353 484 1418 juramentum
495 1353 586 1418 erigut,
596 1352 646 1402 sire
659 1351 716 1401 sciet
728 1364 780 1401 enm
793 1349 880 1402 fulsum
889 1355 927 1417 ju·

124 1436 188 1485 rare,
204 1424 253 1474 sire
264 1439 359 1475 rerum:
376 1425 428 1488 quin
445 1437 491 1475 non
504 1424 593 1475 ridetur
606 1423 646 1473 ilie
661 1422 768 1485 exigere,
786 1423 829 1472 sed
841 1422 882 1474 iiis
899 1425 929 1474 ud

125 1495 191 1558 cujus
204 1495 336 1547 instantium
347 1496 428 1560 erigit.

155 1568 189 1617 dd
197 1567 294 1631 primum
302 1582 356 1633 ergo
366 1565 562 1632 donndnmqndd
573 1566 672 1630 objectio
680 1565 719 1615 iile
725 1565 828 1629 procedit
833 1569 928 1630 quanm

124 1651 166 1701 pro
181 1651 205 1689 se
224 1639 306 1704 aliquis
319 1640 390 1704 exigit
403 1640 574 1703 juramentum,
589 1640 613 1688 et
627 1640 763 1688 tamennon
777 1649 871 1701 semper
885 1639 929 1689 soit

124 1721 177 1759 enm
194 1711 271 1774 jurare
294 1724 372 1761 rerum
394 1711 432 1760 vei
453 1709 551 1774 inlsnm;
573 1709 613 1760 sed
629 1708 764 1772 quandoque
785 1707 877 1758 dubitat
897 1711 929 1759 de

123 1780 183 1831 ructo
190 1819 199 1845 ,
214 1785 238 1834 ct
250 1782 324 1832 eredit
341 1793 394 1831 enm
409 1791 489 1830 remur
499 1780 642 1844 juraturum,
658 1782 682 1830 ct
698 1784 753 1830 turc
769 1779 798 1830 ad
811 1779 928 1844 majorem

123 1852 283 1903 certitudinem
295 1853 366 1916 erigit
377 1853 541 1915 J'urnmentnm.

156 1924 323 1974 uerecundum
334 1924 461 1988 dicendum,
470 1924 531 1988 qnird
541 1924 600 1974 sicut
612 1923 753 1988 Augustinus
763 1922 818 1973 dicit
830 1925 868 1973 od
876 1925 929 1974 Pu·

124 1993 241 2044 blicolom
255 1995 340 2058 (Epist.
358 1996 436 2059 CLIV,
451 2000 478 2046 ut
489 1996 580 2062 sopri),
597 2013 611 2043 ιι
622 1995 726 2059 quemvis
739 1993 824 2045 dictum
835 1996 881 2060 sit,
897 2010 928 2046 ne

121 2065 240 2130 juremns;
254 2079 371 2131 nunquam
392 2070 470 2118 temon
490 2081 525 2119 me
544 2068 569 2117 in
586 2067 709 2131 scripturis
729 2065 815 2116 sanctis
838 2067 926 2132 legisse

124 2137 230 2201 memini,
244 2152 273 2190 ne
289 2139 316 2188 nb
329 2138 405 2202 utiquo
417 2139 557 2203 jurationem
571 2138 717 2202 accipiemus.
728 2153 742 2184 u
755 2138 821 2188 Unde
831 2138 872 2189 itte
883 2140 926 2203 qui

121 2207 259 2271 jurationem
282 2209 374 2276 recipit,
394 2223 440 2261 non
462 2215 554 2274 peccet,
570 2209 614 2260 nisi
640 2209 699 2260 torte
718 2210 810 2273 quando
832 2211 929 2274 proprio

123 2285 204 2344 sponte
220 2283 248 2332 ud
259 2282 381 2346 jurandum
394 2282 454 2344 cogit
466 2295 519 2332 enm
535 2294 604 2345 quem
615 2282 658 2332 soit
671 2281 753 2330 falsum
765 2280 908 2345 juraturum.

156 2354 188 2403 sd
204 2355 297 2404 tertium
308 2353 440 2417 dicendum,
453 2353 514 2417 quod
524 2352 583 2404 sicut
598 2353 737 2418 Augustinus
750 2351 819 2415 dicit,
833 2353 929 2417 Moyses

124 2435 171 2473 uon
185 2425 296 2488 expressit
307 2425 331 2475 iu
339 2425 445 2489 predicta
457 2425 605 2487 auctoritate,
618 2426 656 2475 oui
667 2425 697 2475 sit
708 2423 857 2474 indicandum
873 2439 930 2488 per·

122 2495 211 2559 jurium
217 2497 319 2547 ulterius.
332 2499 360 2547 iit
370 2497 562 2562 ideointeiligitur
573 2500 632 2563 quod
646 2499 726 2549 debeat
736 2496 830 2546 indicnri
842 2497 930 2549 tribus

125 2566 164 2628 qui
179 2567 251 2628 magis
267 2571 362 2630 possunt
382 2570 491 2632 prodesse
504 2570 574 2634 quim
594 2571 675 2621 obesse
692 2569 792 2634 perjuro.
814 2567 931 2619 Similiter

124 2636 193 2686 etiem
208 2650 253 2687 non
275 2640 387 2702 expressit
406 2653 451 2704 quo
468 2642 547 2691 ordine
566 2643 647 2693 debent
660 2640 809 2691 maruesuri.
827 2640 858 2690 ut
875 2640 930 2690 ideo

125 2705 213 2757 videtur
228 2711 353 2760 serrandus
367 2711 421 2761 ordo
438 2713 599 2777 evangelicus,
615 2713 635 2764 si
653 2714 684 2764 sit
697 2715 817 2776 peccatum
827 2711 929 2775 perjurii

125 2778 237 2827 occultum
246 2797 253 2843 3
263 2783 286 2831 et
296 2781 410 2846 precipue
424 2786 515 2847 qnando
523 2797 569 2835 non
578 2785 654 2848 uergit
662 2784 687 2834 in
697 2781 858 2833 detrimentum
870 2783 930 2832 elte-

125 2847 185 2912 rius,
200 2851 253 2913 quin
266 2852 289 2900 iu
304 2853 344 2902 tati
354 2867 409 2904 orsu
420 2867 465 2906 nou
474 2856 569 2906 beteret
578 2857 653 2907 docum
663 2855 717 2906 ordo
726 2852 887 2917 evangelicus,
903 2857 930 2904 ut

125 2917 193 2982 sopri
208 2921 353 2974 dictumest.
