<?xml version="1.0" encoding="UTF-8"?>
<!DOCTYPE html PUBLIC "-//W3C//DTD XHTML 1.0 Transitional//EN"
    "http://www.w3.org/TR/xhtml1/DTD/xhtml1-transitional.dtd">
<html xmlns="http://www.w3.org/1999/xhtml" xml:lang="en" lang="en">
 <head>
  <title>
</title>
<meta http-equiv="Content-Type" content="text/html;charset=utf-8" />
  <meta name='ocr-system' content='tesseract 3.04.00' />
  <meta name='ocr-capabilities' content='ocr_page ocr_carea ocr_par ocr_line ocrx_word'/>
</head>
<body>
  <div class='ocr_page' id='page_1' title='image "./summatheologica05nicogoog_0551.png"; bbox 0 0 1934 3284; ppageno 0'>
   <div class='ocr_carea' id='block_1_1' title="bbox 125 134 950 203">
    <p class='ocr_par' dir='ltr' id='par_1_1' title="bbox 125 134 950 203">
     <span class='ocr_line' id='line_1_1' title="bbox 125 134 950 203; baseline 0.001 -20"><span class='ocrx_word' id='word_1_1' title='bbox 125 134 173 183; x_wconf 80' lang='lat' dir='ltr'>otc</span> <span class='ocrx_word' id='word_1_2' title='bbox 217 143 327 182; x_wconf 72' lang='lat' dir='ltr'>monne</span> <span class='ocrx_word' id='word_1_3' title='bbox 342 142 474 203; x_wconf 67' lang='lat' dir='ltr'>nemon,</span> <span class='ocrx_word' id='word_1_4' title='bbox 486 142 581 191; x_wconf 73' lang='lat' dir='ltr'>oum.</span> <span class='ocrx_word' id='word_1_5' title='bbox 595 142 700 193; x_wconf 72' lang='lat' dir='ltr'>ornei,</span> <span class='ocrx_word' id='word_1_6' title='bbox 716 142 772 181; x_wconf 79' lang='lat' dir='ltr'>sar.</span> <span class='ocrx_word' id='word_1_7' title='bbox 788 142 825 184; x_wconf 80' lang='lat' dir='ltr'>rr.</span> <span class='ocrx_word' id='word_1_8' title='bbox 949 136 950 191; x_wconf 84' lang='lat' dir='ltr'>l</span> 
     </span>
    </p>
   </div>
   <div class='ocr_carea' id='block_1_2' title="bbox 124 212 950 2219">
    <p class='ocr_par' dir='ltr' id='par_1_2' title="bbox 124 212 950 1005">
     <span class='ocr_line' id='line_1_2' title="bbox 125 212 950 285; baseline 0 -14"><span class='ocrx_word' id='word_1_9' title='bbox 125 219 156 271; x_wconf 90' lang='lat' dir='ltr'>sit</span> <span class='ocrx_word' id='word_1_10' title='bbox 168 218 240 283; x_wconf 75' lang='lat' dir='ltr'>magis</span> <span class='ocrx_word' id='word_1_11' title='bbox 252 218 347 269; x_wconf 81' lang='lat' dir='ltr'>volitum</span> <span class='ocrx_word' id='word_1_12' title='bbox 357 222 382 270; x_wconf 89' lang='grc' dir='ltr'><strong>ει</strong></span> <span class='ocrx_word' id='word_1_13' title='bbox 391 218 575 285; x_wconf 59' lang='lat' dir='ltr'>nonnumquam</span> <span class='ocrx_word' id='word_1_14' title='bbox 587 219 643 270; x_wconf 90' lang='lat' dir='ltr'>illud</span> <span class='ocrx_word' id='word_1_15' title='bbox 652 219 813 283; x_wconf 83' lang='lat' dir='ltr'>honuncnjus</span> <span class='ocrx_word' id='word_1_16' title='bbox 824 220 926 285; x_wconf 72' lang='lat' dir='ltr'>privatio</span> <span class='ocrx_word' id='word_1_17' title='bbox 949 212 950 259; x_wconf 57' lang='lat' dir='ltr'>l</span> 
     </span>
     <span class='ocr_line' id='line_1_3' title="bbox 124 288 927 357; baseline 0.004 -16"><span class='ocrx_word' id='word_1_18' title='bbox 124 289 208 354; x_wconf 79' lang='lat' dir='ltr'>ingerit</span> <span class='ocrx_word' id='word_1_19' title='bbox 220 290 320 341; x_wconf 87' lang='lat' dir='ltr'>dolorenr</span> <span class='ocrx_word' id='word_1_20' title='bbox 332 303 401 355; x_wconf 85' lang='lat' dir='ltr'>quem</span> <span class='ocrx_word' id='word_1_21' title='bbox 414 290 525 356; x_wconf 71' lang='lat' dir='ltr'>patienter</span> <span class='ocrx_word' id='word_1_22' title='bbox 533 290 664 341; x_wconf 86' lang='lat' dir='ltr'>toleramus.</span> <span class='ocrx_word' id='word_1_23' title='bbox 676 288 740 350; x_wconf 80' lang='lat' dir='ltr'>Quod</span> <span class='ocrx_word' id='word_1_24' title='bbox 756 294 833 343; x_wconf 85' lang='lat' dir='ltr'>auteur</span> <span class='ocrx_word' id='word_1_25' title='bbox 843 290 927 357; x_wconf 68' lang='lat' dir='ltr'>adeun</span> 
     </span>
     <span class='ocr_line' id='line_1_4' title="bbox 124 344 950 427; baseline 0.007 -16"><span class='ocrx_word' id='word_1_26' title='bbox 124 362 231 425; x_wconf 81' lang='lat' dir='ltr'>preferat</span> <span class='ocrx_word' id='word_1_27' title='bbox 243 362 326 411; x_wconf 83' lang='lat' dir='ltr'>bononi</span> <span class='ocrx_word' id='word_1_28' title='bbox 335 362 412 425; x_wconf 76' lang='lat' dir='ltr'>gratie</span> <span class='ocrx_word' id='word_1_29' title='bbox 421 361 526 412; x_wconf 83' lang='lat' dir='ltr'>omnihus</span> <span class='ocrx_word' id='word_1_30' title='bbox 538 360 678 413; x_wconf 83' lang='lat' dir='ltr'>naturalibus</span> <span class='ocrx_word' id='word_1_31' title='bbox 688 361 768 424; x_wconf 68' lang='lat' dir='ltr'>bonu,</span> <span class='ocrx_word' id='word_1_32' title='bbox 783 374 814 415; x_wconf 83' lang='lat' dir='ltr'>ex</span> <span class='ocrx_word' id='word_1_33' title='bbox 829 377 927 427; x_wconf 82' lang='lat' dir='ltr'>quornm</span> <span class='ocrx_word' id='word_1_34' title='bbox 949 344 950 417; x_wconf 73' lang='lat' dir='ltr'>l</span> 
     </span>
     <span class='ocr_line' id='line_1_5' title="bbox 125 430 950 499; baseline 0.004 -16"><span class='ocrx_word' id='word_1_35' title='bbox 125 432 249 483; x_wconf 78' lang='lat' dir='ltr'>amissione</span> <span class='ocrx_word' id='word_1_36' title='bbox 260 435 338 497; x_wconf 85' lang='lat' dir='ltr'>potest</span> <span class='ocrx_word' id='word_1_37' title='bbox 348 434 411 485; x_wconf 92' lang='lat' dir='ltr'>dolor</span> <span class='ocrx_word' id='word_1_38' title='bbox 424 432 521 497; x_wconf 74' lang='lat' dir='ltr'>causei,</span> <span class='ocrx_word' id='word_1_39' title='bbox 530 433 630 498; x_wconf 86' lang='lat' dir='ltr'>pertinet</span> <span class='ocrx_word' id='word_1_40' title='bbox 641 433 670 483; x_wconf 87' lang='lat' dir='ltr'>ad</span> <span class='ocrx_word' id='word_1_41' title='bbox 679 434 813 495; x_wconf 65' lang='lat' dir='ltr'>chanutem</span> <span class='ocrx_word' id='word_1_42' title='bbox 828 448 880 499; x_wconf 80' lang='lat' dir='ltr'>que</span> <span class='ocrx_word' id='word_1_43' title='bbox 893 434 927 485; x_wconf 94' lang='lat' dir='ltr'>di-</span> <span class='ocrx_word' id='word_1_44' title='bbox 949 430 950 433; x_wconf 69' lang='grc'>’</span> 
     </span>
     <span class='ocr_line' id='line_1_6' title="bbox 124 502 927 571; baseline 0.004 -17"><span class='ocrx_word' id='word_1_45' title='bbox 124 502 175 567; x_wconf 74' lang='lat' dir='ltr'>ligii</span> <span class='ocrx_word' id='word_1_46' title='bbox 188 505 259 555; x_wconf 76' lang='grc' dir='ltr'><strong>ὓεεω</strong></span> <span class='ocrx_word' id='word_1_47' title='bbox 271 517 339 569; x_wconf 88' lang='lat' dir='ltr'>super</span> <span class='ocrx_word' id='word_1_48' title='bbox 352 504 427 557; x_wconf 88' lang='lat' dir='ltr'>onnia</span> <span class='ocrx_word' id='word_1_49' title='bbox 437 520 444 555; x_wconf 75' lang='grc' dir='ltr'><strong>ι</strong></span> <span class='ocrx_word' id='word_1_50' title='bbox 454 506 518 556; x_wconf 88' lang='lat' dir='ltr'>Unde</span> <span class='ocrx_word' id='word_1_51' title='bbox 532 507 678 556; x_wconf 77' lang='lat' dir='ltr'>manifestum</span> <span class='ocrx_word' id='word_1_52' title='bbox 689 506 793 569; x_wconf 87' lang='lat' dir='ltr'>estqudd</span> <span class='ocrx_word' id='word_1_53' title='bbox 804 506 927 571; x_wconf 82' lang='lat' dir='ltr'>patientie,</span> 
     </span>
     <span class='ocr_line' id='line_1_7' title="bbox 126 573 926 644; baseline 0.005 -20"><span class='ocrx_word' id='word_1_54' title='bbox 126 573 251 644; x_wconf 77' lang='lat' dir='ltr'>recundito</span> <span class='ocrx_word' id='word_1_55' title='bbox 272 576 333 643; x_wconf 84' lang='lat' dir='ltr'>quod</span> <span class='ocrx_word' id='word_1_56' title='bbox 348 580 385 629; x_wconf 86' lang='lat' dir='ltr'>est</span> <span class='ocrx_word' id='word_1_57' title='bbox 400 576 487 640; x_wconf 80' lang='lat' dir='ltr'>virtus,</span> <span class='ocrx_word' id='word_1_58' title='bbox 507 575 521 627; x_wconf 86' lang='lat' dir='ltr'>i</span> <span class='ocrx_word' id='word_1_59' title='bbox 538 576 647 628; x_wconf 67' lang='lat' dir='ltr'>chanuto</span> <span class='ocrx_word' id='word_1_60' title='bbox 663 581 780 641; x_wconf 70' lang='lat' dir='ltr'>cauetur,</span> <span class='ocrx_word' id='word_1_61' title='bbox 801 577 926 629; x_wconf 74' lang='lat' dir='ltr'>ecundiin</span> 
     </span>
     <span class='ocr_line' id='line_1_8' title="bbox 125 644 927 717; baseline 0.001 -20"><span class='ocrx_word' id='word_1_62' title='bbox 125 646 209 697; x_wconf 91' lang='lat' dir='ltr'>illudi.</span> <span class='ocrx_word' id='word_1_63' title='bbox 223 647 258 697; x_wconf 79' lang='lat' dir='ltr'>ad</span> <span class='ocrx_word' id='word_1_64' title='bbox 271 644 341 717; x_wconf 68' lang='lat' dir='ltr'>Gor„</span> <span class='ocrx_word' id='word_1_65' title='bbox 350 649 404 700; x_wconf 89' lang='lat' dir='ltr'>lllll</span> <span class='ocrx_word' id='word_1_66' title='bbox 420 661 427 698; x_wconf 75' lang='grc' dir='ltr'><strong>ε</strong></span> <span class='ocrx_word' id='word_1_67' title='bbox 446 648 574 699; x_wconf 62' lang='lat' dir='ltr'>«Chanes</span> <span class='ocrx_word' id='word_1_68' title='bbox 585 648 674 714; x_wconf 82' lang='lat' dir='ltr'>petiens</span> <span class='ocrx_word' id='word_1_69' title='bbox 685 652 729 700; x_wconf 85' lang='lat' dir='ltr'>est.</span> <span class='ocrx_word' id='word_1_70' title='bbox 750 666 763 695; x_wconf 86' lang='lat' dir='ltr'>u</span> <span class='ocrx_word' id='word_1_71' title='bbox 779 647 927 701; x_wconf 73' lang='lat' dir='ltr'>Manifestum</span> 
     </span>
     <span class='ocr_line' id='line_1_9' title="bbox 126 718 925 785; baseline 0.003 -16"><span class='ocrx_word' id='word_1_72' title='bbox 126 722 163 769; x_wconf 87' lang='lat' dir='ltr'>est</span> <span class='ocrx_word' id='word_1_73' title='bbox 179 723 256 772; x_wconf 88' lang='lat' dir='ltr'>autem</span> <span class='ocrx_word' id='word_1_74' title='bbox 266 719 326 784; x_wconf 84' lang='lat' dir='ltr'>qudd</span> <span class='ocrx_word' id='word_1_75' title='bbox 341 720 496 773; x_wconf 88' lang='lat' dir='ltr'>charitasnon</span> <span class='ocrx_word' id='word_1_76' title='bbox 514 723 590 784; x_wconf 87' lang='lat' dir='ltr'>potest</span> <span class='ocrx_word' id='word_1_77' title='bbox 609 718 689 771; x_wconf 88' lang='lat' dir='ltr'>haberi</span> <span class='ocrx_word' id='word_1_78' title='bbox 699 720 743 771; x_wconf 91' lang='lat' dir='ltr'>nisi</span> <span class='ocrx_word' id='word_1_79' title='bbox 755 720 925 785; x_wconf 78' lang='lat' dir='ltr'>pcr&#39;gratiem,</span> 
     </span>
     <span class='ocr_line' id='line_1_10' title="bbox 128 790 927 849; baseline 0 -8"><span class='ocrx_word' id='word_1_80' title='bbox 128 790 251 841; x_wconf 73' lang='lat' dir='ltr'>secundnm</span> <span class='ocrx_word' id='word_1_81' title='bbox 264 791 318 843; x_wconf 92' lang='lat' dir='ltr'>illud</span> <span class='ocrx_word' id='word_1_82' title='bbox 326 791 363 841; x_wconf 85' lang='lat' dir='ltr'>ed</span> <span class='ocrx_word' id='word_1_83' title='bbox 377 794 454 849; x_wconf 73' lang='lat' dir='ltr'>llum„</span> <span class='ocrx_word' id='word_1_84' title='bbox 464 792 484 840; x_wconf 81' lang='lat' dir='ltr'>v</span> <span class='ocrx_word' id='word_1_85' title='bbox 495 806 502 841; x_wconf 76' lang='grc' dir='ltr'><strong>ε</strong></span> <span class='ocrx_word' id='word_1_86' title='bbox 512 809 526 841; x_wconf 82' lang='lat' dir='ltr'>u</span> <span class='ocrx_word' id='word_1_87' title='bbox 537 792 640 843; x_wconf 87' lang='lat' dir='ltr'>Charitas</span> <span class='ocrx_word' id='word_1_88' title='bbox 654 790 695 842; x_wconf 82' lang='lat' dir='ltr'>liei</span> <span class='ocrx_word' id='word_1_89' title='bbox 707 790 789 843; x_wconf 78' lang='lat' dir='ltr'>diflusa</span> <span class='ocrx_word' id='word_1_90' title='bbox 798 792 869 845; x_wconf 85' lang='lat' dir='ltr'>estin</span> <span class='ocrx_word' id='word_1_91' title='bbox 879 804 927 843; x_wconf 90' lang='lat' dir='ltr'>cor·</span> 
     </span>
     <span class='ocr_line' id='line_1_11' title="bbox 128 860 950 928; baseline 0 -15"><span class='ocrx_word' id='word_1_92' title='bbox 128 860 194 913; x_wconf 89' lang='lat' dir='ltr'>dibus</span> <span class='ocrx_word' id='word_1_93' title='bbox 202 860 286 913; x_wconf 88' lang='lat' dir='ltr'>nostris</span> <span class='ocrx_word' id='word_1_94' title='bbox 298 877 339 928; x_wconf 88' lang='lat' dir='ltr'>per</span> <span class='ocrx_word' id='word_1_95' title='bbox 352 862 459 927; x_wconf 88' lang='lat' dir='ltr'>Spiritum</span> <span class='ocrx_word' id='word_1_96' title='bbox 476 866 587 926; x_wconf 84' lang='lat' dir='ltr'>sanctum,</span> <span class='ocrx_word' id='word_1_97' title='bbox 601 862 640 926; x_wconf 88' lang='lat' dir='ltr'>qni</span> <span class='ocrx_word' id='word_1_98' title='bbox 649 864 714 914; x_wconf 89' lang='lat' dir='ltr'>datus</span> <span class='ocrx_word' id='word_1_99' title='bbox 726 866 761 915; x_wconf 92' lang='lat' dir='ltr'>est</span> <span class='ocrx_word' id='word_1_100' title='bbox 775 860 851 913; x_wconf 64' lang='lat' dir='ltr'>nobe.</span> <span class='ocrx_word' id='word_1_101' title='bbox 864 862 927 913; x_wconf 83' lang='lat' dir='ltr'>Unde</span> <span class='ocrx_word' id='word_1_102' title='bbox 949 878 950 905; x_wconf 72' lang='grc' dir='ltr'><strong>ι</strong></span> 
     </span>
     <span class='ocr_line' id='line_1_12' title="bbox 128 933 884 1005; baseline 0 -21"><span class='ocrx_word' id='word_1_103' title='bbox 128 934 261 1001; x_wconf 85' lang='lat' dir='ltr'>patetun</span> <span class='ocrx_word' id='word_1_104' title='bbox 271 934 381 1001; x_wconf 86' lang='lat' dir='ltr'>patientia</span> <span class='ocrx_word' id='word_1_105' title='bbox 395 948 442 992; x_wconf 89' lang='lat' dir='ltr'>non</span> <span class='ocrx_word' id='word_1_106' title='bbox 450 938 526 1001; x_wconf 87' lang='lat' dir='ltr'>polest</span> <span class='ocrx_word' id='word_1_107' title='bbox 538 936 618 986; x_wconf 84' lang='lat' dir='ltr'>haberi</span> <span class='ocrx_word' id='word_1_108' title='bbox 633 933 682 986; x_wconf 90' lang='lat' dir='ltr'>sine</span> <span class='ocrx_word' id='word_1_109' title='bbox 692 933 777 1005; x_wconf 82' lang='lat' dir='ltr'>anxilio</span> <span class='ocrx_word' id='word_1_110' title='bbox 794 934 884 996; x_wconf 75' lang='lat' dir='ltr'>gratie.</span> 
     </span>
    </p>

    <p class='ocr_par' dir='ltr' id='par_1_3' title="bbox 126 1005 950 1503">
     <span class='ocr_line' id='line_1_13' title="bbox 158 1005 929 1072; baseline -0.003 -15"><span class='ocrx_word' id='word_1_111' title='bbox 158 1006 194 1057; x_wconf 82' lang='lat' dir='ltr'>ild</span> <span class='ocrx_word' id='word_1_112' title='bbox 207 1005 304 1072; x_wconf 83' lang='lat' dir='ltr'>primunr</span> <span class='ocrx_word' id='word_1_113' title='bbox 313 1020 367 1072; x_wconf 78' lang='lat' dir='ltr'>ergo</span> <span class='ocrx_word' id='word_1_114' title='bbox 380 1006 512 1071; x_wconf 86' lang='lat' dir='ltr'>dicendum,</span> <span class='ocrx_word' id='word_1_115' title='bbox 521 1005 582 1072; x_wconf 88' lang='lat' dir='ltr'>qudd</span> <span class='ocrx_word' id='word_1_116' title='bbox 594 1007 618 1057; x_wconf 90' lang='lat' dir='ltr'>in</span> <span class='ocrx_word' id='word_1_117' title='bbox 631 1010 709 1057; x_wconf 87' lang='lat' dir='ltr'>natura</span> <span class='ocrx_word' id='word_1_118' title='bbox 723 1006 823 1057; x_wconf 86' lang='lat' dir='ltr'>hnmana</span> <span class='ocrx_word' id='word_1_119' title='bbox 832 1006 856 1056; x_wconf 87' lang='lat' dir='ltr'>si</span> <span class='ocrx_word' id='word_1_120' title='bbox 868 1010 929 1058; x_wconf 83' lang='lat' dir='ltr'>esset</span> 
     </span>
     <span class='ocr_line' id='line_1_14' title="bbox 127 1076 950 1143; baseline 0 -16"><span class='ocrx_word' id='word_1_121' title='bbox 127 1076 228 1143; x_wconf 66' lang='lat' dir='ltr'>integra,</span> <span class='ocrx_word' id='word_1_122' title='bbox 241 1079 375 1142; x_wconf 79' lang='lat' dir='ltr'>prevaleret</span> <span class='ocrx_word' id='word_1_123' title='bbox 388 1078 508 1131; x_wconf 85' lang='lat' dir='ltr'>inclinatio</span> <span class='ocrx_word' id='word_1_124' title='bbox 522 1078 631 1139; x_wconf 84' lang='lat' dir='ltr'>rationis,</span> <span class='ocrx_word' id='word_1_125' title='bbox 644 1078 683 1129; x_wconf 85' lang='lat' dir='ltr'>sed</span> <span class='ocrx_word' id='word_1_126' title='bbox 694 1077 719 1127; x_wconf 92' lang='lat' dir='ltr'>in</span> <span class='ocrx_word' id='word_1_127' title='bbox 730 1081 810 1128; x_wconf 80' lang='lat' dir='ltr'>natura</span> <span class='ocrx_word' id='word_1_128' title='bbox 823 1082 928 1143; x_wconf 85' lang='lat' dir='ltr'>corrupta</span> <span class='ocrx_word' id='word_1_129' title='bbox 949 1100 950 1135; x_wconf 66' lang='lat' dir='ltr'>i</span> 
     </span>
     <span class='ocr_line' id='line_1_15' title="bbox 126 1149 928 1216; baseline 0 -17"><span class='ocrx_word' id='word_1_130' title='bbox 126 1150 239 1213; x_wconf 82' lang='lat' dir='ltr'>prevalet</span> <span class='ocrx_word' id='word_1_131' title='bbox 253 1149 373 1201; x_wconf 84' lang='lat' dir='ltr'>inclinatio</span> <span class='ocrx_word' id='word_1_132' title='bbox 386 1150 588 1216; x_wconf 84' lang='lat' dir='ltr'>concupiscentie,</span> <span class='ocrx_word' id='word_1_133' title='bbox 602 1164 653 1213; x_wconf 85' lang='lat' dir='ltr'>que</span> <span class='ocrx_word' id='word_1_134' title='bbox 670 1150 695 1199; x_wconf 91' lang='lat' dir='ltr'>in</span> <span class='ocrx_word' id='word_1_135' title='bbox 710 1149 804 1201; x_wconf 83' lang='lat' dir='ltr'>homine</span> <span class='ocrx_word' id='word_1_136' title='bbox 823 1150 928 1201; x_wconf 87' lang='lat' dir='ltr'>dominn-</span> 
     </span>
     <span class='ocr_line' id='line_1_16' title="bbox 127 1220 929 1287; baseline 0 -17"><span class='ocrx_word' id='word_1_137' title='bbox 127 1222 173 1272; x_wconf 87' lang='lat' dir='ltr'>tor.</span> <span class='ocrx_word' id='word_1_138' title='bbox 187 1220 218 1272; x_wconf 83' lang='lat' dir='ltr'>nt</span> <span class='ocrx_word' id='word_1_139' title='bbox 232 1221 284 1273; x_wconf 91' lang='lat' dir='ltr'>ideo</span> <span class='ocrx_word' id='word_1_140' title='bbox 300 1222 395 1287; x_wconf 91' lang='lat' dir='ltr'>pronior</span> <span class='ocrx_word' id='word_1_141' title='bbox 408 1225 444 1273; x_wconf 97' lang='grc' dir='ltr'>εει</span> <span class='ocrx_word' id='word_1_142' title='bbox 456 1223 525 1274; x_wconf 89' lang='lat' dir='ltr'>homo</span> <span class='ocrx_word' id='word_1_143' title='bbox 541 1222 568 1271; x_wconf 86' lang='lat' dir='ltr'>ud</span> <span class='ocrx_word' id='word_1_144' title='bbox 583 1221 741 1273; x_wconf 88' lang='lat' dir='ltr'>sustinendum</span> <span class='ocrx_word' id='word_1_145' title='bbox 756 1220 817 1273; x_wconf 87' lang='lat' dir='ltr'>nala</span> <span class='ocrx_word' id='word_1_146' title='bbox 834 1224 929 1285; x_wconf 83' lang='lat' dir='ltr'>propter</span> 
     </span>
     <span class='ocr_line' id='line_1_17' title="bbox 126 1292 927 1359; baseline -0.004 -14"><span class='ocrx_word' id='word_1_147' title='bbox 126 1292 187 1345; x_wconf 82' lang='lat' dir='ltr'>bona</span> <span class='ocrx_word' id='word_1_148' title='bbox 198 1292 223 1343; x_wconf 94' lang='lat' dir='ltr'>in</span> <span class='ocrx_word' id='word_1_149' title='bbox 232 1293 314 1357; x_wconf 83' lang='lat' dir='ltr'>quihus</span> <span class='ocrx_word' id='word_1_150' title='bbox 326 1294 508 1358; x_wconf 85' lang='lat' dir='ltr'>concupiscentia</span> <span class='ocrx_word' id='word_1_151' title='bbox 521 1294 645 1347; x_wconf 84' lang='lat' dir='ltr'>delectatur</span> <span class='ocrx_word' id='word_1_152' title='bbox 654 1292 843 1359; x_wconf 72' lang='lat' dir='ltr'>presentialiter,</span> <span class='ocrx_word' id='word_1_153' title='bbox 859 1306 927 1357; x_wconf 82' lang='lat' dir='ltr'>quam</span> 
     </span>
     <span class='ocr_line' id='line_1_18' title="bbox 126 1362 927 1430; baseline -0.002 -15"><span class='ocrx_word' id='word_1_154' title='bbox 126 1363 224 1415; x_wconf 85' lang='lat' dir='ltr'>tolerare</span> <span class='ocrx_word' id='word_1_155' title='bbox 241 1365 301 1415; x_wconf 85' lang='lat' dir='ltr'>mala</span> <span class='ocrx_word' id='word_1_156' title='bbox 317 1368 410 1430; x_wconf 90' lang='lat' dir='ltr'>propter</span> <span class='ocrx_word' id='word_1_157' title='bbox 422 1365 482 1417; x_wconf 87' lang='lat' dir='ltr'>bona</span> <span class='ocrx_word' id='word_1_158' title='bbox 498 1366 590 1429; x_wconf 77' lang='lat' dir='ltr'>tutum,</span> <span class='ocrx_word' id='word_1_159' title='bbox 606 1378 657 1430; x_wconf 82' lang='lat' dir='ltr'>qne</span> <span class='ocrx_word' id='word_1_160' title='bbox 675 1362 800 1415; x_wconf 84' lang='lat' dir='ltr'>secundino</span> <span class='ocrx_word' id='word_1_161' title='bbox 816 1364 927 1415; x_wconf 80' lang='lat' dir='ltr'>rationem</span> 
     </span>
     <span class='ocr_line' id='line_1_19' title="bbox 128 1434 864 1503; baseline 0.001 -19"><span class='ocrx_word' id='word_1_162' title='bbox 128 1437 286 1503; x_wconf 81' lang='lat' dir='ltr'>appetuntur:</span> <span class='ocrx_word' id='word_1_163' title='bbox 303 1437 364 1501; x_wconf 87' lang='lat' dir='ltr'>quod</span> <span class='ocrx_word' id='word_1_164' title='bbox 377 1440 454 1488; x_wconf 86' lang='lat' dir='ltr'>tannen</span> <span class='ocrx_word' id='word_1_165' title='bbox 468 1436 568 1502; x_wconf 87' lang='lat' dir='ltr'>pertinet</span> <span class='ocrx_word' id='word_1_166' title='bbox 586 1437 614 1503; x_wconf 89' lang='lat' dir='ltr'>ad</span> <span class='ocrx_word' id='word_1_167' title='bbox 625 1448 703 1501; x_wconf 79' lang='lat' dir='ltr'>verani</span> <span class='ocrx_word' id='word_1_168' title='bbox 718 1434 864 1499; x_wconf 80' lang='lat' dir='ltr'>patientiam.</span> 
     </span>
    </p>

    <p class='ocr_par' dir='ltr' id='par_1_4' title="bbox 127 1506 929 1918">
     <span class='ocr_line' id='line_1_20' title="bbox 160 1506 928 1574; baseline 0.001 -18"><span class='ocrx_word' id='word_1_169' title='bbox 160 1506 194 1556; x_wconf 78' lang='lat' dir='ltr'>nd</span> <span class='ocrx_word' id='word_1_170' title='bbox 206 1508 331 1558; x_wconf 88' lang='lat' dir='ltr'>secundum</span> <span class='ocrx_word' id='word_1_171' title='bbox 341 1507 478 1574; x_wconf 87' lang='lat' dir='ltr'>dicendum,</span> <span class='ocrx_word' id='word_1_172' title='bbox 491 1508 550 1573; x_wconf 82' lang='lat' dir='ltr'>qudd</span> <span class='ocrx_word' id='word_1_173' title='bbox 560 1508 645 1559; x_wconf 84' lang='lat' dir='ltr'>bonum</span> <span class='ocrx_word' id='word_1_174' title='bbox 656 1506 755 1573; x_wconf 88' lang='lat' dir='ltr'>politice</span> <span class='ocrx_word' id='word_1_175' title='bbox 763 1506 858 1557; x_wconf 72' lang='lat' dir='ltr'>vidutis</span> <span class='ocrx_word' id='word_1_176' title='bbox 871 1520 928 1559; x_wconf 82' lang='lat' dir='ltr'>coni·</span> 
     </span>
     <span class='ocr_line' id='line_1_21' title="bbox 127 1576 928 1645; baseline 0.002 -18"><span class='ocrx_word' id='word_1_177' title='bbox 127 1581 282 1645; x_wconf 86' lang='lat' dir='ltr'>mensuratum</span> <span class='ocrx_word' id='word_1_178' title='bbox 293 1582 328 1629; x_wconf 84' lang='lat' dir='ltr'>est</span> <span class='ocrx_word' id='word_1_179' title='bbox 336 1582 422 1630; x_wconf 87' lang='lat' dir='ltr'>nature</span> <span class='ocrx_word' id='word_1_180' title='bbox 431 1580 538 1631; x_wconf 85' lang='lat' dir='ltr'>humane</span> <span class='ocrx_word' id='word_1_181' title='bbox 550 1594 556 1630; x_wconf 91' lang='lat'><strong>:</strong></span> <span class='ocrx_word' id='word_1_182' title='bbox 567 1580 591 1630; x_wconf 88' lang='lat' dir='ltr'>ct</span> <span class='ocrx_word' id='word_1_183' title='bbox 602 1578 653 1629; x_wconf 89' lang='lat' dir='ltr'>idco</span> <span class='ocrx_word' id='word_1_184' title='bbox 661 1578 745 1642; x_wconf 84' lang='lat' dir='ltr'>absque</span> <span class='ocrx_word' id='word_1_185' title='bbox 755 1576 842 1629; x_wconf 82' lang='lat' dir='ltr'>auxdid</span> <span class='ocrx_word' id='word_1_186' title='bbox 852 1579 928 1645; x_wconf 73' lang='lat' dir='ltr'>gretie</span> 
     </span>
     <span class='ocr_line' id='line_1_22' title="bbox 128 1648 929 1715; baseline 0.001 -18"><span class='ocrx_word' id='word_1_187' title='bbox 128 1651 217 1712; x_wconf 74' lang='lat' dir='ltr'>gratum</span> <span class='ocrx_word' id='word_1_188' title='bbox 228 1648 334 1701; x_wconf 81' lang='lat' dir='ltr'>facientis</span> <span class='ocrx_word' id='word_1_189' title='bbox 344 1653 421 1715; x_wconf 87' lang='lat' dir='ltr'>potest</span> <span class='ocrx_word' id='word_1_190' title='bbox 429 1651 535 1701; x_wconf 85' lang='lat' dir='ltr'>uoluntas</span> <span class='ocrx_word' id='word_1_191' title='bbox 547 1651 648 1700; x_wconf 82' lang='lat' dir='ltr'>humana</span> <span class='ocrx_word' id='word_1_192' title='bbox 659 1648 684 1699; x_wconf 91' lang='lat' dir='ltr'>in</span> <span class='ocrx_word' id='word_1_193' title='bbox 699 1648 754 1699; x_wconf 91' lang='lat' dir='ltr'>illud</span> <span class='ocrx_word' id='word_1_194' title='bbox 761 1650 869 1713; x_wconf 61' lang='lat' dir='ltr'>endere,</span> <span class='ocrx_word' id='word_1_195' title='bbox 877 1649 929 1700; x_wconf 82' lang='lat' dir='ltr'>licit</span> 
     </span>
     <span class='ocr_line' id='line_1_23' title="bbox 129 1718 928 1786; baseline 0 -16"><span class='ocrx_word' id='word_1_196' title='bbox 129 1731 176 1770; x_wconf 89' lang='lat' dir='ltr'>non</span> <span class='ocrx_word' id='word_1_197' title='bbox 187 1718 271 1783; x_wconf 80' lang='lat' dir='ltr'>absque</span> <span class='ocrx_word' id='word_1_198' title='bbox 286 1719 370 1773; x_wconf 75' lang='lat' dir='ltr'>eundo</span> <span class='ocrx_word' id='word_1_199' title='bbox 383 1721 461 1786; x_wconf 74' lang='lat' dir='ltr'>gratie</span> <span class='ocrx_word' id='word_1_200' title='bbox 479 1720 530 1773; x_wconf 81' lang='lat' dir='ltr'>liei.</span> <span class='ocrx_word' id='word_1_201' title='bbox 549 1720 594 1771; x_wconf 90' lang='lat' dir='ltr'>Sed</span> <span class='ocrx_word' id='word_1_202' title='bbox 607 1720 694 1772; x_wconf 84' lang='lat' dir='ltr'>bonurn</span> <span class='ocrx_word' id='word_1_203' title='bbox 708 1720 785 1784; x_wconf 76' lang='lat' dir='ltr'>gratie</span> <span class='ocrx_word' id='word_1_204' title='bbox 798 1724 835 1772; x_wconf 87' lang='lat' dir='ltr'>est</span> <span class='ocrx_word' id='word_1_205' title='bbox 853 1733 928 1786; x_wconf 87' lang='lat' dir='ltr'>super-</span> 
     </span>
     <span class='ocr_line' id='line_1_24' title="bbox 129 1788 927 1859; baseline 0.003 -18"><span class='ocrx_word' id='word_1_206' title='bbox 129 1792 231 1842; x_wconf 88' lang='lat' dir='ltr'>naturale</span> <span class='ocrx_word' id='word_1_207' title='bbox 243 1806 249 1842; x_wconf 92' lang='lat'><strong>:</strong></span> <span class='ocrx_word' id='word_1_208' title='bbox 260 1794 321 1845; x_wconf 81' lang='lat' dir='ltr'>unde</span> <span class='ocrx_word' id='word_1_209' title='bbox 335 1793 361 1844; x_wconf 92' lang='lat' dir='ltr'>in</span> <span class='ocrx_word' id='word_1_210' title='bbox 373 1792 430 1846; x_wconf 88' lang='lat' dir='ltr'>illnd</span> <span class='ocrx_word' id='word_1_211' title='bbox 443 1806 490 1846; x_wconf 90' lang='lat' dir='ltr'>non</span> <span class='ocrx_word' id='word_1_212' title='bbox 499 1796 574 1858; x_wconf 90' lang='lat' dir='ltr'>potest</span> <span class='ocrx_word' id='word_1_213' title='bbox 585 1793 676 1845; x_wconf 88' lang='lat' dir='ltr'>tendere</span> <span class='ocrx_word' id='word_1_214' title='bbox 686 1794 755 1845; x_wconf 84' lang='lat' dir='ltr'>horno</span> <span class='ocrx_word' id='word_1_215' title='bbox 765 1806 808 1859; x_wconf 90' lang='lat' dir='ltr'>per</span> <span class='ocrx_word' id='word_1_216' title='bbox 813 1788 927 1845; x_wconf 64' lang='lat' dir='ltr'>Ouirtuten</span> 
     </span>
     <span class='ocr_line' id='line_1_25' title="bbox 130 1864 666 1918; baseline 0.004 -5"><span class='ocrx_word' id='word_1_217' title='bbox 130 1866 287 1916; x_wconf 79' lang='lat' dir='ltr'>coenatore.</span> <span class='ocrx_word' id='word_1_218' title='bbox 302 1866 331 1916; x_wconf 86' lang='lat' dir='ltr'>lit</span> <span class='ocrx_word' id='word_1_219' title='bbox 341 1865 392 1917; x_wconf 91' lang='lat' dir='ltr'>ideo</span> <span class='ocrx_word' id='word_1_220' title='bbox 402 1878 448 1917; x_wconf 87' lang='lat' dir='ltr'>non</span> <span class='ocrx_word' id='word_1_221' title='bbox 461 1868 496 1918; x_wconf 87' lang='lat' dir='ltr'>cst</span> <span class='ocrx_word' id='word_1_222' title='bbox 510 1864 590 1917; x_wconf 88' lang='lat' dir='ltr'>similis</span> <span class='ocrx_word' id='word_1_223' title='bbox 599 1864 666 1916; x_wconf 81' lang='lat' dir='ltr'>ratio.</span> 
     </span>
    </p>

    <p class='ocr_par' dir='ltr' id='par_1_5' title="bbox 130 1935 950 2219">
     <span class='ocr_line' id='line_1_26' title="bbox 162 1935 927 2009; baseline 0.003 -24"><span class='ocrx_word' id='word_1_224' title='bbox 162 1935 196 1985; x_wconf 88' lang='lat' dir='ltr'>lld</span> <span class='ocrx_word' id='word_1_225' title='bbox 211 1935 304 1986; x_wconf 88' lang='lat' dir='ltr'>tertium</span> <span class='ocrx_word' id='word_1_226' title='bbox 322 1937 458 2002; x_wconf 87' lang='lat' dir='ltr'>dicendum,</span> <span class='ocrx_word' id='word_1_227' title='bbox 469 1935 530 2001; x_wconf 83' lang='lat' dir='ltr'>quod</span> <span class='ocrx_word' id='word_1_228' title='bbox 543 1936 663 1991; x_wconf 87' lang='lat' dir='ltr'>tolerantia</span> <span class='ocrx_word' id='word_1_229' title='bbox 679 1936 747 1989; x_wconf 87' lang='lat' dir='ltr'>eliam</span> <span class='ocrx_word' id='word_1_230' title='bbox 759 1937 871 2009; x_wconf 72' lang='lat' dir='ltr'>malornm</span> <span class='ocrx_word' id='word_1_231' title='bbox 880 1948 927 2001; x_wconf 82' lang='lat' dir='ltr'>que</span> 
     </span>
     <span class='ocr_line' id='line_1_27' title="bbox 130 1994 950 2075; baseline 0.001 -17"><span class='ocrx_word' id='word_1_232' title='bbox 130 2006 182 2073; x_wconf 85' lang='lat' dir='ltr'>quis</span> <span class='ocrx_word' id='word_1_233' title='bbox 195 2008 293 2060; x_wconf 87' lang='lat' dir='ltr'>sustinet</span> <span class='ocrx_word' id='word_1_234' title='bbox 304 2014 397 2075; x_wconf 87' lang='lat' dir='ltr'>propter</span> <span class='ocrx_word' id='word_1_235' title='bbox 416 2009 515 2075; x_wconf 85' lang='lat' dir='ltr'>corporis</span> <span class='ocrx_word' id='word_1_236' title='bbox 528 2008 665 2071; x_wconf 72' lang='lat' dir='ltr'>enuietenr,</span> <span class='ocrx_word' id='word_1_237' title='bbox 682 2010 784 2073; x_wconf 88' lang='lat' dir='ltr'>procedit</span> <span class='ocrx_word' id='word_1_238' title='bbox 804 2022 835 2061; x_wconf 84' lang='lat' dir='ltr'>ex</span> <span class='ocrx_word' id='word_1_239' title='bbox 847 2022 926 2069; x_wconf 56' lang='lat' dir='ltr'>,anone</span> <span class='ocrx_word' id='word_1_240' title='bbox 949 1994 950 2049; x_wconf 73' lang='lat' dir='ltr'>l</span> 
     </span>
     <span class='ocr_line' id='line_1_28' title="bbox 130 2075 928 2145; baseline 0 -16"><span class='ocrx_word' id='word_1_241' title='bbox 130 2091 176 2143; x_wconf 81' lang='lat' dir='ltr'>ouo</span> <span class='ocrx_word' id='word_1_242' title='bbox 194 2077 263 2131; x_wconf 87' lang='lat' dir='ltr'>hono</span> <span class='ocrx_word' id='word_1_243' title='bbox 276 2081 408 2131; x_wconf 77' lang='lat' dir='ltr'>naturaliter</span> <span class='ocrx_word' id='word_1_244' title='bbox 428 2080 503 2145; x_wconf 73' lang='lat' dir='ltr'>diligit</span> <span class='ocrx_word' id='word_1_245' title='bbox 524 2092 587 2129; x_wconf 85' lang='lat' dir='ltr'>suani</span> <span class='ocrx_word' id='word_1_246' title='bbox 603 2092 703 2131; x_wconf 86' lang='lat' dir='ltr'>carnem.</span> <span class='ocrx_word' id='word_1_247' title='bbox 720 2080 749 2131; x_wconf 85' lang='lat' dir='ltr'>lit</span> <span class='ocrx_word' id='word_1_248' title='bbox 767 2075 819 2135; x_wconf 84' lang='lat' dir='ltr'>idcd</span> <span class='ocrx_word' id='word_1_249' title='bbox 838 2084 928 2134; x_wconf 83' lang='lat' dir='ltr'>nonest</span> 
     </span>
     <span class='ocr_line' id='line_1_29' title="bbox 131 2150 926 2219; baseline -0.001 -18"><span class='ocrx_word' id='word_1_250' title='bbox 131 2151 213 2204; x_wconf 84' lang='lat' dir='ltr'>similis</span> <span class='ocrx_word' id='word_1_251' title='bbox 222 2151 280 2204; x_wconf 87' lang='lat' dir='ltr'>ratio</span> <span class='ocrx_word' id='word_1_252' title='bbox 292 2154 320 2205; x_wconf 86' lang='lat' dir='ltr'>de</span> <span class='ocrx_word' id='word_1_253' title='bbox 335 2152 444 2218; x_wconf 78' lang='lat' dir='ltr'>paterna</span> <span class='ocrx_word' id='word_1_254' title='bbox 454 2165 505 2218; x_wconf 81' lang='lat' dir='ltr'>que</span> <span class='ocrx_word' id='word_1_255' title='bbox 513 2150 616 2217; x_wconf 86' lang='lat' dir='ltr'>procedit</span> <span class='ocrx_word' id='word_1_256' title='bbox 626 2164 656 2203; x_wconf 82' lang='lat' dir='ltr'>ex</span> <span class='ocrx_word' id='word_1_257' title='bbox 667 2164 743 2205; x_wconf 80' lang='lat' dir='ltr'>autore</span> <span class='ocrx_word' id='word_1_258' title='bbox 754 2152 926 2219; x_wconf 85' lang='lat' dir='ltr'>supernaturali.</span> 
     </span>
    </p>
   </div>
   <div class='ocr_carea' id='block_1_3' title="bbox 281 2328 786 2521">
    <p class='ocr_par' dir='ltr' id='par_1_6' title="bbox 281 2328 786 2521">
     <span class='ocr_line' id='line_1_30' title="bbox 421 2328 636 2385; baseline -0.009 -2"><span class='ocrx_word' id='word_1_259' title='bbox 421 2328 582 2385; x_wconf 70' lang='lat' dir='ltr'>tumulus</span> <span class='ocrx_word' id='word_1_260' title='bbox 596 2330 636 2382; x_wconf 83' lang='lat' dir='ltr'>rt.</span> 
     </span>
     <span class='ocr_line' id='line_1_31' title="bbox 281 2455 786 2521; baseline 0 -20"><span class='ocrx_word' id='word_1_261' title='bbox 281 2455 368 2503; x_wconf 73' lang='lat' dir='ltr'>mrtem</span> <span class='ocrx_word' id='word_1_262' title='bbox 377 2455 499 2521; x_wconf 69' lang='lat' dir='ltr'>patientie</span> <span class='ocrx_word' id='word_1_263' title='bbox 513 2456 546 2501; x_wconf 81' lang='lat' dir='ltr'>rit</span> <span class='ocrx_word' id='word_1_264' title='bbox 558 2455 786 2513; x_wconf 75' lang='lat' dir='ltr'>purnsortittedittie.</span> 
     </span>
    </p>
   </div>
   <div class='ocr_carea' id='block_1_4' title="bbox 131 2579 950 2929">
    <p class='ocr_par' dir='ltr' id='par_1_7' title="bbox 131 2579 950 2929">
     <span class='ocr_line' id='line_1_32' title="bbox 161 2579 925 2649; baseline -0.001 -19"><span class='ocrx_word' id='word_1_265' title='bbox 161 2579 197 2631; x_wconf 87' lang='lat' dir='ltr'>ild</span> <span class='ocrx_word' id='word_1_266' title='bbox 211 2584 316 2646; x_wconf 77' lang='lat' dir='ltr'>quntum</span> <span class='ocrx_word' id='word_1_267' title='bbox 326 2581 361 2633; x_wconf 90' lang='lat' dir='ltr'>sic</span> <span class='ocrx_word' id='word_1_268' title='bbox 376 2580 513 2648; x_wconf 85' lang='lat' dir='ltr'>proceditur.</span> <span class='ocrx_word' id='word_1_269' title='bbox 527 2580 621 2633; x_wconf 82' lang='lat' dir='ltr'>Videtur</span> <span class='ocrx_word' id='word_1_270' title='bbox 633 2581 696 2645; x_wconf 79' lang='lat' dir='ltr'>quod</span> <span class='ocrx_word' id='word_1_271' title='bbox 705 2581 826 2649; x_wconf 85' lang='lat' dir='ltr'>¹patientia</span> <span class='ocrx_word' id='word_1_272' title='bbox 840 2580 925 2637; x_wconf 87' lang='lat' dir='ltr'>nonsit</span> 
     </span>
     <span class='ocr_line' id='line_1_33' title="bbox 131 2650 925 2719; baseline 0.003 -19"><span class='ocrx_word' id='word_1_273' title='bbox 131 2662 186 2715; x_wconf 86' lang='lat' dir='ltr'>pare</span> <span class='ocrx_word' id='word_1_274' title='bbox 199 2650 346 2704; x_wconf 85' lang='lat' dir='ltr'>tortitudinis.</span> <span class='ocrx_word' id='word_1_275' title='bbox 360 2654 422 2704; x_wconf 89' lang='lat' dir='ltr'>idem</span> <span class='ocrx_word' id='word_1_276' title='bbox 434 2651 496 2703; x_wconf 87' lang='lat' dir='ltr'>enirn</span> <span class='ocrx_word' id='word_1_277' title='bbox 514 2666 560 2703; x_wconf 93' lang='lat' dir='ltr'>non</span> <span class='ocrx_word' id='word_1_278' title='bbox 577 2655 678 2717; x_wconf 84' lang='lat' dir='ltr'>estpars</span> <span class='ocrx_word' id='word_1_279' title='bbox 691 2652 809 2719; x_wconf 85' lang='lat' dir='ltr'>suiipsius.</span> <span class='ocrx_word' id='word_1_280' title='bbox 822 2654 867 2705; x_wconf 85' lang='lat' dir='ltr'>Sed</span> <span class='ocrx_word' id='word_1_281' title='bbox 884 2666 925 2719; x_wconf 85' lang='lat' dir='ltr'>pa·</span> 
     </span>
     <span class='ocr_line' id='line_1_34' title="bbox 131 2719 950 2801; baseline 0.004 -32"><span class='ocrx_word' id='word_1_282' title='bbox 131 2719 212 2770; x_wconf 88' lang='lat' dir='ltr'>tientia</span> <span class='ocrx_word' id='word_1_283' title='bbox 228 2721 317 2771; x_wconf 83' lang='lat' dir='ltr'>videtur</span> <span class='ocrx_word' id='word_1_284' title='bbox 333 2723 394 2776; x_wconf 85' lang='lat' dir='ltr'>idem</span> <span class='ocrx_word' id='word_1_285' title='bbox 407 2721 549 2783; x_wconf 62' lang='lat' dir='ltr'>tortitudinis</span> <span class='ocrx_word' id='word_1_286' title='bbox 565 2722 619 2787; x_wconf 80' lang='lat' dir='ltr'>quia</span> <span class='ocrx_word' id='word_1_287' title='bbox 634 2723 692 2777; x_wconf 87' lang='lat' dir='ltr'>sicut</span> <span class='ocrx_word' id='word_1_288' title='bbox 711 2738 780 2789; x_wconf 83' lang='lat' dir='ltr'>sopra</span> <span class='ocrx_word' id='word_1_289' title='bbox 799 2725 927 2777; x_wconf 86' lang='lat' dir='ltr'>dictumest</span> <span class='ocrx_word' id='word_1_290' title='bbox 949 2756 950 2801; x_wconf 36' lang='lat' dir='ltr'>p</span> 
     </span>
     <span class='ocr_line' id='line_1_35' title="bbox 133 2788 950 2859; baseline 0.009 -21"><span class='ocrx_word' id='word_1_291' title='bbox 133 2788 184 2853; x_wconf 82' lang='lat' dir='ltr'>(qu.</span> <span class='ocrx_word' id='word_1_292' title='bbox 193 2793 247 2853; x_wconf 64' lang='grc' dir='ltr'><strong>ιιι,</strong></span> <span class='ocrx_word' id='word_1_293' title='bbox 264 2794 307 2841; x_wconf 87' lang='lat' dir='ltr'>art.</span> <span class='ocrx_word' id='word_1_294' title='bbox 322 2792 356 2857; x_wconf 78' lang='lat' dir='ltr'>d),</span> <span class='ocrx_word' id='word_1_295' title='bbox 370 2792 496 2859; x_wconf 80' lang='lat' dir='ltr'>«proprius</span> <span class='ocrx_word' id='word_1_296' title='bbox 510 2797 573 2844; x_wconf 89' lang='lat' dir='ltr'>actus</span> <span class='ocrx_word' id='word_1_297' title='bbox 587 2794 725 2847; x_wconf 80' lang='lat' dir='ltr'>fortitudinis</span> <span class='ocrx_word' id='word_1_298' title='bbox 736 2799 772 2847; x_wconf 87' lang='grc' dir='ltr'>εει</span> <span class='ocrx_word' id='word_1_299' title='bbox 783 2797 923 2849; x_wconf 78' lang='lat' dir='ltr'>sustineren</span> <span class='ocrx_word' id='word_1_300' title='bbox 949 2804 950 2855; x_wconf 64' lang='grc' dir='ltr'>ζ</span> 
     </span>
     <span class='ocr_line' id='line_1_36' title="bbox 133 2855 923 2929; baseline 0.016 -22"><span class='ocrx_word' id='word_1_301' title='bbox 133 2855 164 2907; x_wconf 81' lang='lat' dir='ltr'>nt</span> <span class='ocrx_word' id='word_1_302' title='bbox 175 2861 219 2911; x_wconf 87' lang='lat' dir='ltr'>hoc</span> <span class='ocrx_word' id='word_1_303' title='bbox 233 2860 302 2911; x_wconf 88' lang='lat' dir='ltr'>etiam</span> <span class='ocrx_word' id='word_1_304' title='bbox 311 2862 410 2925; x_wconf 74' lang='lat' dir='ltr'>pertiet</span> <span class='ocrx_word' id='word_1_305' title='bbox 419 2863 448 2914; x_wconf 89' lang='lat' dir='ltr'>ad</span> <span class='ocrx_word' id='word_1_306' title='bbox 457 2864 600 2929; x_wconf 86' lang='lat' dir='ltr'>patientiam.</span> <span class='ocrx_word' id='word_1_307' title='bbox 612 2863 696 2917; x_wconf 81' lang='lat' dir='ltr'>Dicitur</span> <span class='ocrx_word' id='word_1_308' title='bbox 708 2866 806 2919; x_wconf 89' lang='lat' dir='ltr'>enimin</span> <span class='ocrx_word' id='word_1_309' title='bbox 819 2868 860 2929; x_wconf 81' lang='lat' dir='ltr'>lili.</span> <span class='ocrx_word' id='word_1_310' title='bbox 871 2866 923 2919; x_wconf 84' lang='lat' dir='ltr'>Seo-</span> 
     </span>
    </p>
   </div>
   <div class='ocr_carea' id='block_1_5' title="bbox 0 0 979 3284">
    <p class='ocr_par' dir='ltr' id='par_1_8' title="bbox 0 0 979 3284">
     <span class='ocr_line' id='line_1_37' title="bbox 0 0 979 3284; baseline 0 0"><span class='ocrx_word' id='word_1_311' title='bbox 0 0 979 3284; x_wconf 95' lang='lat' dir='ltr'> </span> 
     </span>
    </p>
   </div>
  </div>
 </body>
</html>
