1934 3284
95 154 98 162 ’
123 169 168 218 ιιι
242 176 350 214 munros
365 176 492 226 sncnrrnn,
505 175 597 219 consa.
613 175 669 222 ccv,
687 175 744 212 sur.
768 176 802 211 ιν,

122 255 146 304 iu
160 253 181 302 ri
195 251 381 314 concupiscibili,
396 256 421 301 at
434 264 463 301 ex
482 251 550 302 dictis
568 253 638 314 patet
654 251 714 312 Ergo
732 249 874 300 rontinentia
887 255 922 300 cst

121 325 195 389 potior
206 323 277 373 virtus
290 323 357 388 qrrim
372 323 530 388 temperantia.

152 397 197 447 sea
211 401 287 446 contra
305 400 352 458 est,
370 394 430 460 quod
445 395 534 444 Tullius
545 398 569 444 ει
586 394 729 444 Andronicus
743 396 924 457 ponuntcurrti-

120 470 231 518 rrerrtiuor
251 468 381 530 adjunctam
396 466 565 530 temperantiae,
579 463 638 515 sicut
652 465 775 530 principati
789 466 923 528 circumit).

153 540 312 603 (Concanum.
324 565 355 576 -
366 538 573 606 Continentiu„ut
589 551 671 588 omues
691 549 803 588 venereas
824 538 926 588 delecta-

121 611 196 662 tiones
207 611 334 660 moderatur
342 649 348 671 ,
356 611 432 675 potior
442 614 479 660 est
493 608 651 674 temperantit.
662 609 691 658 Ut
705 607 763 658 vero
774 622 860 671 pravas
875 623 927 659 con·

122 683 274 747 cupiscentias
285 682 409 734 secundini
419 681 528 734 rationem
538 681 665 731 moderatur
670 717 679 743 ,
686 680 763 744 potior
772 679 802 731 et
811 687 849 731 est
856 681 926 730 virtus

123 755 291 818 temperantiae,
306 753 343 802 cui
357 759 382 806 ut
395 753 514 818 principaii
529 752 680 815 adiungitur.)

154 825 289 890 Respondes
300 824 499 887 dicendum‚quori
513 823 572 873 sicut
585 837 652 887 supra
665 823 750 873 dictum
764 828 803 873 est
813 823 877 889 (art.
890 825 925 885 ι),

123 910 205 952 nomen
218 898 376 947 continentias
388 895 508 959 dupliciter
521 895 638 959 accipitur.
653 895 703 944 tino
713 895 781 944 modo
800 894 927 945 secundina

123 968 182 1033 quod
192 969 304 1038 importat
321 968 472 1019 cessationem
486 968 515 1017 ab
529 967 636 1017 omnibus
649 966 842 1018 deiectationitms
859 980 927 1016 reue·
951 964 953 1013 i

124 1041 169 1091 reis
180 1057 186 1090 ε
196 1047 220 1091 ει
229 1043 262 1090 sic
272 1041 383 1090 sumendo
395 1053 479 1090 nornen
496 1040 671 1101 continentia,
682 1037 829 1088 continentia
842 1043 882 1088 est
890 1051 926 1102 po

123 1112 168 1162 tior
185 1109 334 1174 temperantia
348 1110 481 1174 simpliciter
498 1109 570 1173 dictae
581 1115 606 1160 ut
620 1113 682 1175 patet
693 1122 722 1160 ex
737 1110 773 1158 tus
792 1123 847 1172 quae
862 1121 928 1173 supra

123 1184 181 1234 dicta
199 1188 251 1233 sunt
262 1188 312 1246 (qu.
329 1185 391 1244 ιιι,
406 1187 449 1232 art.
466 1183 506 1246 to),
520 1184 548 1232 de
562 1180 732 1246 praeminentia
744 1182 890 1243 virginitatis
902 1182 928 1230 ad

123 1255 251 1305 castitatem
263 1254 398 1318 simpliciter
410 1253 493 1304 dictam
506 1257 548 1317 (ι).
562 1253 611 1304 tttio
622 1254 688 1303 morio
701 1255 779 1315 potest
793 1253 872 1316 arcipi
886 1265 928 1302 no·

122 1340 177 1378 uren
193 1329 365 1386 continentie,
379 1325 503 1377 secundum
518 1324 578 1388 quod
594 1326 703 1389 importat
721 1320 881 1374 resistentiam
894 1337 927 1372 ra·

120 1398 192 1450 tiorris
211 1399 239 1448 ari
254 1398 451 1461 concupiscentias
471 1411 552 1462 pravas
567 1411 618 1460 quae
635 1401 689 1447 suot
700 1395 728 1444 in
743 1395 840 1445 humine
857 1398 927 1445 rete

122 1475 210 1520 mentes
222 1485 228 1518 ι
241 1473 264 1518 ει
275 1469 399 1519 secrrnriirm
409 1471 466 1533 hoc,
477 1469 628 1534 temperantia
638 1474 674 1518 est
683 1467 754 1516 multo
765 1467 845 1530 potior
860 1467 928 1530 quim

121 1541 260 1590 continentia
273 1557 279 1590 :
294 1541 346 1604 qrria
367 1541 451 1590 honum
473 1541 564 1590 virtutis
580 1539 694 1590 laudabile
714 1541 796 1588 estex
819 1551 849 1587 eo
864 1538 927 1601 quoii

121 1617 156 1662 est
169 1611 291 1662 mcunuirm
301 1611 421 1662 rationem.
432 1614 487 1662 Pius
497 1617 574 1662 autem
585 1613 648 1674 viget
659 1611 744 1660 bonum
753 1609 853 1660 rationis
867 1611 891 1660 in
900 1622 925 1658 eo
951 1606 953 1647 ἶ

121 1683 161 1748 qui
183 1688 219 1734 est
240 1688 377 1748 temperatos
391 1684 431 1748 (in
447 1699 493 1748 quo
509 1685 579 1734 etiam
592 1683 641 1747 ipse
664 1682 781 1745 appetitus
798 1682 926 1732 sensitirrn

121 1761 156 1807 est
177 1755 292 1818 subjectus
308 1757 402 1819 rationi,
416 1761 439 1806 ει
451 1756 517 1820 quasi
528 1757 541 1805 i
552 1756 641 1805 ratione
654 1754 795 1818 edorurtus),
816 1756 888 1818 quim
903 1754 926 1802 in
951 1796 953 1799 .

122 1841 150 1879 eo
163 1828 203 1892 qui
214 1832 248 1878 est
261 1828 392 1891 contiacum
408 1828 430 1877 in
444 1841 490 1892 quo
503 1828 618 1893 appetitus
629 1826 754 1876 sensitims
772 1828 924 1876 venementer

122 1899 209 1952 resistit
227 1899 308 1949 rationi
326 1913 367 1964 per
378 1899 577 1962 concupiscentias
590 1911 681 1962 pravas.
698 1897 762 1947 Uude
779 1896 924 1947 continentia
951 1866 953 1951 i

123 1972 301 2037 comparaturum
312 1973 483 2035 temperantiam
489 2009 498 2035 ,
510 1971 569 2021 sicut
580 1971 738 2034 imperfectum
747 1969 777 2019 ad
791 1969 925 2033 perfectum.
951 2018 953 2021 .

157 2047 188 2094 sd
202 2044 300 2108 primum
313 2057 366 2107 ergo
380 2043 516 2108 dicendum,
528 2042 591 2107 quirit
602 2040 728 2092 authoritas
741 2041 783 2090 itta
793 2047 874 2106 potest
886 2043 924 2092 do·
951 2030 953 2083 Ι

157 2206 189 2272 (t)
205 2207 293 2254 Tullius
312 2207 421 2264 quidem,
437 2205 480 2252 tib.
492 2208 514 2250 11
528 2207 563 2251 De
573 2208 667 2252 ιεεεει.
684 2207 790 2256 rhetor..
801 2217 870 2252 num.
890 2206 926 2261 38,
951 2172 953 2235 i

124 2273 223 2318 ubisit:
243 2271 410 2328 Tenrpermntr'o
421 2274 453 2316 cst
465 2269 570 2315 mione}
583 2273 614 2315 iar
631 2269 761 2314 tibicinem
775 2276 850 2326 atque
867 2271 927 2315 ntr'or
951 2268 953 2271 '

123 2348 174 2382 nno
188 2340 263 2381 rectos
278 2337 397 2391 impetras,
414 2334 495 2378 animi
508 2334 585 2391 pirmn
600 2336 622 2378 ct
641 2333 765 2378 moderatu
778 2333 925 2380 dominatio.

123 2399 186 2456 Ejus
198 2402 278 2455 partes
288 2403 345 2442 runt
355 2397 518 2447 continentia,
527 2403 570 2441 etc.
580 2397 625 2440 Sed
633 2395 780 2442 Andronicus
791 2397 823 2441 art
834 2408 926 2442 manum

125 2473 173 2506 non
183 2459 227 2506 ist.

157 2533 193 2594 (2)
207 2533 258 2578 Hoc
274 2530 335 2575 enim
350 2543 420 2576 sensu
433 2531 590 2586 Augustinus,
605 2529 647 2576 tib.
667 2530 699 2574 Dc
712 2528 771 2574 bono
782 2531 926 2589 conjugati.

122 2606 174 2656 cup.
186 2597 200 2637 tt
212 2613 217 2638 ι
235 2593 321 2638 Melior
333 2597 364 2638 est
379 2591 407 2638 ab
418 2595 486 2637 omni
495 2593 625 2638 concubitu
638 2593 790 2638 rontinentia
804 2594 882 2650 quom
892 2593 926 2637 cet

122 2657 175 2714 s'prc
191 2657 382 2701 rnatrimooioiis
396 2655 552 2706 concubitus,
566 2656 610 2714 pur*
620 2657 647 2714 fit
662 2657 736 2700 causo
753 2657 877 2714 pipnends‘
883 2671 891 2707 ,·
906 2662 927 2699 et

121 2729 173 2774 cap.
187 2717 216 2762 ts
227 2734 233 2761 r
244 2718 314 2763 nono
326 2720 473 2776 nuptiarum
483 2721 571 2777 procat
583 2718 757 2763 cometarium
769 2720 925 2764 continentie

122 2780 303 2836 proferendum
317 2785 367 2832 ert,·
381 2787 405 2825 et
420 2781 449 2824 25
463 2797 468 2824 ι
486 2782 536 2840 (iuri
546 2782 608 2838 puri
618 2793 736 2826 commu
749 2782 925 2828 continentiam

122 2839 173 2884 Deo
186 2846 315 2888 couniret,
327 2843 407 2888 sciant
424 2827 473 2888 fior·
494 2843 611 2890 mosaic
630 2844 739 2902 ammitte
753 2842 839 2890 deteri
852 2843 924 2902 quon
950 2844 953 2855 ’

123 2900 262 2958 emunctis
274 2903 370 2948 certitas
382 2906 469 2962 poscit.
