1934 3284
102 171 107 180 ·
323 165 356 204 os
370 163 577 205 mamam.
804 154 852 206 tall

52 241 103 306 pata
109 240 215 294 amesia
224 240 717 294 sdmtmiorlslortasasllomilitaasotem
727 241 850 308 helgoto

51 315 117 366 homo
132 313 235 378 seipsum
246 313 396 377 parvipendat
408 313 534 364 semndhm
544 313 749 366 considerationem
761 313 849 382 proprll

51 384 161 437 leleeths.
175 384 286 435 Similiter
298 384 367 435 etiarn
380 383 555 448 magnanimitas
565 386 691 438 oontemnit
703 387 760 439 alios
768 401 849 440 seeum

51 455 102 506 lim
117 457 180 521 qohh
189 455 298 507 lehmont
309 455 398 508 thenis
408 455 463 519 llei3
474 469 522 508 nou
535 455 596 508 enim
603 459 693 508 tantum
704 458 760 510 alios
769 469 851 524 appre-

50 527 118 579 tiatur
128 527 193 592 quel
205 539 247 591 pro
259 526 293 578 eis
302 526 386 592 rhprio
398 526 506 578 indeeens
522 525 599 577 laeiat.
609 528 655 578 sed
666 529 783 581 humilitas
792 529 850 583 alios

51 599 156 661 honorat,
169 601 193 649 el
204 598 333 662 superiores
343 599 456 663 ashmat,
468 599 494 649 in
504 602 613 664 mentum
625 598 650 650 in
663 600 698 652 eis
708 601 795 666 aliquid
808 603 850 653 in-

50 654 362 734 spiclihe.ooulshei.lln‹le
373 669 849 737 heltminl’ealm.ll1V,osvlrojmto:

53 743 109 793 «rs
124 740 223 794 nihiom
231 741 421 794 lmooosestin
433 745 559 806 conspeetu
568 742 619 807 ejus
627 742 751 806 mitigem
763 759 777 792 n
789 747 850 810 quod

51 813 150 879 perlinat
165 814 195 865 ad
212 816 367 876 eontemptum
384 812 543 877 magnanimi:
562 814 711 866 «Timentes
729 815 851 868 hominum

50 887 175 952 glorilleal,
196 902 211 933 s
228 886 287 949 qnod
304 884 404 949 pertinet
420 886 450 936 ad
464 884 636 938 honorationem
648 885 749 937 homilis
771 888 801 938 ht
818 887 853 938 sio

49 963 111 1024 patet
129 957 190 1022 qnod
211 956 388 1022 magnanimitas
406 960 430 1010 et
448 957 565 1008 humilitas
582 971 629 1010 non
646 961 703 1010 sont
720 959 850 1022 matrasta,

51 1030 156 1095 mamsis
167 1029 194 1080 in
202 1028 317 1081 oontrsrh
326 1029 557 1093 momenmentum
566 1028 756 1095 quhpmosomt
769 1041 852 1082 seusu·

53 1101 104 1152 lim
123 1101 228 1154 disemos
241 1099 441 1153 considerationes.

81 1172 237 1238 lequinium
256 1172 392 1236 dioendum,
411 1173 471 1236 qohsl
492 1174 642 1240 proprietates
659 1173 705 1226 illm
725 1173 852 1226 mundum

53 1244 108 1310 ghhd
123 1244 153 1295 ad
166 1242 335 1308 magnanimum
348 1241 475 1308 pertinent,
491 1257 538 1296 non
556 1248 608 1296 sunl
619 1245 796 1311 vituperabiles,
809 1247 852 1298 seo

55 1315 619 1382 superexoelleuterlaodahiles.tlnotleuimprimh
625 1315 773 1382 malarouta
781 1329 852 1377 ema-

54 1388 172 1452 gnanimns
188 1399 233 1438 noo
250 1387 320 1438 hahet
337 1387 363 1440 io
376 1387 487 1440 memoria
504 1401 544 1440 eos
556 1387 571 1439 h
583 1388 665 1453 quihus
684 1388 795 1440 mnsam
813 1401 851 1442 re·

53 1460 120 1524 eipit,
136 1458 337 1522 »intelligendum
355 1462 405 1523 est,
415 1463 525 1522 amotum
539 1461 567 1510 aul
579 1461 624 1510 hoo
633 1458 693 1524 (prod
706 1473 752 1512 noa
767 1465 803 1513 est
812 1463 853 1515 tle·

54 1532 156 1583 leolahile
164 1529 227 1595 quhd
237 1531 266 1582 ah
275 1530 347 1595 aliqui
355 1531 398 1583 hos
409 1531 520 1582 henelloia
532 1531 639 1597 recipiat,
653 1531 709 1596 quin
721 1532 755 1583 eis
765 1534 853 1598 majora

53 1605 226 1668 reeompeosel3
237 1603 297 1670 qnod
316 1603 416 1667 pertinet
433 1603 461 1654 ad
475 1603 644 1666 perlectionem.
653 1603 811 1667 gratitudinis,
828 1606 853 1656 in

53 1676 119 1740 cujus
131 1678 186 1726 actu
196 1672 246 1724 vult
260 1674 440 1738 superexcellere
447 1711 457 1739 ,
468 1679 528 1726 uout
540 1675 597 1726 etin
607 1674 695 1728 aethna
704 1675 799 1727 aliarum
807 1676 855 1727 sir-

54 1749 138 1796 tulum.
158 1744 267 1800 Similiter
279 1745 348 1798 etiam
366 1746 465 1798 monle
478 1746 568 1810 holus,
582 1746 643 1812 quhl
655 1750 693 1798 est
705 1749 816 1810 otiosas,
828 1751 855 1800 et

53 1818 160 1882 lordum
170 1829 220 1868 non
228 1817 283 1882 quia
293 1817 383 1869 delleiat
391 1818 419 1868 alr
427 1818 544 1882 operando
552 1831 579 1870 ea
589 1831 640 1882 qua
648 1818 693 1870 sihi
702 1821 853 1884 mareolum,

53 1891 91 1944 sed
108 1889 164 1954 qaia
177 1901 224 1939 non
239 1889 324 1953 ingen't
343 1902 369 1942 se
385 1889 566 1953 qoihosomque
587 1889 711 1954 operibns,
724 1892 764 1942 sed
780 1891 854 1944 solum

52 1962 149 2027 magnis,
160 1960 237 2026 qualia
244 1962 399 2013 oeesateums
412 1960 499 2012 llioitm
511 1960 581 2012 eham
590 1961 658 2014 terlih
669 1998 677 2024 ,
690 1963 752 2028 qnod
766 1966 854 2014 ulmos·

53 2034 157 2096 irenem
178 2045 227 2084 non
241 2031 367 2084 memsam
384 2030 444 2096 qood
466 2035 589 2097 opponitm
604 2033 710 2096 veritati,
724 2037 750 2084 ul
767 2033 857 2087 soihost

53 2105 113 2156 dieat
126 2106 157 2157 (le
168 2119 193 2157 se
203 2105 280 2169 aliana
292 2104 347 2155 uilia
355 2115 409 2168 qne
421 2115 469 2154 uon
480 2107 547 2168 sunl,
556 2105 594 2156 sel
607 2107 676 2170 neget
683 2105 759 2170 aliqum
770 2118 854 2170 magna

53 2191 105 2243 quas
115 2180 189 2241 suot;
202 2177 243 2228 sed
256 2176 310 2242 qnia
323 2189 370 2227 non
383 2178 455 2226 totam
469 2176 646 2238 magnitudinem
657 2189 721 2228 soa·
736 2180 854 2237 meumst,

53 2248 154 2300 maxime
160 2254 271 2312 qnantum
281 2247 451 2300 aliuleriorum
464 2247 646 2313 multitudinem
657 2249 709 2313 quia
719 2247 779 2301 alem
786 2247 856 2301 stam

53 2320 222 2386 Philosophus,
235 2319 309 2377 ittet„
320 2319 376 2370 dicit
384 2320 414 2370 ad
428 2319 620 2384 «magnammour
633 2319 733 2386 perimet
746 2331 855 2385 magnam

54 2406 105 2444 esse
121 2393 151 2444 ad
164 2404 205 2444 eos
216 2391 257 2454 qui
271 2391 297 2442 iu
306 2391 416 2456 lignitate
427 2395 451 2444 et
460 2391 527 2443 honis
541 2392 637 2444 lortorm
649 2395 712 2455 suot;
725 2393 754 2444 ad
765 2393 855 2446 medios

54 2468 147 2525 autem,
158 2463 308 2514 moderatum.
318 2479 334 2512 a
343 2462 427 2522 Quarth
439 2462 509 2516 eliam
520 2462 609 2525 dieitur,
617 2461 678 2528 qnod
686 2463 722 2514 ad
732 2464 798 2515 otior
807 2479 856 2516 noo

54 2539 136 2600 potest
153 2536 283 2585 convivere
298 2535 308 2600 (
319 2535 407 2588 soilioet
418 2533 594 2598 familiariter),
609 2535 655 2586 nisi
667 2535 695 2586 ad
705 2535 805 2600 amioum
816 2535 857 2602 qui

54 2608 150 2663 omnino
163 2607 388 2659 permutationem
399 2612 425 2660 et
438 2607 619 2669 simulationem,
632 2619 683 2672 qum
698 2606 815 2672 pertinent
827 2607 856 2659 ad

55 2680 127 2732 mimi
150 2677 289 2743 parvitatem
302 2694 309 2730 ι
322 2679 424 2730 counivit
443 2682 521 2732 tanen
538 2678 657 2742 omnihus,
670 2682 695 2730 et
711 2679 819 2744 maguis,
834 2682 858 2730 et

56 2751 132 2816 parvis
145 2750 274 2802 meandum
284 2749 343 2816 qnhsl
356 2754 462 2816 oportet,
476 2757 505 2803 ut
522 2751 605 2804 histum
621 2754 666 2804 est.
683 2751 774 2814 omnio·
784 2751 856 2804 stium

56 2823 136 2876 dietim
150 2819 213 2886 qaho
226 2822 277 2874 vult
288 2823 371 2874 hahere
384 2823 458 2888 mags
468 2823 624 2889 inimotuosag
637 2837 684 2876 non
692 2835 856 2891 gnarumque,

58 2896 96 2948 sel
108 2895 182 2958 sous,
194 2892 219 2949 il
232 2895 282 2958 tsi,
293 2896 398 2951 houm.
412 2895 621 2951 hammensium
633 2897 748 2965 proponit
764 2897 860 2954 Maesta
