1934 3284
341 212 373 250 trit
386 209 559 255 munii·
629 217 631 225 '

349 401 507 456 atticenus
519 403 549 454 ll.

190 521 277 568 Utrtm
292 525 450 582 temperantia
463 526 496 571 eit
510 526 617 584 specialis
630 526 716 574 uirtus.

81 647 256 702 Adsecundum
271 652 305 703 sic
316 654 454 717 proceditur.
462 652 557 705 Videtur
569 652 628 719 qudi
641 654 792 717 temperantia
801 666 846 705 uon

47 722 82 771 sit
95 721 202 785 specialis
219 723 299 776 umus.
311 726 371 777 iticit
389 726 450 777 euim
467 726 606 790 Augustinus
625 726 664 776 tib.
682 728 718 776 De
735 726 848 777 moribus

47 792 147 843 Eectee.
159 795 227 859 (cap.
239 800 302 847 ittet
312 812 362 863 cap.
372 798 427 863 19),
437 799 498 863 qudd
511 816 524 847 a
533 800 562 849 ad
573 798 742 863 temperantiam
751 799 850 863 pertinet

48 865 99 915 lieo
112 878 165 917 sese
177 867 291 932 integrum
310 870 510 935 incorruptumque
528 882 626 922 servare.
646 870 717 921 »Sed
734 872 778 920 troc
791 884 850 921 cun-

47 936 117 987 uenit
130 938 193 988 omni
204 938 291 991 uirtuti
307 942 366 1006 [drgo
380 943 531 1008 temperantia
544 944 579 993 est
591 941 663 991 uirtus
676 940 796 1004 generalis.

83 1012 110 1059 t.
121 1009 240 1074 Praeterea,
251 1013 382 1065 Ambrosius
391 1013 447 1064 dicit
453 1014 479 1065 in
488 1016 506 1065 1.
518 1015 555 1063 De
562 1014 638 1077 offic.
649 1014 712 1077 (cap.
725 1015 754 1062 tt
762 1011 783 1076 v),
791 1010 852 1075 quud

48 1080 78 1131 in
88 1098 104 1130 u
112 1082 262 1146 temperantia
272 1082 369 1137 maxime
382 1086 534 1150 tranquillitas
547 1085 617 1135 enimi
627 1087 749 1149 spectatur,
759 1086 852 1148 ecqua-

48 1152 118 1202 ritur.
137 1154 213 1205 »Sed
232 1156 276 1205 hoc
292 1156 393 1221 pertinet
410 1158 440 1209 ad
451 1170 547 1208 omnem
559 1157 673 1208 mrtutem.
690 1156 749 1220 Ergo
763 1158 852 1219 tempe-

51 1226 131 1275 rantia
144 1228 304 1291 estgeueratis
313 1228 394 1279 uirtus.
899 1266 901 1270 -

86 1302 111 1347 t.
124 1298 247 1364 Preterea,
257 1300 345 1351 Tullius
357 1300 413 1352 dicit
426 1302 452 1351 in
466 1303 486 1352 1.
502 1303 539 1352 De
555 1301 639 1367 offic„
655 1300 714 1365 qudi
727 1301 852 1351 «decorum

51 1370 83 1421 ab
95 1371 193 1421 honesto
212 1371 291 1435 nequit
305 1375 417 1439 separari,
436 1391 451 1423 o
465 1378 490 1425 ut
502 1373 562 1440 qudd
582 1390 596 1423 c
603 1374 667 1438 justa
681 1373 756 1424 omnia
773 1373 872 1445 decora,

52 1444 118 1493 suut.
132 1443 203 1493 used
220 1442 340 1495 decorum
352 1444 442 1511 pruprid
456 1446 613 1497 consideratur
622 1445 647 1495 in
656 1444 816 1509 temperantia,
829 1445 855 1493 ut

51 1514 140 1565 ibidem
153 1514 244 1566 dieitur.
263 1518 321 1580 tinge
338 1518 488 1582 temperantia
503 1525 550 1569 nou
564 1520 599 1568 est
613 1516 718 1581 specialis
728 1516 807 1566 uirtus.

87 1586 132 1637 Sed
140 1589 220 1638 contra
229 1591 276 1651 est,
287 1588 348 1653 quod
361 1590 515 1655 Philosophus
524 1589 548 1639 in
558 1587 587 1640 li.
600 1592 623 1639 et
632 1589 671 1639 iil.
683 1590 775 1647 detta,
789 1586 853 1653 pouit

53 1669 108 1707 earn
119 1659 244 1721 speciale!
257 1660 374 1711 virtutem.

86 1728 247 1793 (conmuem.
264 1732 482 1798 -Temperautia‚
496 1735 522 1782 ut
539 1732 668 1783 moderatur
684 1731 809 1797 appetitum
829 1730 854 1781 iu

54 1800 92 1851 iuis
103 1814 156 1864 quar
170 1802 268 1854 maxime
281 1804 398 1855 hominem
407 1803 508 1856 adiciunt
520 1804 547 1855 ad
559 1816 585 1855 ea
596 1818 646 1869 que
659 1809 736 1855 contra
745 1804 855 1855 mtiouem

54 1877 126 1935 sunt,
139 1878 176 1925 eut
186 1875 293 1939 specus
307 1876 406 1940 uirtus.)

87 1946 223 2011 despondeo
238 1944 370 2010 dicendum,
385 1948 445 2013 qudd
461 1946 585 1999 secundum
604 1948 791 2000 consuetudinem
805 1946 853 1995 iru-

56 2029 131 2069 mame
145 2018 279 2081 locutionis,
294 2019 369 2084 alium
386 2020 478 2070 uomina
488 2019 616 2070 communia
631 2019 812 2083 restringuuntur
825 2018 854 2067 ud

56 2099 85 2141 ea
95 2104 149 2155 quse
158 2095 214 2142 suut
223 2092 335 2157 precipua
344 2092 405 2142 iuter
413 2092 453 2142 illa
466 2106 517 2156 qnae
529 2092 571 2142 sub
579 2088 621 2141 tali
629 2090 789 2141 communitate
801 2102 856 2139 cun·

56 2162 171 2228 turnum
181 2164 241 2215 sicut
248 2176 331 2215 nomen
342 2163 529 2228 urdr‘uaccipitur
537 2161 715 2214 antonomastice
725 2165 766 2226 p'ro
773 2162 853 2211 Roma.

56 2232 95 2283 Sic
115 2247 170 2299 ergo
188 2236 465 2301 uomentemperuntr'oe
481 2234 602 2300 dupliciter
617 2234 689 2298 arcipi
707 2234 790 2298 potest.
805 2230 855 2282 Uno

57 2306 142 2371 modo,
159 2307 282 2359 secuudum
299 2308 484 2360 communitatem
506 2320 553 2359 sua
573 2305 765 2372 significationis:
781 2306 804 2353 et
824 2303 857 2353 sic

56 2380 209 2445 temperantia
224 2379 337 2445 significat
349 2382 469 2445 mumdum
479 2379 614 2446 temperiem
631 2377 668 2443 (id
684 2381 737 2441 est,
750 2376 857 2427 modera-

58 2450 164 2516 tionem)
183 2466 250 2516 uuam
263 2453 321 2504 ratio
334 2452 400 2519 ponit
413 2454 437 2503 in
454 2452 560 2506 humanis
576 2449 744 2515 operationibus
758 2451 781 2498 et
799 2460 857 2511 pas-

58 2520 177 2587 sionibus3
193 2524 253 2589 quod
267 2528 302 2576 est
320 2539 441 2576 commune
457 2524 484 2574 iu
497 2522 560 2575 omui
577 2522 660 2573 uirtute
676 2518 763 2571 murali.
777 2518 858 2569 uitem

59 2596 136 2646 nmen
145 2596 238 2649 -ratioue
249 2596 400 2661 temperantia
409 2598 423 2647 t
433 2596 575 2659 tortitudine,
587 2595 655 2645 etiam
667 2588 789 2644 secundem
798 2589 859 2655 qudi

59 2670 154 2732 utraque
165 2668 273 2730 munitur,
283 2674 310 2719 ut
317 2670 390 2719 uirtus
398 2668 535 2720 commums.
544 2668 602 2717 Nam
608 2662 759 2729 temperantia
766 2662 859 2713 retranit

60 2737 88 2786 ab
100 2738 138 2789 his
153 2754 206 2804 quur
228 2744 306 2791 eontra
328 2741 439 2792 rationum
459 2738 585 2803 appetitum
607 2735 707 2787 elidunt
729 2732 859 2785 :fortitudo

60 2811 135 2860 autem
145 2810 242 2875 impellit
251 2813 279 2863 ud
287 2825 315 2863 ea
326 2812 472 2874 sustinenda,
482 2810 521 2861 uel
532 2808 696 2873 aggredienda,
705 2808 799 2871 propter
808 2816 858 2867 que

61 2878 129 2931 inemo
145 2881 230 2946 retegit
244 2883 329 2935 bouum
345 2881 448 2934 rationis.
468 2880 495 2932 Si
515 2879 569 2931 uerd
587 2878 742 2932 consideretur
762 2878 856 2927 eumue·

60 2951 155 3005 uuum
173 2955 343 3020 tempermatio
354 2950 479 3008 mutin
492 2951 553 3020 quod
568 2950 676 3005 reiteret
688 2948 815 3017 appetitum
828 2946 857 2998 ub
