1934 3284
350 167 382 210 DE
397 168 546 214 SACitifflilO.

342 355 501 408 annuentis
516 357 554 407 tv.

142 483 234 529 Utrum
242 493 313 539 popu
321 481 443 540 merileqii
456 483 538 528 ctetcot
551 455 599 528 case
607 485 754 541 pecuum.

65 613 101 662 rtd
126 613 238 676 quartum
257 607 291 660 sic
306 608 442 674 proceditur.
465 607 559 659 Videtur
578 609 639 673 quod
656 625 722 675 pcena
738 614 851 678 sacrilegii

40 697 82 736 uon
98 683 188 738 debeat
201 695 253 735 csse
266 680 409 746 pecuniaria.
421 682 493 730 Poena
506 679 567 730 enim
581 682 715 745 pecuniaria
731 697 778 736 non
793 685 849 736 sotet

40 755 127 820 imponi
147 767 193 818 pro
208 753 275 818 culpa
290 751 411 806 criminali.
425 749 468 802 Sed
485 751 627 816 sacrilegium
641 756 676 804 est
690 756 756 819 cutpa
771 755 848 806 crimi-

41 827 109 889 natis,
126 826 192 877 uude
204 823 296 888 capitali
314 822 427 878 sententia
439 822 532 887 punitur
545 823 670 874 secundnm
681 826 744 888 leges
759 826 847 878 ciuiles.

40 899 96 961 Ergo
106 895 256 959 sacrilegium
267 907 314 946 uon
331 894 398 944 dehet
413 893 490 958 puniri
503 893 571 958 punt
584 894 723 958 pecuniarii.

67 975 92 1020 2.
104 971 231 1031 Praeterea,
243 965 303 1017 idem
317 969 436 1029 peccatum
449 979 495 1016 non
510 967 576 1017 debet
589 966 673 1030 duplici
685 968 753 1030 prena
763 969 848 1034 puniri,

41 1039 167 1092 secundum
182 1038 239 1088 sslud
253 1036 397 1090 Nahum}
413 1053 418 1086 :
437 1053 450 1085 u
459 1037 510 1087 Non
524 1040 644 1100 consurget
656 1038 739 1102 duplex
753 1039 849 1090 tribula·

42 1113 79 1162 tio.
90 1129 105 1159 u
121 1111 170 1161 Sed
180 1121 251 1173 poena
264 1107 376 1172 sacrilegii
386 1109 421 1158 est
440 1107 658 1173 excommunicatio,
673 1109 745 1173 major
756 1111 848 1175 quidem

43 1183 61 1233 si
74 1181 190 1234 violentia
202 1179 314 1230 irroratur
327 1177 352 1229 in
367 1191 488 1243 personam
508 1191 610 1243 sacram,
625 1181 663 1231 uel
678 1180 698 1231 si
714 1182 796 1246 aliquis
809 1183 845 1234 in·

44 1255 121 1304 condat
136 1252 176 1304 vet
196 1252 287 1313 frangat
302 1249 441 1313 Ecclesiam
461 1250 535 1301 minor
548 1253 635 1309 autem,
652 1251 677 1301 in
692 1251 743 1303 aliis
754 1254 848 1306 sacrile-

44 1326 91 1388 giis.
105 1327 170 1388 Ergo
184 1335 231 1373 nou
244 1321 311 1373 debet
324 1321 466 1384 sacrilegium
479 1321 555 1386 puniri
568 1322 637 1386 pceut
647 1323 787 1386 pecuniaria.

74 1403 96 1448 3.
113 1399 241 1458 Praeterea,
256 1392 378 1457 Apostolus
390 1392 452 1456 dicit,
464 1395 478 1454 i
487 1393 523 1442 au
535 1394 651 1454 Thessal„
661 1395 702 1445 It:
719 1413 732 1443 u
741 1397 793 1447 Non
805 1397 849 1447 tui-

45 1469 90 1520 mus
113 1467 238 1532 aliquando
257 1465 282 1515 in
300 1463 418 1515 occasione
441 1463 551 1515 auaritia.
566 1480 581 1512 u
596 1466 639 1516 Sed
656 1465 700 1516 troc
720 1467 808 1518 uidetur
821 1468 850 1519 ad

46 1540 188 1590 occasionem
201 1535 302 1586 avaritie
316 1533 441 1600 pertinere,
453 1534 515 1599 quod
524 1549 593 1600 poena
601 1537 734 1601 pecuniaria
746 1537 850 1602 erigatur

47 1626 83 1674 pro
95 1608 224 1662 uiolatione
234 1607 268 1657 rei
277 1619 355 1658 sacrae.
368 1607 428 1670 orgo
437 1619 483 1658 non
492 1606 581 1658 uidetur
588 1607 641 1659 taiis
650 1622 702 1660 esse
712 1610 850 1661 conueniens

47 1681 160 1746 sacrilegii
173 1691 253 1744 poena.

74 1755 118 1806 Sed
132 1756 215 1804 contra
233 1753 284 1812 est,
299 1749 360 1814 quod
378 1749 460 1800 dicitur
473 1750 549 1814 xvfl,
565 1765 603 1815 qu.
618 1755 631 1801 t
644 1767 668 1801 z«
682 1751 708 1802 Si
727 1751 779 1817 quis
791 1766 848 1804 conv

47 1829 121 1876 tuman
135 1824 175 1874 vel
195 1822 308 1886 superbus
326 1820 446 1884 fugitivum
461 1835 552 1871 seruum
568 1823 595 1872 do
609 1823 667 1873 atrio
681 1823 789 1874 Ecclesiae
808 1838 850 1887 per

45 1899 88 1948 rim
101 1892 260 1955 abstraxerit,
275 1891 429 1956 noningentos
445 1891 529 1943 solidos
550 1897 708 1958 componam»
723 1897 747 1944 et
763 1895 848 1946 ibidem

8 1993 9 2004 κ
45 1972 120 2032 postca
136 1965 245 2018 subditur
263 1979 269 2012 :
289 1961 422 2026 «Quisquis
437 1963 545 2014 iuventus
563 1965 632 2015 tuerit
650 1979 702 2016 rous
722 1967 848 2032 sacrilegii,

8 2039 9 2042 ’
44 2042 133 2106 triginta
142 2039 215 2090 libras
225 2035 352 2090 examinati
366 2035 453 2100 argenti
461 2036 577 2100 purissimi
591 2042 746 2101 componat.»

90 2113 241 2164 Goncnusro.
251 2134 282 2146 -
296 2107 543 2158 Excommunicationis
555 2107 624 2172 poeut
637 2107 698 2170 digni
710 2112 764 2158 sunt
777 2109 849 2159 sacri-

8 2142 10 2256 ἱ
45 2114 125 2248 legium
138 2180 310 2232 committentes
319 2177 442 2231 secuudum
451 2179 571 2243 quamdam
587 2179 754 2241 aequalitatem
766 2178 845 2229 mortis

45 2255 94 2306 uero
111 2254 150 2305 vel
163 2251 312 2316 pecuniarum
330 2249 453 2300 secuudum
472 2251 585 2315 quoddam
598 2249 691 2300 medela
706 2249 844 2313 remedium,

46 2341 85 2392 quo
98 2323 252 2388 isacrilegiis
268 2322 431 2386 reuocentur.)

72 2397 210 2464 Respondeo
218 2394 347 2454 dicendum,
355 2393 414 2458 qu'od
423 2393 447 2444 in
456 2393 529 2458 poenis
536 2393 664 2458 infligendis
674 2394 717 2446 duo
728 2398 787 2445 sunt
797 2409 849 2446 con

46 2467 171 2521 siderauda.
193 2465 270 2517 Primo
291 2465 381 2528 quidem
401 2465 532 2530 equalitas,
552 2466 580 2516 ad
598 2467 643 2515 hoc
659 2464 722 2529 quod
738 2479 805 2531 poena
822 2467 853 2518 sit

44 2544 112 2606 justa,
128 2543 157 2590 nt
172 2537 262 2588 scilicet
277 2537 322 2586 «in
335 2549 379 2601 quo
393 2536 444 2599 orris
456 2539 549 2600 peccat,
563 2538 605 2601 por
620 2538 665 2586 hoc
680 2539 821 2602 torqueatur,
834 2555 849 2586 u

46 2619 68 2663 ot
80 2613 163 2665 dicitur
175 2611 248 2674 Sap,
260 2611 299 2660 xl.
314 2611 343 2660 nt
353 2611 397 2660 hoc
408 2609 488 2672 modo,
497 2607 636 2658 couveniens
651 2621 719 2674 poena
733 2609 849 2674 sacrilegi,

48 2687 81 2749 qui
97 2682 171 2737 sacris
184 2683 295 2746 injuriam
309 2681 391 2744 insert,
406 2683 442 2732 est
455 2678 672 2742 excommunicatio,
691 2694 733 2744 per
751 2695 819 2746 quam
836 2682 850 2734 t

47 2757 112 2807 noris
122 2758 222 2806 arcetur.
235 2752 342 2806 Secundo
355 2756 429 2804 autem
441 2749 698 2815 consideraturutititas3
711 2766 764 2803 nam
772 2767 846 2818 poeuae

47 2827 106 2891 quasi
123 2824 244 2876 medicinae
260 2824 366 2888 quaedam
387 2823 529 2888 infliguntur,
542 2825 567 2871 ut
579 2824 616 2873 his
628 2821 701 2872 territi
717 2822 850 2874 hominesa

48 2899 157 2964 pccmndo
171 2896 293 2956 desistant.
308 2895 437 2966 sacrilegus
451 2897 529 2948 autem
539 2893 579 2965 quui
592 2908 655 2947 sacra
664 2906 712 2950 non
722 2896 847 2959 reveretur,
