1934 3284
364 130 395 167 ΒΕ
410 130 576 169 sonsnrlrnlttn.

351 313 509 364 sanantes
526 313 583 364 vul,

236 448 322 493 Utetur
332 449 403 500 (erite
416 448 546 493 delectetur
555 447 582 491 a'o
591 449 634 492 arto
643 453 706 493 octar.

103 583 133 633 nd
145 586 251 634 octauum
261 584 295 635 eie
306 585 444 648 proceditur.
453 584 548 635 Videtur
558 583 619 647 qndd
630 584 695 634 lortis
710 585 832 636 delectetur
845 585 868 636 in

78 667 116 704 suo
128 659 190 706 actu.
205 656 330 708 Delectatio
340 657 401 707 enim
418 659 453 706 est
466 672 479 702 u
496 655 598 718 operatio
613 655 766 706 connaturalis
779 655 870 706 ustinus

75 736 117 775 uon
127 726 247 790 impedita,
256 744 270 774 u
281 731 308 777 ut
317 728 397 778 dieitur
407 729 460 778 inll
470 729 551 777 Bitia.
564 727 609 776 Sed
620 726 723 790 operatio
740 727 805 777 lentis
816 739 869 790 pro·

74 797 132 846 cedit
144 810 174 848 ex
188 797 267 848 halritu
284 799 323 861 qui
336 798 382 863 agit
395 798 420 848 in
433 799 523 848 modum
537 800 629 846 naturae.
647 798 704 860 Ergo
720 797 785 848 fortis
802 796 869 848 lrabet

73 868 243 919 delectationem
253 868 279 918 in
288 881 330 919 suo
341 873 401 919 actu.

102 943 125 989 2.
141 941 272 1004 Preterea,
285 944 319 989 ad
335 941 430 997 Galat,
446 942 465 988 V
471 978 480 1004 ,
493 953 560 1004 super
575 940 649 990 illud:
666 939 783 990 «Fructus
793 943 869 990 autem

73 1011 164 1074 spiritus
180 1015 217 1062 est
229 1013 342 1073 ciuitas,
356 1012 478 1076 gaudium,
488 1025 547 1076 pax,
560 1028 574 1058 »
589 1011 644 1062 dicit
665 1009 795 1061 umbrosius
809 1009 869 1074 quod

72 1095 138 1145 opera
152 1083 262 1133 umatum
272 1083 478 1147 dicuntnrlruotus‚
490 1085 544 1148 quia
553 1101 566 1130 ι(
576 1085 675 1134 mentem
683 1082 781 1133 hominis
791 1085 869 1132 sancta

72 1158 95 1203 et
110 1154 201 1206 sincera
217 1155 365 1205 delectatione
384 1155 495 1206 reficiunt.
514 1172 527 1202 u
542 1155 588 1206 Sed
604 1155 670 1205 tortis
683 1154 730 1218 agit
744 1167 812 1218 opera
824 1153 870 1202 uir-

73 1226 133 1276 tutis.
145 1228 206 1290 lirgo
218 1227 286 1276 habet
297 1225 469 1276 delectationem
479 1224 505 1276 in
519 1240 561 1276 suo
572 1229 632 1276 actu.

103 1303 125 1347 t.
140 1302 266 1359 Praeterea,
274 1297 370 1348 dellius
380 1298 501 1349 uinciturt
512 1298 662 1349 tortiorised
675 1297 740 1348 lortis
749 1297 800 1362 plns
810 1299 871 1346 amat

73 1367 155 1420 bonnm
170 1369 262 1418 nouus
276 1368 344 1433 quam
358 1369 474 1434 proprium
485 1383 582 1434 eorpus,
594 1369 654 1433 quod
668 1369 775 1433 periculis
792 1365 870 1418 mortis

72 1442 173 1505 exponit.
184 1443 243 1504 llrgo
256 1442 376 1492 delectatio
392 1443 420 1491 de
434 1442 494 1492 bono
505 1441 596 1491 uirtutis
608 1443 703 1490 evacuet
712 1439 810 1491 dolorem
822 1452 871 1490 cor-

73 1514 190 1577 poralem;
204 1517 228 1563 et
241 1514 274 1562 ita
286 1512 450 1563 delectabiliter
463 1513 539 1564 omnia
552 1515 666 1576 operatur.

102 1587 147 1636 Sed
165 1588 244 1634 contra
261 1587 310 1646 est,
328 1585 388 1648 quod
408 1585 561 1648 Philosophus
575 1583 630 1634 dicit
644 1582 669 1632 in
681 1583 712 1632 lll
729 1581 812 1633 Elinia.
828 1581 871 1645 (ut

73 1655 158 1720 supra),
173 1654 234 1718 qudd
249 1655 340 1706 ulortis
353 1655 378 1705 in
390 1669 433 1705 suo
448 1659 499 1705 actu
510 1653 573 1716 nilril
585 1653 716 1704 delectabile
731 1653 820 1702 videtur
829 1654 870 1702 ha-

72 1727 135 1779 bere.
147 1744 162 1775 rr
271 1761 275 1763 Α

105 1799 381 1864 (conatusne-Fortis
392 1811 420 1848 en
435 1811 482 1847 una
499 1801 571 1862 parte,
582 1797 689 1848 videlieet
703 1809 732 1846 ex
744 1795 873 1846 considera-

73 1872 135 1924 tione
148 1871 274 1934 suiectus,
293 1870 387 1934 ejusque
403 1869 468 1932 lium,
483 1869 607 1920 secuudum
626 1869 723 1918 animam
738 1867 870 1934 delectatum

72 1958 100 1994 ex
113 1943 158 1994 alia
169 1941 226 1992 vend
242 1945 313 2005 parte,
324 1941 431 1992 videlieet
443 1953 472 1990 ex
481 1941 629 2004 perpessione
642 1939 740 1989 tristium
754 1944 778 1988 et
791 1938 873 1988 moles-

72 2019 156 2075 tornm‚
170 2013 195 2063 iu
209 2014 291 2078 quium
305 2013 398 2076 existit,
418 2013 518 2063 dolorem
533 2012 603 2062 sentit
616 2014 684 2074 atque
696 2008 825 2074 tristatur.)

105 2086 242 2151 despondeo
255 2085 388 2148 dicendum,
398 2084 459 2149 quod
472 2083 532 2134 siout
541 2082 610 2146 supra
619 2083 703 2132 dietum
713 2085 764 2141 est,
777 2079 829 2130 cum
843 2080 870 2130 de

73 2158 217 2223 passionibus
230 2160 334 2220 ageretur
348 2157 392 2221 (l,
408 2161 435 2219 2,
451 2170 490 2220 qn.
507 2159 550 2218 sl,
564 2160 606 2204 art.
624 2159 652 2216 3,
666 2156 678 2201 t
693 2155 716 2202 et
728 2153 773 2215 5),
786 2151 869 2216 duplex

71 2233 105 2280 est
118 2229 257 2281 delectatio:
270 2241 314 2278 uua
322 2228 414 2292 quidem
425 2227 555 2291 corporalis,
568 2239 619 2290 quo
629 2223 774 2286 consequitur
784 2224 869 2270 uotum

73 2303 227 2366 corporalem3
242 2300 286 2350 alia
299 2305 375 2350 anum
385 2299 504 2364 animalis,
518 2311 568 2364 pirre
584 2295 729 2360 consequitur
741 2295 871 2358 apprehen-

73 2374 160 2426 sionem
173 2373 270 2435 animae3
285 2375 308 2422 et
326 2373 376 2422 naec
394 2370 484 2436 proprie
502 2369 648 2432 consequitur
665 2379 733 2430 opera
747 2365 882 2426 virtutum,v

74 2446 127 2510 qnia
138 2445 209 2496 ineis
223 2442 377 2494 consideratur
389 2444 473 2494 bonum
486 2441 588 2492 rationis.
599 2437 734 2502 Principalis
746 2435 800 2488 vero
810 2440 874 2486 actus

75 2516 215 2570 ramerudis
227 2519 263 2566 est
275 2514 387 2566 sustinere
401 2513 475 2578 aliqua
488 2513 562 2564 tristia
571 2508 695 2562 seeundum
710 2508 873 2574 apprehensio·

75 2603 126 2642 nem
138 2590 230 2652 animae,
244 2587 301 2652 pntt
311 2586 371 2651 quon
383 2589 451 2638 homo
460 2586 550 2636 amittat
564 2582 702 2647 corporalem
714 2581 794 2641 uitam,
807 2591 874 2644 quarn

75 2663 190 2714 mrtnosm
208 2663 287 2724 amat,
300 2673 346 2711 uon
361 2659 433 2711 solum
451 2659 475 2708 in
492 2660 603 2722 quantum
616 2657 650 2705 est
664 2652 777 2718 quoddam
790 2652 875 2702 bonum

76 2733 191 2795 naturale,
205 2733 247 2782 sed
264 2731 332 2782 etiam
344 2730 369 2780 in
384 2733 494 2794 quantum
505 2725 634 2778 ueoemaria
648 2727 683 2775 est
697 2723 724 2772 ad
739 2734 807 2787 opera
823 2721 874 2770 uir-

75 2809 149 2855 tutum
161 2808 185 2856 et
197 2816 250 2867 qna
262 2803 291 2853 ad
305 2815 333 2854 ea
345 2802 476 2867 pertinent3
492 2799 609 2850 etiterum
622 2794 733 2848 sustinere
746 2793 820 2857 aliqua
834 2792 875 2842 do-

78 2877 151 2929 lorosa
164 2875 291 2928 secundum
303 2878 389 2927 tactum
398 2871 510 2937 corporis,
523 2869 577 2936 putta
586 2869 681 2921 uulnera
691 2865 729 2933 uel
739 2863 834 2928 llagella.
847 2862 876 2912 nt
