1934 3284
71 229 74 233 ¹
330 174 363 214 uu
377 173 581 218 murmurum.
714 169 717 176 ’
808 169 856 218 esu

64 249 153 302 dilcde
166 253 192 302 et
204 249 305 316 bonnm,
315 267 330 301 o
340 255 367 304 ut
377 253 460 304 dicitm
472 253 499 304 in
513 253 541 305 ll.
554 253 639 306 stlte.
647 252 768 322 'Difficile
780 259 858 307 antem

65 326 87 373 et
96 336 219 388 moysem
234 324 301 389 (uun
316 324 344 375 ad
359 324 420 376 idem
432 325 564 392 pertinent)
580 327 604 376 in
618 329 669 378 actu
682 323 772 378 iirtutis
784 330 860 394 potest

64 396 149 446 attendi
159 395 280 459 dupliciter
293 411 300 446 ε
313 409 359 448 nno
376 399 459 458 modo,
475 411 504 448 ex
516 402 580 464 parte
591 398 701 464 rationis3
714 399 739 450 in
750 403 859 464 quantum

63 465 150 518 scilieet
162 467 256 519 difficule
274 471 309 518 est
322 468 422 520 medium
439 469 533 522 rationis
551 470 698 534 adinvenire,
713 475 738 522 et
749 471 774 521 in
786 470 860 535 atqua

62 538 156 590 materia
165 538 278 605 statuere3
289 543 312 590 et
322 539 367 592 ista
376 540 498 592 difficultas
508 541 580 593 solim
591 541 707 594 inuenitur
716 543 741 594 iu
750 546 803 594 actu
814 542 860 594 uir·

62 614 135 662 tutum
153 610 356 677 intellectualium,
371 617 395 664 et
407 613 476 664 etiam
490 613 514 664 iu
526 617 580 665 actu
598 613 701 682 justitie.
716 614 765 665 dlia
780 619 857 665 antem

61 682 185 734 difficultas
198 686 234 734 est
246 697 277 734 er
288 689 352 750 parte
364 685 477 751 maesia,
490 699 540 752 quae
556 685 584 736 de
599 699 623 737 se
632 686 803 752 repugnantiam
813 687 860 737 ba-

60 753 113 806 bere
123 759 203 820 potest
216 757 244 806 ad
254 759 346 808 modum
358 757 453 808 rationis
465 759 506 822 qui
521 761 556 810 est
570 759 694 810 circaeam
712 760 831 824 ponendus
851 774 857 810 :

62 831 85 876 et
94 827 140 878 ista
154 827 277 880 difficultas
290 829 404 894 precipue
417 830 541 880 attenditur
552 829 577 880 iu
591 831 770 882 abisuirtntibus
784 845 859 882 mora-

60 898 270 964 insumpserunt
286 901 346 951 circa
359 899 487 966 passionem
504 903 557 966 qnia
573 920 586 949 u
601 903 720 967 passiones
733 906 861 967 repugnant

60 975 138 1022 contra
151 971 273 1034 rationem,
287 975 340 1022 »ut
352 972 475 1040 llionpsius
489 973 544 1024 dicit
556 973 595 1024 lll.
610 987 661 1040 cap.
671 975 708 1025 De
717 974 772 1024 div.
782 974 858 1024 Nom.

59 1043 123 1094 Circa
139 1056 198 1108 quas
216 1043 402 1095 considerandum
423 1049 460 1096 est
473 1045 533 1110 quod
546 1047 650 1110 quedam
669 1046 788 1112 pensiones
807 1048 860 1096 sunt

16 1152 20 1174 ,
60 1127 109 1179 pue
122 1116 209 1167 babent
221 1118 329 1180 magnam
341 1115 387 1166 mm
400 1114 523 1168 resistendi
542 1117 641 1182 rationi,
657 1117 813 1182 principaliter
829 1129 856 1168 ex

59 1193 123 1252 parte
136 1188 261 1254 passionis;
272 1189 376 1254 quedam
383 1188 438 1242 εἰτὸ
447 1188 603 1254 principaliter
611 1203 639 1240 ex
647 1193 711 1254 parte
721 1201 797 1241 rerum
806 1201 858 1254 qun

60 1264 113 1310 sont
126 1261 215 1326 objecta
226 1261 368 1325 passionum.
377 1259 497 1312 Passiones
511 1266 643 1312 autemnon
657 1261 741 1313 habent
753 1274 858 1326 magnum

60 1332 106 1382 uim
117 1333 260 1398 repugnandi
268 1333 359 1397 rationi,
368 1331 413 1384 nisi
421 1333 506 1384 luerint
517 1335 673 1397 vehementes,
682 1348 709 1386 eo
719 1334 779 1400 quod
787 1347 858 1400 appe-

60 1402 115 1455 litus
132 1403 273 1467 sensitisns,
286 1404 314 1455 in
328 1417 373 1469 quo
387 1408 441 1455 sunt
458 1405 595 1470 passiones,
611 1405 742 1457 naturaliter
756 1405 860 1456 subditur

60 1475 143 1526 rationi
158 1491 164 1520 τ
178 1479 201 1526 et
212 1475 263 1528 idco
276 1477 371 1527 virtutes
384 1489 434 1540 quae
445 1477 572 1543 sunicirca
587 1477 715 1541 hujusmodi
732 1478 858 1543 passiones,

59 1559 105 1598 nou
120 1551 268 1612 opponuntur
280 1547 325 1598 nisi
343 1547 402 1598 cirea
414 1549 436 1598 id
452 1549 513 1612 quod
529 1552 564 1600 est
577 1561 683 1612 magnum
698 1549 724 1599 in
737 1547 793 1613 ipsis
803 1562 859 1616 pas-

61 1617 181 1669 sionibus:
195 1619 254 1670 sicin
266 1619 373 1670 tortitudo
384 1622 420 1670 est
435 1619 495 1669 circa
514 1619 624 1672 maximos
638 1620 729 1671 timores
749 1622 772 1670 et
790 1621 860 1671 auda·

60 1691 118 1754 cias3
132 1689 286 1756 temperantia
297 1695 372 1741 autem
384 1691 445 1741 cirea
456 1689 607 1742 maximarum
617 1691 792 1744 delectationum
803 1704 858 1742 con-

60 1762 227 1828 cupiscentiam
243 1767 267 1813 et
279 1762 382 1814 similiter
394 1760 544 1814 mansuetudo
556 1766 591 1814 est
606 1763 664 1813 circa
676 1761 790 1814 maximas
803 1763 856 1814 iras.

59 1832 181 1887 Passiones
191 1837 266 1886 anem
278 1835 476 1899 praedamnarent
493 1847 597 1899 magnam
610 1835 657 1886 sim
666 1835 808 1900 repugnandi
821 1847 858 1886 ra-

60 1906 117 1956 tioni
127 1920 157 1958 ex
170 1902 228 1971 ipsis
242 1906 310 1958 rebus
323 1906 473 1958 exterioribus
487 1921 537 1973 que
550 1911 604 1957 sunt
615 1907 748 1971 passionum
760 1907 858 1972 objecta,

59 1978 117 2030 sicot
130 1966 196 2029 duur
209 1979 247 2029 uel
262 1979 375 2044 cupidilas
395 1980 512 2045 messiae,
534 1979 583 2030 sive
601 1979 702 2032 honoris.
725 1980 755 2029 ldt
774 1978 800 2029 in
823 1979 859 2030 bis

59 2053 149 2114 oportet
165 2062 217 2105 esse
229 2050 338 2101 montem
355 2063 403 2102 non
417 2051 491 2102 soldm
505 2050 564 2101 circa
578 2051 601 2101 id
613 2052 671 2115 quod
688 2053 723 2102 est
735 2051 858 2101 maximum

58 2121 135 2189 ineis,
148 2124 189 2174 sed
203 2122 271 2174 mam
284 2123 344 2174 circa
355 2121 528 2174 mediocria-sel
538 2122 639 2188 minora;
649 2122 701 2186 quie
713 2135 751 2173 res
759 2121 860 2174 exterids

59 2195 200 2259 existentes,
216 2194 317 2246 etiamsi
330 2193 376 2246 sint
386 2207 475 2259 paruae,
488 2197 540 2246 snut
550 2193 646 2244 multbm
660 2193 806 2258 appetibiles,
819 2195 859 2244 ut·

58 2272 112 2332 pote
123 2267 258 2319 necessarie
270 2267 299 2317 ad
309 2266 380 2318 sitam
390 2266 498 2319 bominis.
507 2267 537 2316 Et
550 2265 601 2329 ideo
611 2263 669 2316 circa
681 2265 809 2330 appetitum
820 2279 861 2331 pe·

59 2339 178 2393 curiarum
187 2340 242 2390 sunt
252 2338 301 2389 duae
313 2338 430 2390 umtntm':
444 2338 490 2389 uina
504 2337 596 2402 quidem
611 2337 670 2388 circa
681 2338 806 2390 mediocres
826 2337 860 2389 uel

59 2413 196 2476 moderatas,
211 2409 299 2463 scilicet
310 2408 470 2460 liberalitas:
483 2411 527 2460 alia
537 2413 612 2460 annm
623 2408 681 2460 circa
691 2409 799 2475 pecunias
808 2421 858 2460 ma·

59 2485 131 2548 guas,
144 2477 233 2534 scilicet
244 2482 438 2546 maqnifioeutia.
449 2481 556 2533 Similiter
568 2481 638 2532 etiam
652 2484 675 2532 et
687 2481 744 2532 circa
758 2482 859 2533 bonores

60 2558 113 2606 sunt
127 2557 178 2606 due
191 2553 303 2604 uirtutes:
315 2566 362 2604 uua
376 2555 469 2618 quidem
481 2554 541 2604 circa
550 2553 678 2604 mediocres
689 2554 797 2616 bonores,
807 2566 860 2619 que

61 2628 204 2680 innominata
213 2629 262 2690 est3
272 2625 402 2677 nominatur
410 2630 488 2678 tumen
500 2635 531 2676 ex
544 2625 593 2676 suis
605 2625 727 2688 esbernis,
740 2639 791 2690 qnae
803 2629 858 2676 snut
952 2641 953 2646 ¹

60 2700 225 2764 philotimus,
238 2697 263 2748 id
274 2702 324 2760 est,
338 2713 412 2749 cruor
421 2699 536 2763 nocerim·
548 2702 572 2748 et
585 2695 763 2762 ophilotime'o,
778 2698 860 2762 idest,

61 2774 115 2823 riae
126 2785 216 2822 umore
230 2769 338 2820 become.
351 2771 463 2822 Laudatur
476 2770 541 2820 enim
552 2770 686 2834 quandoque
699 2769 860 2834 quiummlro
952 2811 953 2814 ,

61 2856 155 2906 uorem,
166 2842 302 2908 quaudoque
313 2845 388 2893 autem
401 2840 440 2906 qni
455 2850 501 2890 noo
511 2843 574 2892 curat
588 2841 615 2890 de
629 2841 715 2892 bonore
723 2858 730 2904 ;
738 2843 807 2906 prout-
819 2838 861 2890 sci-
952 2861 953 2872 2

60 2915 112 2968 licet
134 2921 256 2982 nnumqm
276 2912 391 2966 moderate
407 2913 465 2966 ⁴lieri
482 2915 571 2979 potest:
590 2912 768 2977 Circa'magnos
783 2917 859 2964 auem
952 2917 953 2944 l
