1934 3284
262 209 294 246 ns
310 207 469 258 smnmrroyrs
483 209 513 248 sr
529 195 665 250 urrncnrs'r.
819 205 865 253 111

68 282 175 347 iniquitas
192 285 283 350 peomto
305 285 463 337 Sodomorum.
478 301 492 333 n
507 287 605 338 Peccata
624 291 699 339 autcm
719 289 866 344 Sodomorum

69 359 230 478 {mem
239 357 352 408 mortalia.
362 357 421 422 Ergo
433 362 456 409 11
463 355 592 424 hypocrisis
601 371 690 425 sempor
698 365 734 412 est
745 365 865 428 peccatum

149 441 172 479 1.

97 503 122 549 1.
135 502 258 564 Prummu,
272 500 391 562 Gregorius
404 502 470 562 uicit,
486 503 557 554 XXXI
571 503 662 554 Monoi.
679 504 864 571 (11111111,

65 573 91 620 ut
101 570 193 635 supr-l),
204 570 264 634 qnod
278 571 425 636 «hypocriten
436 587 466 624 ex
479 573 566 625 malitia
576 578 681 638 peccunt.
692 593 706 624 n
716 577 762 627 Sed
775 579 819 628 hoc
830 581 867 629 est

65 642 241 706 grauissimum,
255 641 309 707 quia
324 644 422 708 pertinet
434 646 464 696 11
473 647 592 710 peccaturo
602 646 625 696 in
635 647 741 710 Spiritum
752 653 863 700 sanctum.

66 715 126 778 Ergo
139 714 268 778 hypocrisis
282 728 371 779 sempor
383 720 419 768 est
429 720 548 780 peccatum
560 718 663 768 mortale

96 791 120 835 1.
138 789 263 850 erotema,
276 786 352 837 nullus
361 791 460 838 meretur
470 788 528 838 irum
541 789 582 839 liei
596 792 619 839 et
631 789 784 842 exclusionem
796 791 810 842 1
823 790 864 844 liei

62 858 166 921 munuc,
178 857 224 908 uisi
235 861 329 922 propter
346 862 462 922 peceatum
478 861 584 911 mortue.
604 859 649 910 Sed
668 873 709 926 per
723 861 864 926 hypocrisim

63 929 147 994 aliquis
157 933 259 980 meretur
270 929 328 979 iram
342 931 396 994 liei,
409 930 534 982 secundum
548 930 603 982 illnu
617 930 676 990 lob,
687 931 793 983 XXXVI:
804 951 817 981 n
827 934 863 984 Si-

64 1003 190 1053 mulatores
209 1006 232 1054 11
246 1001 320 1053 callidi
339 1007 463 1067 provocant
481 1003 539 1054 iram
555 1003 610 1066 liei3
626 1019 640 1049 u
654 1003 780 1055 excluditur
794 1006 864 1056 etiam

63 1073 185 1139 hypocrita
195 1074 210 1124 1
220 1073 309 1124 munuc
321 1073 376 1135 hei,
390 1073 515 1125 secunlum
529 1075 584 1126 illud
597 1073 731 1130 lob,thl:
742 1075 864 1128 «Nonne

63 1145 97 1195 uit
109 1145 136 1194 in
148 1149 273 1210 conspectu
285 1145 335 1210 ejus
354 1146 428 1196 omnis
444 1146 571 1212 hypocrita.
587 1161 601 1194 1
616 1145 674 1209 Ergo
687 1145 815 1210 hypocrisis
829 1151 864 1198 est

63 1221 182 1280 peummrn
193 1217 295 1268 mortale.

93 1289 140 1340 Sed
150 1292 230 1338 contra
243 1292 292 1355 est,
304 1287 363 1353 quod
376 1287 503 1354 hypocrisis
514 1292 549 1339 est
559 1289 701 1340 mendacium
711 1289 801 1353 operis,
810 1289 862 1340 cium

63 1359 93 1410 sit
106 1359 224 1411 simulatio
235 1360 347 1424 quedam
357 1361 409 1412 Nou
419 1363 496 1411 nutem
510 1371 576 1411 omne
586 1360 729 1411 mendacium
740 1361 815 1426 operis
827 1366 863 1412 est

62 1436 184 1496 pecmtnm
199 1431 302 1482 mortale.
320 1433 378 1496 Ergo
391 1445 435 1484 nee
446 1431 522 1482 omnis
535 1432 674 1496 hypocrisis.

92 1505 216 1567 Praeterea,
225 1503 322 1554 intentio
332 1503 458 1568 hypocrite
466 1506 502 1554 est
513 1503 541 1554 11
550 1503 593 1554 hoo
601 1502 661 1566 quod
672 1503 860 1555 rideaturhonus.

62 1575 106 1626 Seu
123 1577 170 1626 hoc
183 1588 231 1626 nou
246 1575 370 1639 opponitur
386 1575 498 1625 charitati.
513 1574 572 1639 Ergo
582 1574 711 1640 hypocrisis
724 1587 769 1625 uon
780 1577 815 1625 est
826 1589 862 1626 se·

62 1645 163 1697 eundum
173 1659 199 1697 se
212 1649 329 1711 peccatum
343 1647 448 1697 11111111.

90 1719 223 1780 Praeterea,
233 1717 360 1782 hypocrisis
373 1718 474 1768 nascitur
483 1729 512 1766 er
525 1716 589 1767 inani
605 1717 689 1781 gloria,
704 1719 731 1766 nt
743 1716 862 1780 Gregorius

61 1789 132 1850 dicit,
147 1789 220 1838 XXXl
233 1787 326 1838 llorol.
342 1789 405 1852 (cap.
420 1787 498 1839 tirel
511 1787 568 1854 11).
583 1787 628 1840 Sed
640 1787 715 1838 inanis
731 1788 802 1852 gloria
815 1799 861 1839 uon

61 1873 154 1925 semper
166 1863 204 1910 cst
216 1863 334 1924 peccatum
344 1860 449 1910 mortale.
461 1860 521 1924 Ergo
535 1871 609 1923 neque
620 1859 755 1924 hypocrisis.

94 1933 259 1998 (Concnusro.
267 1931 433 1996 -liypocrisis
446 1945 491 1995 qua
502 1930 554 1996 quis
568 1943 613 1982 uon
628 1934 692 1981 curat
703 1931 860 1993 sanctitatem,

61 2001 208 2054 mutantium
225 2006 317 2053 sanctus
329 2002 417 2066 rideri,
433 2006 551 2067 peccatum
570 2002 664 2053 mortale
681 2007 729 2065 est3
744 2013 788 2066 qua
807 2002 862 2054 uero

61 2075 145 2139 aliquis
157 2073 259 2125 intendit
266 2071 370 2124 simulare
378 2073 529 2135 summitatem,
543 2072 648 2137 quamvis
661 2077 753 2123 sanctm
764 2085 810 2124 non
821 2072 862 2134 sit,

62 2149 138 2210 potest
157 2150 183 2197 et
198 2144 289 2196 veniale
306 2148 330 2196 et
339 2146 434 2196 mortale
451 2149 569 2209 peccatum
588 2157 655 2207 ense,
670 2143 793 2195 11111111]
803 2143 862 2208 quod

62 2218 176 2282 contingit
189 2230 242 2268 eam
251 2216 365 2268 euremari
373 2217 411 2268 rel
424 2229 471 2267 non
484 2215 599 2267 adversari
611 2214 741 2276 charitati.)

92 2290 231 2354 Responueo
246 2288 378 2351 dicendum,
393 2287 453 2352 quod
466 2287 490 2337 in
507 2285 623 2352 hypocrisi
637 2287 681 2338 duo
695 2289 764 2347 sunt,
778 2285 865 2338 scilicet

63 2363 167 2413 11111111
183 2359 310 2411 suauitatis
325 2363 351 2411 et
364 2359 480 2410 simulatio
492 2359 573 2423 ipsius.
587 2359 612 2410 Si
631 2371 685 2420 ergo
698 2357 816 2422 hypocrita
830 2357 864 2408 11-

63 2437 126 2484 catur
139 2433 179 2483 ille
193 2431 262 2496 cujus
278 2431 377 2482 intentio
394 2431 465 2481 lemur
480 2431 509 2481 11
527 2433 664 2495 utrumque,
680 2433 706 2480 ut
723 2428 811 2480 scilicet
823 2429 865 2480 ali-

63 2506 112 2569 quis
125 2519 174 2556 non
188 2506 252 2556 curet
268 2503 414 2554 sanctitatem
426 2502 527 2566 hahere,
543 2502 583 2553 sed
598 2497 670 2554 'solim
685 2504 778 2553 sanctus
795 2513 865 2568 appu-

63 2589 111 2628 rere
120 2617 128 2640 ‚
138 2576 201 2628 mont
211 2575 330 2626 consuerit
343 2573 415 2638 accipi
422 2571 446 2623 in
458 2586 522 2624 sacru
531 2573 659 2638 Scriptura,
672 2573 704 2624 sie
717 2571 864 2623 manifestum

63 2653 96 2698 est
107 2648 171 2712 quod
187 2650 223 2697 est
232 2649 349 2710 peccatum
361 2645 556 2709 mortale3nullus
570 2644 632 2695 enim
646 2645 747 2696 totaliter
761 2643 866 2708 privatur

64 2719 184 2771 sanctitate
199 2716 246 2768 nisi
260 2721 434 2782 perpetratum
445 2715 548 2767 mortale.
564 2715 590 2766 si
608 2720 683 2767 autom
698 2715 868 2782 1111111111-

65 2791 117 2842 crita
131 2791 173 2842 ille
189 2789 228 2854 cytri
238 2789 338 2840 intendit
353 2787 459 2839 simulare
473 2787 632 2851 sanctitatem,
645 2788 658 2838 1
671 2801 716 2851 qua
729 2785 811 2838 deleuit
826 2798 867 2852 per

65 2867 180 2924 pectam
194 2860 303 2925 mortue,
314 2867 369 2911 tunc
381 2856 486 2925 quamvis
497 2859 527 2910 sit
540 2858 565 2909 in
574 2864 668 2924 peccato
680 2857 769 2910 mortali
780 2871 809 2908 cx
819 2865 865 2922 q'uo

66 2934 167 2996 priunum
183 2931 319 2995 1111111111,
336 2944 382 2984 non
397 2934 476 2982 tamen
491 2929 581 2997 sempe'r
597 2932 649 2996 ipsc
663 2929 778 2983 simulatio
793 2930 829 2978 cst
843 2927 865 2978 ei
