1934 3284
362 128 394 166 ΒΕ
408 129 573 168 renuntiante.

350 311 507 363 cuneolos
524 313 581 363 vlll.

234 446 321 491 errem
330 447 402 499 lorido
414 447 544 491 delectetur
553 447 580 490 to
589 451 632 491 erto
641 452 704 492 actu.

98 581 131 630 dd
143 584 249 632 octavm
259 582 293 633 eie
304 583 442 646 proceditur.
451 582 546 633 Videtur
556 582 617 646 qu'od
628 583 693 633 lortis
708 585 830 636 delectetur
843 585 866 636 in

71 666 113 703 suo
126 656 188 704 aon.
203 653 328 705 Delectatio
338 655 399 705 euim
415 658 477 704 est«
493 654 596 717 operalio
610 655 764 706 connaturalis
777 656 867 706 habitos

68 736 114 774 uou
125 723 245 788 impedite,
253 741 268 771 n
279 729 306 775 ut
315 726 395 776 dicitnr
405 728 458 777 iull
467 727 549 776 Ettic.
562 726 607 776 Sed
618 726 721 790 operatio
738 727 803 777 lortis
814 739 866 791 pro·

68 795 130 845 cedit
142 808 172 846 ex
185 795 265 846 habitu
281 797 321 860 qui
333 797 380 861 agit
393 797 418 847 in
431 798 521 846 modum
534 800 627 846 nature.
644 798 702 860 Ergo
717 797 783 848 fortis
799 796 867 848 habet

67 867 240 918 delectationem
251 867 276 917 in
286 881 328 918 sno
339 871 399 918 acm.

98 941 123 988 2.
139 939 270 1002 Promea,
283 943 316 988 od
333 940 428 997 Galat„
444 940 462 988 V
468 977 478 1004 ,
491 953 558 1004 super
572 939 646 991 illud:
664 939 781 990 «Fructus
791 943 866 991 autem

68 1009 162 1074 spiritds
178 1013 214 1060 est
226 1012 339 1072 charitas,
354 1011 475 1075 gaudium,
485 1023 544 1075 pax,
557 1026 571 1057 n
587 1011 641 1061 dicit
663 1010 793 1062 dmlrrosins
806 1010 866 1074 qudd

68 1095 136 1144 opera
149 1081 259 1131 uirtutum
269 1081 476 1146 dicunturtructus,
487 1085 541 1147 qnia
550 1100 564 1130 «
574 1085 673 1134 menmm
681 1083 779 1133 hominis
789 1087 866 1133 saneta

67 1157 91 1202 el
106 1153 198 1204 sincera
214 1154 363 1204 delectatione
381 1154 492 1205 redolent,
511 1171 524 1201 u
539 1154 585 1204 Sed
602 1154 667 1205 lortis
681 1154 727 1218 agit
741 1167 810 1219 opera
822 1154 867 1202 vir-

68 1224 131 1274 tutis.
143 1226 203 1288 Ergo
215 1225 283 1275 habet
295 1224 466 1276 delectationem
477 1224 502 1275 in
516 1239 558 1276 suo
569 1229 630 1276 netu.

100 1301 122 1346 ³.
139 1300 263 1358 creterra,
271 1295 367 1346 debilius
377 1296 498 1348 uinciturd
509 1298 659 1348 tortiorised
672 1297 737 1348 fortis
746 1297 798 1362 plus
807 1299 868 1347 amat

68 1368 153 1418 bonum
168 1367 259 1417 uirtutis
273 1367 341 1432 quim
355 1367 472 1433 proprium
482 1382 579 1434 eorpus,
591 1369 651 1433 quod
665 1369 772 1433 periculis
789 1365 867 1419 modis

68 1440 170 1504 exponit.
181 1441 240 1503 Ergo
253 1440 373 1490 delectatio
389 1442 417 1490 dc
431 1440 491 1491 hono
502 1440 593 1491 uirtutis
605 1444 700 1491 evacuat
709 1439 807 1491 dolorem
819 1452 868 1490 cor-

68 1513 187 1576 poralcm;
201 1515 225 1560 et
238 1512 270 1561 ita
283 1511 446 1562 delectabiliter
460 1512 537 1562 omnia
549 1515 663 1576 operatur.

99 1585 145 1634 Sed
162 1585 241 1632 contra
258 1586 307 1645 est,
325 1584 385 1647 quod
405 1584 558 1648 Philosophus
572 1583 627 1634 dicit
641 1583 666 1634 in
678 1583 709 1632 lll
726 1581 809 1633 Elide.
825 1581 868 1645 (ut

69 1653 155 1718 sopri),
170 1652 231 1716 quod
246 1653 337 1704 olonis
350 1654 375 1704 in
387 1667 430 1704 suo
445 1658 496 1704 actu
507 1653 571 1716 vnillil
582 1653 714 1704 delectabile
728 1652 817 1702 videtur
826 1653 867 1702 lra-

68 1726 131 1777 btre.
144 1741 159 1773 n

102 1797 378 1862 (cunctosin—Fortis
389 1810 417 1848 ex
432 1811 478 1847 nna
496 1800 568 1862 perte,
579 1797 686 1848 videlieet
699 1809 729 1846 ex
741 1795 870 1846 considera-

69 1871 131 1921 tione
145 1870 183 1920 sui
194 1872 271 1932 actus,
289 1869 384 1933 ejusque
400 1868 464 1932 finis,
480 1869 604 1920 secuudum
622 1868 720 1918 animam
735 1867 867 1934 delectatum

68 1957 97 1993 ex
110 1941 155 1992 alia
166 1939 223 1990 vcro
238 1943 310 2003 parte,
321 1940 427 1991 uidelicet
439 1953 469 1990 ex
478 1940 628 2004 perpessione
638 1939 737 1989 tristium
751 1943 775 1988 et
787 1939 869 1988 moles-

69 2018 153 2073 tornm,
167 2011 192 2060 in
206 2012 395 2075 quindecimo,
415 2012 514 2062 dolorem
529 2011 599 2062 scutit
613 2013 681 2074 atque
692 2007 821 2073 tristatur.)

102 2083 239 2149 despondeo
252 2084 385 2146 dicendum,
394 2083 455 2147 quod
468 2082 606 2146 sicutsuprt
615 2083 700 2132 dietum
709 2085 760 2141 est,
773 2079 825 2130 cium
839 2081 867 2130 de

69 2156 214 2221 passionibus
227 2159 330 2218 ageretur
344 2157 388 2220 (t,
404 2160 432 2218 Ξ,
447 2169 486 2220 qu.
503 2159 547 2218 31,
561 2159 602 2204 art.
620 2159 648 2216 3,
662 2157 674 2202 l
689 2157 712 2203 et
725 2153 769 2215 d),
782 2151 865 2216 duplex

67 2232 101 2278 cst
114 2227 237 2279 delectatio
248 2243 254 2276 :
266 2240 310 2277 una
319 2227 411 2291 quidem
421 2227 552 2291 corporalis,
565 2239 615 2290 qum
625 2223 771 2288 consequitur
780 2225 866 2272 tactum

70 2300 224 2364 corporalem3
239 2299 282 2349 alla
295 2303 371 2349 antem
381 2299 499 2362 animalis,
514 2312 564 2363 que
580 2297 725 2361 consequitur
738 2295 867 2359 apprehen-

69 2372 157 2424 sionem
170 2371 266 2433 animae3
281 2372 304 2420 et
322 2372 372 2422 haec
390 2369 480 2436 proprie
498 2369 645 2432 consequitur
662 2379 730 2431 opera
744 2365 878 2427 virtutum.

71 2444 123 2506 quia
134 2443 161 2494 iu
171 2443 206 2494 eis
219 2441 373 2493 consideratur
385 2443 469 2494 bonum
482 2441 585 2492 rationis.
595 2438 730 2503 Principalis
742 2437 797 2488 uero
806 2441 870 2488 actus

72 2515 211 2566 tortitudinis
224 2518 259 2564 est
270 2513 383 2565 sustinere
397 2513 471 2577 alipnc
484 2512 558 2563 tristia
567 2509 692 2562 sccunddm
706 2509 869 2574 apprehensio-

72 2601 122 2639 nem
135 2588 226 2649 anime,
240 2585 297 2651 puta
307 2585 367 2650 qudd
378 2588 447 2636 homo
456 2586 546 2635 amittat
560 2583 698 2648 corporalem
710 2581 790 2641 uitam,
803 2592 870 2644 quarn

74 2659 187 2710 virtuosus
205 2662 282 2723 amat,
296 2672 342 2710 nou
356 2658 429 2710 solirnr
447 2658 472 2707 in
487 2661 599 2721 quantum
612 2657 646 2705 est
660 2652 773 2718 quoddam
786 2652 870 2702 bouum

74 2731 188 2792 naturale,
202 2731 243 2780 sed
260 2730 327 2780 etiam
339 2729 365 2780 iu
380 2733 489 2793 qnantum
501 2725 630 2777 necessaria
644 2729 679 2775 cst
693 2724 719 2774 nd
734 2735 803 2786 opera
819 2722 870 2771 uir-

74 2803 145 2851 tutum
157 2806 182 2853 et
195 2814 246 2865 qne
258 2803 287 2852 ad
300 2815 329 2853 ea
341 2801 472 2866 pertiuent;
488 2798 605 2849 etiterum
618 2795 729 2847 sustinere
741 2793 816 2856 aliqua
830 2793 871 2842 do·

76 2871 148 2927 torosa
161 2873 286 2925 secundino
298 2877 384 2926 taetnur
393 2870 506 2936 corporis,
518 2869 573 2935 pult
581 2867 676 2920 uulnera
686 2867 725 2934 ecl
734 2863 829 2928 flagella.
843 2863 872 2912 ut
