1934 3284
126 184 173 240 lit
210 198 320 239 neuma
336 193 571 249 recommonet.
587 186 710 247 amnuo,
723 196 779 235 aar.
793 184 840 235 r'ds

126 278 251 343 publimrm.
264 276 309 328 Sed
322 276 393 325 multa
401 275 446 325 alia
458 278 513 325 rota
524 277 622 338 possunt
634 272 684 324 beri
695 272 721 323 in
736 273 844 338 publico,
857 272 936 339 qolrrt

125 353 205 400 votum
220 348 278 413 qnod
291 346 400 397 emittitur
413 346 438 396 in
455 347 599 411 susceptione
612 345 670 395 satri
684 345 770 395 ordinis
783 346 821 396 rel
837 346 863 396 in
877 357 934 410 pro-

127 421 225 470 lessione
239 424 306 469 certa
321 417 419 481 regula,
434 422 458 468 et
472 418 605 481 hujusmodi
617 417 685 467 etiam
701 421 754 466 rota
767 422 866 481 possum
880 417 937 468 lieri

126 490 150 540 in
164 492 261 541 occulto,
276 492 335 554 Ergo
351 503 397 539 non
412 489 483 539 solum
497 489 629 552 hujusmodi
642 492 694 537 rota
708 493 762 538 sunt
774 489 901 539 solemnia.

157 562 201 611 sed
216 566 293 611 ooulra
309 565 357 621 ast,
367 560 427 623 qubd
440 559 513 611 solim
526 559 658 623 hujusmodi
672 564 726 609 rota
741 560 874 623 impediunt
885 576 938 611 rna·

127 632 257 682 trimonium
270 634 462 694 contrabendum,
477 636 501 681 et
516 631 624 680 dirimunt
636 631 681 693 jam
697 634 852 694 contractum3
869 634 936 695 qnod

128 706 164 753 est
174 704 268 754 allectus
277 703 324 753 roti
338 702 455 766 solemnis,
464 702 559 751 utinird
567 702 654 751 dicetur
662 702 686 751 iu
696 701 761 751 tertia
772 702 842 766 hujus
850 705 934 768 operis

128 779 191 839 parte
204 775 264 840 (sire
276 776 301 825 in
316 774 455 839 cuppam,
471 786 511 837 pn.
525 777 565 836 5³,
578 778 622 822 art.
633 772 670 836 a).

158 848 321 912 (cormesio.
335 872 366 884 -
380 847 472 898 [luobus
489 846 563 895 modis
578 845 625 893 roti
643 845 774 895 solemnitas
787 845 934 911 celebratur,

129 919 236 968 nimirum
252 920 342 982 quando
358 917 472 982 quispiam
490 930 530 981 per
543 916 710 979 susceptionem
729 916 787 967 sacri
800 918 892 969 ordinis
911 934 937 969 se

128 992 202 1039 totum
213 990 290 1040 divino
301 989 427 1039 ministerio
436 989 544 1048 tradit,et
552 986 643 1052 quando
654 994 771 1051 perreriae
781 988 869 1052 regule
881 1005 938 1055 pro-

131 1062 251 1113 tessionem
257 1101 266 1127 ,
277 1063 355 1113 relicto
364 1062 448 1113 seculo
459 1064 484 1111 et
492 1058 595 1110 abdicatl
604 1058 695 1124 proprii
705 1060 832 1123 voluntate,
844 1062 938 1127 perloc-

130 1134 200 1183 tionis
213 1138 296 1184 statum
309 1133 423 1195 assernit.)

161 1206 296 1269 despondeo
312 1204 449 1264 dicendum,
466 1203 528 1267 qndd
541 1202 662 1265 unicuique
678 1203 713 1252 rei
724 1201 859 1254 solemnitas
870 1205 938 1255 adiri·

131 1277 198 1327 betur
208 1276 332 1327 secunddm
342 1276 402 1326 illius
413 1276 445 1327 rei
455 1275 608 1325 conditionem
616 1313 623 1333 ,
632 1275 692 1324 sient
699 1273 743 1323 alia
752 1276 790 1324 est
800 1275 939 1325 solemnitas

132 1360 196 1398 nore
207 1348 303 1409 militie,
319 1348 406 1398 scilicet
418 1348 442 1397 in
458 1347 557 1411 quodam
569 1349 679 1410 apparatu
692 1358 803 1409 equorum
822 1350 847 1397 et
859 1360 937 1398 armo·

132 1432 197 1481 rnm,
208 1422 232 1469 et
241 1432 353 1471 concursu
364 1418 473 1479 militum,
488 1421 512 1469 et
522 1417 567 1467 alia
578 1417 712 1468 solemnitas
726 1416 937 1482 nuptiarumque

132 1490 236 1541 consistit
249 1491 272 1540 in
289 1495 398 1556 apparatu
417 1490 495 1553 sponsi
513 1492 537 1539 et
551 1501 651 1553 sponse,
666 1491 690 1538 et
704 1488 819 1537 consentu
840 1490 939 1553 propin·

133 1575 237 1625 quorum.
252 1564 334 1613 Votum
349 1566 425 1611 antem
436 1565 471 1611 est
480 1560 601 1624 promissio
614 1560 661 1609 lieo
679 1561 737 1609 laeta
754 1574 760 1607 ε
775 1559 837 1609 unde
851 1562 941 1611 solem-

134 1634 193 1683 nitas
208 1634 256 1685 voti
267 1633 390 1684 attenditur
400 1630 526 1683 mnnnddm
537 1630 622 1695 aliquid
633 1630 749 1695 spirituale
759 1630 811 1693 trel
817 1632 936 1695 speciale)

133 1706 192 1768 qnod
203 1707 232 1756 ad
240 1707 310 1756 benm
318 1704 445 1769 pertineat,
457 1704 478 1753 id
489 1707 538 1762 est,
549 1701 674 1769 secundirm
684 1702 782 1764 aliquam
792 1702 938 1765 spiritualem

134 1776 312 1827 benedictionem
327 1775 365 1824 rel
378 1772 635 1836 consecrationemque
648 1786 677 1822 ex
688 1770 833 1822 institutione
844 1779 941 1837 aposto·

135 1849 208 1899 lorum
222 1848 340 1898 adhibetur
358 1846 382 1895 iu
400 1846 542 1909 professione
561 1849 629 1893 certae
641 1844 737 1906 regule,
751 1843 852 1895 sosarmo
866 1846 942 1909 mado

135 1924 188 1984 post
199 1919 256 1969 sacri
272 1916 357 1969 ordinis
371 1917 557 1979 susceptionem,
572 1918 597 1965 nt
615 1915 671 1965 dicit
684 1914 818 1979 otnnpstus,
833 1916 863 1965 11.
887 1931 940 1979 cap.

135 1991 228 2041 Eeclas.
243 1990 367 2041 hierarch,
382 1990 411 2039 tot
424 1989 494 2051 hujus
506 1987 564 2038 ratio
574 1992 611 2038 est
617 2024 627 2051 ,
642 1987 696 2051 quia
709 1987 866 2037 solemnitates
892 2003 939 2039 uon

136 2066 306 2116 consueverunt
326 2061 444 2122 adhiberi,
458 2060 503 2111 nisi
518 2061 608 2124 quando
628 2059 712 2122 aliquis
732 2058 829 2109 totaliter
846 2062 938 2111 manci-

137 2141 203 2201 patur
218 2134 285 2187 alicui
299 2135 347 2197 rei3
359 2132 473 2185 nonenim
486 2133 617 2184 solemnitas
630 2130 739 2197 nuptialis
749 2130 885 2195 adhibetur,
893 2132 939 2182 nisi

137 2208 160 2258 in
174 2208 326 2259 celebratione
339 2204 489 2263 matrimonii,
497 2205 587 2269 quaudo
597 2208 694 2266 uterque
705 2203 826 2266 conjugum
840 2202 878 2253 sui
888 2218 939 2253 cor-

137 2280 198 2343 poris
209 2284 343 2345 potestatem
356 2276 419 2329 alteri
431 2276 500 2325 tradit
513 2291 519 2325 :
534 2279 558 2325 et
568 2275 675 2326 similiter
689 2273 737 2324 roti
750 2272 886 2325 solemnitas
900 2276 940 2324 ad-

137 2350 241 2415 hibetur,
256 2353 345 2417 quaudo
358 2347 439 2415 aliqrris
450 2361 493 2412 per
502 2352 671 2411 susceptionem
684 2346 744 2396 sacri
757 2344 845 2397 ordinis
859 2348 936 2397 divino

138 2420 263 2472 ministerio
277 2422 416 2486 applicatur,
429 2424 452 2470 et
465 2413 491 2467 in
503 2418 644 2483 professione
658 2422 726 2471 certa
737 2416 830 2481 regulae,
845 2418 937 2481 quaudo

138 2506 179 2558 por
188 2493 407 2543 abrenuntiationem
418 2489 496 2541 saeenli
507 2497 531 2540 et
540 2490 637 2555 proprie
647 2488 785 2549 voluntatis,
799 2487 884 2552 aliquis
893 2494 939 2541 sta-

138 2569 186 2615 tum
200 2562 344 2628 perfeetionis
359 2562 466 2613 assumit.

171 2636 311 2699 ltprimum
325 2648 378 2697 ergo
388 2634 519 2698 dicendum,
530 2633 590 2697 qnod
598 2631 730 2697 hujusmodi
740 2629 877 2683 solemnitas
890 2645 938 2697 per-

140 2702 197 2758 tinet
210 2721 255 2759 non
265 2706 338 2757 solim
347 2706 376 2756 ad
387 2704 499 2768 homiues,
511 2704 552 2755 sed
563 2706 591 2755 ad
605 2704 689 2767 iteum
703 2703 728 2753 in
742 2708 853 2767 quantum
868 2705 937 2754 babet

140 2848 540 2961 tian3033utet0ttdd11'501ss,
556 2857 602 2897 nrt.
619 2848 664 2905 l8;
682 2856 706 2897 ot
724 2848 851 2909 Μῶα
866 2850 936 2907 VIII,

141 2928 185 2961 ἃ.
228 2947 234 2961 ι
