1934 3284
131 153 175 202 tet
226 159 332 200 mcunm
347 159 476 208 emerus,
493 157 585 205 oum.
601 156 689 209 mem,
704 158 762 198 m.
779 159 829 200 err.
950 188 951 191 ,

130 237 227 290 curuum
240 236 294 287 rrruu
307 236 352 287 roo
363 234 618 300 :uuumprrnpnrs
630 235 834 300 impressurus
851 241 927 288 eune
950 198 952 329 J

130 311 195 359 cirum
207 307 287 358 suum?
303 311 352 358 eet
366 307 399 358 sic
411 307 502 372 ponitur
514 312 598 357 torreor
611 307 713 357 mentis.
729 308 784 358 Alio
799 311 870 360 modo
880 324 928 359 ren·

129 381 238 432 sideratur
252 381 285 430 ira
299 379 423 432 secuudum
437 379 496 444 quod
508 383 544 430 est
556 377 580 429 in
593 393 632 430 ore
647 395 653 428 z
668 382 692 429 et
703 379 739 431 sie
751 393 785 430 ex
800 381 837 432 ira
852 384 927 446 duplex
950 424 951 437 ,

128 450 264 502 inordinatio
277 452 376 516 procedit
386 466 393 500 z
403 464 448 501 uua
461 451 552 514 quidem
559 486 568 514 ,
582 449 708 501 secuuddm
724 453 774 503 troc
785 453 851 517 quod
865 456 927 504 hono
950 446 951 499 l

129 523 153 574 in
165 525 232 575 modo
245 523 349 587 loquendi
364 523 420 573 iram
430 535 495 572 suam
508 523 659 585 demonstran
670 522 733 572 sicut
750 524 843 576 dictum
857 531 892 577 est
904 527 927 574 de

129 607 157 646 eo
172 595 211 660 qui
224 595 279 645 dicit
293 594 355 645 iratni
374 607 427 657 suo,
444 594 524 643 Recedo
539 609 547 642 :
561 593 629 643 etsie
647 594 745 657 ponitur
763 595 883 654 clamor,
897 611 928 660 per

130 679 197 730 quem
211 666 342 730 intelligitur
357 683 370 713 u
380 665 506 715 inordinata
518 668 542 714 et
551 664 644 715 contusa
660 665 785 716 locutio.»
800 670 855 721 lilia
870 674 928 721 etim

129 741 165 787 est
180 737 328 802 inordinatio,
346 735 470 787 secundini
492 737 551 801 qudd
569 735 649 799 adonis
668 738 807 802 prorumpit
826 741 853 790 in
874 745 929 792 rem

129 807 239 872 injuriosa
252 821 319 874 :quet
330 808 420 872 quidem
430 808 450 858 si
463 806 509 858 sint
517 811 594 858 contra
605 809 690 867 Deum,
699 808 746 857 erit
761 809 927 876 blasphemio:

132 879 237 931 siautem
254 885 330 931 contra
342 880 481 944 proximum,
498 877 658 929 contumelia.
676 879 757 930 Tertio
772 885 849 934 modo
862 885 930 935 eupsi-

133 953 221 1002 deratur
239 952 271 1002 ira
285 951 406 1003 secunddm
420 951 478 1015 qudd
494 951 598 1015 procedit
610 963 683 1014 usque
695 951 725 1000 ad
741 951 838 1005 iactum
856 963 896 1006 :el
908 956 930 1004 sic

133 1037 163 1074 ex
175 1025 207 1074 ira
221 1025 410 1082 crinemcrinem,
422 1037 463 1089 per
472 1037 529 1088 quas
539 1023 694 1088 intelliguntur
705 1024 789 1075 omnia
800 1033 931 1078 nocumenta

133 1107 182 1158 qua
196 1095 255 1146 lacto
268 1095 376 1159 proximis
391 1095 518 1156 inseruntur
531 1107 560 1145 ex
572 1094 614 1143 ira.

163 1167 197 1217 rid
210 1167 307 1232 primum
320 1180 373 1230 ergo
385 1167 518 1227 dicendum,
533 1165 593 1230 quod
605 1165 748 1230 blasphemia
766 1167 793 1217 in
812 1185 887 1234 quam
898 1172 933 1221 ali

135 1239 186 1304 quis
196 1239 322 1304 prorumpit
331 1238 452 1289 deliberata
462 1244 550 1299 mente,
561 1238 665 1302 procedit
674 1250 703 1288 ex
713 1242 832 1303 superbia
842 1245 933 1294 horruim-

133 1315 209 1361 eontra
219 1313 289 1362 ileum
299 1325 322 1361 se
334 1311 451 1374 erigentis3
462 1309 513 1374 quir
524 1313 550 1360 ut
559 1310 643 1360 dicitur
652 1309 807 1366 Eccles.,lt:
823 1332 838 1361 u
849 1316 932 1365 Initium

133 1383 243 1446 superbie
257 1381 355 1433 dominis
368 1386 494 1446 apostatare
512 1382 597 1439 dlleor
611 1399 623 1427 ι
638 1380 662 1429 id
676 1383 724 1444 cst,
740 1383 858 1436 recedere
873 1386 933 1437 dre

134 1454 250 1510 neratioue
270 1453 333 1517 ejus,
348 1459 383 1504 cst
396 1454 467 1519 prima
490 1452 601 1517 superbiae
619 1465 689 1518 pars:
704 1456 728 1501 et
748 1465 778 1504 ex
801 1457 853 1508 hoc
873 1460 933 1509 oritur

133 1523 281 1588 blasphemia.
299 1524 343 1575 Sed
363 1525 543 1590 blasphemiam
565 1537 633 1588 quam
655 1523 736 1588 aliquis
757 1529 896 1593 prorumpit
913 1543 933 1579 er

134 1597 284 1648 commotione
303 1597 386 1660 animi,
400 1596 503 1660 procedit
516 1609 544 1647 ex
560 1597 601 1646 ira.

165 1667 198 1717 ld
207 1667 331 1718 secundum
340 1667 471 1733 dicendum,
481 1667 540 1732 quod
549 1667 686 1718 odiumetsi
695 1667 824 1732 aliquando
838 1673 932 1723 nascitur

134 1751 163 1789 ex
178 1738 224 1802 ira,
234 1742 310 1789 tarneu
319 1739 386 1789 habet
395 1739 492 1803 aliquam
501 1738 598 1802 priorem
610 1751 714 1802 eausam,
723 1753 752 1790 ex
762 1753 810 1803 qua
821 1744 931 1794 directlds

134 1811 216 1872 oritur,
233 1807 319 1861 scilicet
336 1811 463 1876 tristitiam;
481 1811 539 1860 sicut
552 1823 565 1860 e
580 1811 691 1860 contrario
706 1823 772 1861 amor
790 1815 899 1865 nascitur
910 1828 934 1864 er

136 1883 293 1934 delectatione.
314 1883 349 1933 Ex
365 1882 455 1932 tristitia
471 1886 547 1932 autem
565 1882 640 1942 illata,
655 1883 791 1946 quandoque
815 1884 843 1935 in
864 1887 932 1940 iram.

40 1953 44 1958 “
136 1955 270 2019 quaudoque
282 1955 305 2005 in
320 1953 395 2005 odium
407 1953 488 2018 aliquis
501 1937 612 2005 movetur.
624 1955 686 2004 Unde
701 1953 884 2007 conuenientius
896 1957 934 2005 luit

136 2027 195 2091 quod
209 2027 283 2078 odium
294 2030 414 2092 poneretur
427 2025 481 2076 oriri
491 2039 520 2076 ex
527 2026 605 2076 acedia
618 2025 684 2089 quam
695 2039 724 2075 ex
737 2025 780 2075 ira.

169 2100 206 2168 dd,
216 2099 308 2150 tertium
328 2099 459 2162 dicendum,
475 2097 534 2162 qudd
556 2099 642 2147 tumor
657 2098 806 2148 mentienda
824 2100 936 2165 accipitur

137 2170 175 2220 llic
188 2183 228 2235 pro
249 2169 368 2234 superbia,
383 2169 421 2220 sed
434 2183 475 2234 pro
493 2170 590 2233 quodam
607 2174 689 2220 conatu
704 2167 751 2219 sive
771 2171 872 2223 audacia
893 2175 936 2222 do-

137 2241 205 2293 minis
218 2241 349 2293 intentantis
362 2241 493 2293 uindictam.
506 2241 604 2293 sudreie
614 2245 689 2292 aulem
699 2244 735 2291 est
746 2241 830 2292 uitium
847 2243 936 2295 tortitu-

138 2313 186 2366 dini
198 2313 334 2380 oppositum.

418 2431 576 2482 nsdlcdttls
589 2431 649 2482 vill.

144 2557 229 2603 Utrdm
244 2558 275 2602 sit
289 2557 386 2614 aliquod
397 2556 483 2602 uitium
494 2557 625 2614 oppositum
634 2555 777 2612 ermenone,
794 2558 937 2613 proveniens

438 2634 467 2665 eae
475 2621 570 2676 desecte
579 2619 630 2666 ἱνα.

150 2807 155 2818 .
170 2739 205 2791 rid
219 2747 322 2794 octavum
332 2744 364 2796 sic
375 2745 513 2810 proceditur.
524 2745 618 2798 llidetur
625 2743 686 2810 quod
695 2758 742 2796 uon
753 2745 785 2796 sil
798 2745 890 2811 aliquod
904 2746 936 2793 ri·

138 2812 196 2891 trum
215 2814 342 2894 oppositum
359 2815 479 2870 uacuudie
496 2817 638 2880 *proveniens
656 2830 685 2866 ex
702 2817 794 2868 delectu
809 2817 859 2870 irae.
876 2815 936 2867 llilril

140 2891 203 2930 emm
219 2886 256 2933 est
267 2885 374 2938 undosum
386 2897 429 2951 per
443 2887 505 2950 quod
524 2888 594 2939 torno
605 2889 656 2940 Deo
669 2887 820 2942 assimhtur
832 2889 880 2942 Sed
893 2900 936 2950 per
