1934 3284
334 205 364 244 tt!
379 204 556 244 ulimmerii.

337 388 498 439 nunccios
513 389 553 438 lli.

180 513 266 558 lltricar
275 513 313 558 ati
319 515 421 570 penaio
430 514 462 560 ait
470 517 539 560 octus
549 515 710 560 liberalitatis.

74 638 108 689 ld
119 638 213 690 terbum
226 639 261 691 sio
268 639 395 705 proceditur
406 639 451 705 (1).
461 641 554 692 Videtur
568 639 628 704 quod
642 641 674 690 uti
688 641 783 705 pecunia
798 655 846 693 non

48 710 75 760 sit
85 716 151 762 actus
167 711 317 763 liberalitatis.
334 713 477 763 oiuersarum
489 713 551 762 enim
570 711 679 762 virtutum
693 713 778 764 divorsi
792 718 846 764 snut

47 786 118 832 actus.
133 782 179 833 Sed
195 783 229 832 uti
242 784 340 848 peouma
351 785 460 835 conuenit
471 783 663 846 aliisrirtutibus‚
678 785 737 835 sicut
749 785 846 847 justitia

47 856 69 902 et
83 853 269 917 magnificentiae.
284 857 335 908 Nou
350 869 403 918 ergo
417 860 453 908 est
465 854 571 920 proprius
587 858 651 906 aetus
666 853 816 907 liberalitatis.

77 929 101 976 t.
114 928 237 990 Praeterea,
247 929 277 978 ad
286 928 401 979 liberalem
410 941 456 978 uon
464 927 537 978 solium
548 926 717 991 pertinetem,
730 929 768 978 sod
778 929 847 978 etiarn

45 998 152 1060 accipere
166 1001 189 1048 et
209 999 333 1050 custodire.
348 999 392 1049 Sed
410 999 513 1062 acceptio
525 1001 549 1048 et
562 997 666 1050 custodia
679 1011 726 1048 non
742 997 849 1050 ridentur

45 1069 70 1118 aul
86 1083 156 1118 usum
170 1069 274 1132 pecunie
288 1069 410 1133 pertinere.
425 1071 484 1134 Ergo
497 1069 684 1122 inconvenienter
695 1069 777 1120 dicitur
798 1084 848 1136 pro·

45 1140 108 1203 prius
123 1144 190 1190 actus
202 1140 344 1193 liberalitatis
357 1156 411 1192 usus
423 1140 538 1205 pecunie.

76 1217 100 1262 3.
114 1212 225 1262 Praeterea
234 1251 240 1275 ‚
250 1227 304 1263 usus
317 1213 420 1277 pecunie
434 1226 479 1264 non
494 1211 566 1264 solium
581 1213 686 1264 consistit
698 1213 722 1262 iu
733 1214 777 1264 boc
789 1213 848 1277 quod

45 1281 145 1347 pecunia
155 1283 232 1345 detur,
246 1285 286 1334 sed
301 1289 324 1335 et
337 1284 361 1334 in
371 1286 417 1334 boc
429 1283 491 1348 quot
500 1285 649 1348 expendatur.
664 1284 709 1336 Sed
720 1285 849 1349 expendere

46 1355 166 1418 pecuniam
180 1355 278 1405 retertur
291 1357 407 1421 adipsum
426 1357 607 1419 expendentem,
622 1360 644 1406 et
659 1355 692 1406 sic
705 1370 750 1407 nou
760 1356 850 1408 videtur

47 1439 95 1477 esse
114 1429 180 1476 actus
192 1425 349 1489 liberalitatis3
362 1425 417 1478 dicit
432 1427 494 1478 euim
505 1427 589 1478 Seneca
602 1427 626 1476 in
639 1429 657 1474 V
672 1429 708 1478 De
721 1428 848 1491 teneleriis

47 1505 112 1564 torp.
123 1497 153 1560 9)
168 1515 174 1547 r
192 1514 206 1546 u
215 1500 267 1548 Non
277 1502 313 1550 est
326 1499 425 1550 liberalis
434 1497 516 1562 aliquis
527 1512 555 1549 er
566 1500 610 1550 boc
621 1499 682 1563 quio
693 1501 737 1550 sibi
746 1503 824 1552 donat
833 1517 847 1547 u

46 1571 103 1634 Ergo
116 1583 164 1621 nou
174 1566 270 1633 quilibet
279 1585 332 1621 usus
341 1571 444 1634 pecnnia
457 1570 558 1633 pertinet
568 1572 594 1621 ad
609 1571 776 1624 liberalitatem.

75 1633 209 1694 Sed'coutra
219 1646 263 1702 est,
272 1642 333 1705 quod
342 1643 494 1706 Philosophus
503 1640 556 1692 dicit
566 1640 590 1690 in
599 1642 628 1690 tv
641 1643 720 1692 b‘tbic.
733 1643 794 1707 (cap.
806 1643 830 1706 1)
843 1659 848 1694 :

49 1715 218 1778 «Uuoquoque
228 1712 315 1776 optime
328 1713 399 1763 utitor
413 1713 452 1777 qui
467 1712 537 1762 babet
556 1713 616 1762 circa
630 1714 718 1776 ungula
731 1715 846 1777 virtutem

47 1785 134 1836 diuitiis
154 1799 209 1848 ergo
226 1789 303 1836 utetur
321 1784 407 1850 optimi
423 1786 463 1848 qui
483 1785 554 1835 babet
574 1785 632 1836 circa
648 1785 758 1849 pecunias
776 1787 849 1837 cirtu-

48 1862 100 1909 tem.
117 1874 132 1904 o
145 1857 192 1907 Iste
211 1860 289 1907 autem
304 1861 339 1906 est
354 1856 462 1907 bberalis.
476 1858 536 1920 Ergo
549 1857 622 1908 bouus
633 1872 688 1908 usus
701 1859 848 1922 pecuniarum

48 1934 81 1980 cst
94 1933 163 1980 actus
175 1927 324 1980 liberalitatis.

79 2003 247 2066 (Coucuusro.
260 2029 292 2038 -
305 2001 412 2066 Proprius
429 1999 571 2052 liberalitatis
589 2003 653 2052 actus
672 2005 708 2052 eet
722 2001 797 2052 bonus
810 2015 851 2066 pe·

49 2072 170 2122 cuuiarum
178 2071 255 2133 usus.)

77 2143 216 2207 Respondeo
227 2143 346 2194 dicendum
352 2181 360 2207 ,
369 2143 430 2206 qubcl
437 2143 527 2208 species
536 2142 600 2194 actus
608 2143 704 2195 sumitur
712 2157 741 2195 eu
752 2145 851 2208 objecto,

49 2220 74 2265 ut
84 2215 156 2279 sopri
168 2215 271 2264 habitum
280 2218 325 2266 est.
338 2216 539 2279 Objecmmautam
549 2214 598 2265 sive
607 2214 701 2265 materia
710 2214 852 2267 liberalitatis

48 2291 81 2337 est
94 2287 204 2351 pecunia,
214 2290 238 2336 et
251 2286 356 2352 quicquid
372 2284 470 2350 pecunia
483 2286 609 2336 mensurari
620 2289 710 2349 polest,
725 2291 750 2336 ut
764 2286 851 2338 dictum

48 2362 81 2407 est
95 2361 160 2419 (art.
174 2362 199 2418 Ξ,
213 2359 241 2407 ad
255 2361 270 2407 t
282 2357 308 2421 );
323 2363 347 2408 et
364 2359 418 2421 quia
432 2357 540 2422 quelibet
556 2357 627 2408 virtus
640 2357 807 2408 convenienter
826 2372 852 2408 so

49 2429 117 2480 babet
130 2427 160 2478 ad
169 2442 236 2478 suum
244 2429 372 2492 objectum,
383 2442 526 2492 consequens
535 2432 570 2478 ert
583 2432 609 2479 ut
621 2427 673 2478 cbm
684 2427 807 2480 liberalitas
821 2429 851 2480 sit

51 2499 135 2561 virtus,
150 2501 216 2548 actus
226 2499 277 2562 ejus
295 2496 326 2549 sit
339 2499 523 2565 proportionales
536 2499 648 2564 pecunie.
667 2499 767 2549 Pecunia
776 2503 853 2552 autam

51 2571 109 2621 eadit
121 2570 164 2620 sub
174 2568 260 2620 ratione
270 2571 381 2621 bonorum
395 2571 502 2632 utilium,
514 2571 567 2634 quia
581 2571 657 2622 oroma
670 2571 783 2622 exteriora
792 2572 853 2624 bona

52 2643 79 2691 ad
96 2655 167 2693 usum
185 2642 284 2692 bominis
298 2646 351 2692 sunt
365 2643 483 2694 ordinata:
499 2646 523 2693 et
536 2642 588 2694 ideo
599 2646 663 2693 actus
677 2642 783 2706 proprius
796 2643 852 2694 libe·

52 2713 148 2764 ralitatis
161 2717 197 2764 est
211 2712 309 2777 pecuuil
322 2714 360 2764 rel
373 2713 462 2765 divitiis
474 2715 518 2765 uti.

85 2867 120 2930 (l)
134 2872 169 2916 lto
183 2869 220 2914 bis
232 2869 302 2914 etiarn
316 2869 441 2927 Quodlib„
455 2872 487 2929 V,
502 2873 545 2916 art.
556 2867 595 2929 23,
611 2870 639 2915 ad
658 2868 686 2924 l;
701 2875 725 2915 et
738 2881 808 2927 super
821 2871 854 2914 lv
907 2913 909 2918 ,

56 2932 148 2984 illito..
159 2933 228 2992 leot,
241 2932 287 2979 col.
302 2931 326 2980 i.
