1934 3284
323 161 356 207 nn
371 165 520 209 rumpono.
779 161 825 215 tis

34 239 153 301 potestcum
164 232 243 307 aliquo
254 242 390 307 dispensare
406 244 465 308 qudd
479 246 507 296 de
521 246 674 311 presentibus
688 249 726 299 vet
741 256 827 313 prete·

35 313 74 361 ritis
83 313 139 378 iuret
151 317 232 364 contra
248 316 382 366 ueritatem.
396 316 454 379 Ergo
474 316 541 367 etiam
553 318 631 370 nultus
643 323 719 384 potest
733 321 826 386 dispen·

34 396 83 445 sure,
96 384 153 449 qudd
172 398 220 436 non
238 384 310 435 iaciat
322 386 407 450 aliquis
418 401 468 438 esse
488 402 566 442 reruni
585 389 608 440 id
621 391 682 455 quod
695 406 748 443 cunr
762 393 826 459 jura-

34 461 96 507 nento
111 456 134 507 in
152 456 257 507 tutururn
270 458 386 522 promisit.
450 466 453 481 ³

15 526 17 593 t
56 532 75 577 2.
90 530 215 593 Punicana,
230 530 388 591 iuramentum
405 530 575 595 promissorium
594 532 711 583 inducitur
721 534 749 585 ad
764 536 826 586 utili·

15 640 16 645 ,
34 607 87 651 tatem
98 602 147 667 ejus
157 600 196 653 cni
219 602 244 651 dt
259 601 392 665 promissio.
404 604 448 653 Sed
467 602 504 653 iile
517 603 556 669 (ut
570 604 674 671 uidetur)
692 620 737 658 non
750 612 827 673 potest

33 674 128 730 retaxare,
144 674 200 737 quia
226 676 263 723 est
278 677 358 723 contra
373 672 474 723 diuinam
494 676 658 726 reverentiam.
679 678 738 742 Ergo
756 679 827 731 uruitd

33 744 93 795 ruinius
104 758 143 809 per
154 745 257 807 adonem
272 744 342 795 atium
355 746 431 809 potest
443 758 510 808 snper
526 747 571 795 hoc
584 746 719 811 dispensar'c

15 852 16 861 ,
58 821 76 864 3.
91 818 220 887 Praeterea,
235 816 260 865 in
274 819 327 867 roto
343 814 444 879 quotibet
457 815 579 880 episcopus
591 821 666 881 potest
679 819 821 884 dispensare,

32 891 119 953 crceptis
131 889 271 954 quibusdam
284 888 346 939 votis
357 901 410 951 qnae
425 888 468 938 soli
485 890 552 952 Pnpae
570 893 730 954 reservantur,
745 898 771 943 ut
786 908 825 945 sn-

33 960 62 1021 pr'a
73 962 172 1011 habiturn
186 963 225 1011 est
239 958 296 1024 (qu.
309 964 338 1008 88
349 998 356 1019 ,
367 963 411 1009 art.
423 962 452 1009 td
460 959 477 1024 ).
489 962 548 1023 Ergo
562 961 612 1024 pari
626 962 713 1013 ratione
727 963 751 1012 in
759 964 823 1027 jura·

33 1036 104 1094 rocon,
116 1033 136 1083 si
147 1036 211 1082 essct
220 1030 390 1095 dispensabite,
402 1030 496 1094 quilibet
505 1033 629 1095 episcopus
640 1038 718 1096 posset
730 1034 824 1099 dispen-

33 1115 83 1167 sarc3
94 1105 153 1169 quod
162 1108 243 1153 tamen
251 1101 345 1169 videtur
353 1114 404 1152 esse
414 1105 492 1153 contra
499 1102 552 1166 jura
563 1103 624 1167 (cap.
634 1104 824 1155 dntdorttutem

32 1176 100 1238 etcap.
115 1175 204 1231 Alius,
218 1170 293 1225 Causd
306 1172 361 1232 XV,
378 1177 402 1223 et
415 1186 464 1236 cap.
481 1175 511 1222 Si
521 1173 593 1236 vend,
608 1175 694 1224 Extra
711 1176 743 1226 de
749 1178 824 1241 jure-

28 1246 152 1311 Jurundo).
165 1246 220 1297 Non
230 1257 285 1309 ergo
296 1242 386 1295 ridetur
395 1242 454 1307 qndd
468 1244 493 1293 in
508 1244 638 1309 juramento
650 1247 723 1314 possit
733 1247 825 1313 duper-

33 1330 72 1365 sart.

56 1388 92 1439 Sed
102 1392 178 1439 conda
199 1390 250 1451 est,
267 1386 327 1451 qndd
351 1389 430 1437 votnm
441 1391 477 1438 est
491 1388 584 1453 majoris
597 1388 743 1453 obligationis
756 1390 824 1455 quini

32 1457 182 1522 iuramentum,
193 1464 221 1512 nt
235 1458 305 1525 snpra
324 1457 411 1509 dictnrn
428 1462 463 1511 est
478 1462 531 1525 (art.
546 1462 581 1524 8).
596 1461 641 1514 Sed
652 1461 676 1512 in
685 1468 738 1514 uoto
749 1468 825 1528 potest

35 1528 148 1591 dispensari.
166 1534 229 1597 Ergo
240 1535 266 1582 et
281 1530 304 1581 in
318 1532 458 1594 juramento.

63 1601 210 1659 (indusio
223 1628 256 1639 —
267 1601 334 1653 Sient
344 1598 368 1651 in
380 1606 433 1653 roto
444 1601 519 1667 aliqud
529 1602 671 1654 necessitatis
684 1618 725 1655 seu
734 1604 824 1657 hones-

32 1672 75 1720 trtis
85 1674 147 1727 uua
161 1678 241 1739 potest
253 1672 305 1724 fieri
319 1672 470 1736 dispensatio,
489 1674 521 1724 ita
533 1679 556 1725 et
568 1675 592 1724 in
604 1676 756 1739 juramento.)

55 1743 182 1809 despondeo
197 1744 339 1807 dicendum,
355 1742 414 1807 qudd
429 1744 564 1809 sicntsnprd
578 1746 660 1797 dictum
672 1749 707 1795 est
717 1743 821 1811 (puseo,

31 1818 62 1859 ιιι.
72 1818 123 1881 to),
137 1818 269 1867 necessitas
282 1815 529 1881 dispensationis,tanr
543 1816 567 1867 in
578 1815 627 1881 lege
639 1817 706 1881 quarn
721 1818 745 1867 in
758 1821 821 1882 roto,

31 1890 56 1933 cn
68 1894 159 1953 propter
172 1890 217 1939 troc
229 1887 293 1953 qudd
308 1887 332 1936 id
343 1887 404 1951 quod
417 1886 441 1937 in
452 1902 476 1939 se
491 1888 529 1939 ret
546 1886 702 1940 uniuersaliter
715 1889 822 1939 conside·

30 1962 87 2007 nrum
98 1962 136 2009 est
149 1960 206 2009 utile
217 1963 241 2010 et
257 1961 396 2018 honestum,
411 1959 534 2009 sccunddnn
552 1960 649 2022 aliquem
664 1960 824 2024 particularem
891 1974 896 1983 ·

29 2034 121 2080 iiinitlm
131 2034 272 2095 potestesse
286 2029 436 2079 inhonestum
450 2036 473 2081 et
482 2031 589 2081 nocivum
600 2069 607 2092 ,
619 2031 679 2095 quod
691 2044 736 2081 non
750 2033 824 2093 potest

29 2101 94 2151 urae
107 2116 152 2153 nec
164 2103 268 2166 sublege
277 2115 323 2153 nec
337 2100 380 2151 sub
391 2104 451 2151 voto.
462 2101 526 2161 Qudd
536 2106 611 2153 autern
623 2102 708 2165 aliquid
718 2100 747 2151 sit
760 2100 824 2151 inho·

28 2176 104 2222 rustum
116 2174 156 2225 rei
168 2173 289 2236 nocivum,
297 2175 410 2237 repugnat
424 2173 460 2223 his
470 2186 521 2236 qun
531 2173 614 2226 debent
622 2172 709 2221 attendi
721 2171 746 2220 in
757 2171 823 2234 jnra-

29 2252 38 2283 ι
46 2247 107 2293 eruti:
124 2258 181 2294 nam
192 2244 212 2294 si
224 2244 254 2293 sit
270 2244 430 2307 inhonestum,
444 2247 557 2307 repugnat
566 2240 676 2307 justitiae3
691 2241 710 2291 si
721 2242 750 2290 sit
760 2241 822 2291 noci-

29 2322 76 2371 ιιιι,
91 2320 208 2379 repugnat
216 2314 315 2379 jndicio.
324 2314 354 2363 Et
365 2313 416 2365 ideo
425 2314 569 2379 pactuatione
580 2312 650 2364 etiarn
661 2312 685 2361 in
696 2314 823 2376 juramento

28 2380 143 2444 rispensari
156 2390 243 2451 potest.

50 2456 78 2503 dd
90 2458 192 2521 prirnnrn
203 2471 258 2521 ergo
268 2456 389 2507 dicendum
395 2494 405 2521 ‚
414 2456 474 2521 qndd
485 2456 625 2521 dispensatio
639 2470 690 2520 qun
702 2456 728 2506 iit
744 2456 768 2506 in
780 2458 822 2521 ju-

28 2532 131 2590 unento,
146 2542 196 2579 non
214 2541 240 2580 se
257 2528 361 2579 extendit
381 2529 409 2579 ad
422 2530 466 2578 troo
487 2527 548 2591 qudd
564 2526 649 2591 aliquid
662 2530 740 2578 contra
756 2528 821 2592 jura·

34 2603 118 2649 rantum
130 2601 173 2650 iiat
187 2600 241 2665 (troc
257 2599 318 2651 enirn
332 2602 369 2649 est
382 2598 521 2663 impossibiie
529 2636 538 2662 ‚
556 2596 608 2649 edm
619 2598 746 2649 obseruatio
760 2599 825 2663 jura·

34 2670 87 2718 santi
103 2673 174 2721 cadat
189 2673 231 2721 sub
244 2675 361 2737 precepto
377 2671 463 2733 divino,
479 2670 539 2735 quod
556 2674 591 2721 est
611 2670 822 2734 indispensntrdet3

27 2739 57 2785 ud
71 2743 98 2790 ud
112 2744 162 2793 troc
174 2755 199 2794 se
214 2743 318 2794 extendit
330 2741 469 2807 dispensatio
481 2741 622 2805 juramenti,
636 2744 662 2789 ut
673 2742 695 2791 id
706 2740 767 2803 qnod
780 2740 823 2789 sub

35 2816 149 2863 cranento
166 2814 277 2876 cadebat,
287 2812 329 2863 snb
342 2813 470 2877 juramento
479 2826 525 2863 non
534 2816 612 2877 cadat,
627 2812 691 2875 quasi
705 2823 751 2860 uon
762 2809 824 2859 enis-

27 2890 68 2930 uus
85 2884 169 2937 debita
182 2882 278 2937 materia
288 2884 422 2952 juramenti,
436 2884 497 2937 sicut
507 2888 531 2935 ct
542 2886 569 2936 de
580 2890 632 2935 roto
645 2880 825 2947 supradiximus
