1934 3284
379 169 410 206 ns
425 167 498 206 curn.
794 159 841 209 ste

23 243 163 295 maximum
180 245 338 310 peccatorum
358 245 386 296 ad
411 244 488 296 minus
504 246 587 310 prater
603 246 698 311 peccata
715 257 766 312 qun
787 249 842 300 sunt

26 319 117 368 contra
130 315 209 366 Deum.

63 387 115 440 Sed
129 390 209 437 contra
222 391 269 450 est,
284 387 344 451 quud
357 387 415 438 vitia
430 389 530 456 carnalia
541 389 617 454 (inter
631 403 684 454 qnae
699 394 842 456 computatur

26 459 101 524 guia)
119 457 243 511 meandum
256 458 391 523 Gregorium
404 464 459 510 sunt
472 461 568 512 minoris
586 461 666 526 culpae.

66 531 229 597 (concussio.
243 557 273 570 -
284 530 417 593 Quanquam
431 531 487 594 gula
504 531 646 583 umasmncm
667 532 767 596 praten
784 534 843 585 rnul-

26 610 111 655 tornm
125 605 279 666 peccaturum,
287 601 336 665 ipsa
347 605 425 652 tamen
438 615 484 653 non
494 609 530 652 est
538 608 682 667 peccatorum
691 604 842 671 mammam.)

64 672 207 736 Respondeo
219 671 352 736 dicendum,
364 673 425 736 qudd
438 672 536 737 gravitas
550 675 647 740 aiicujus
660 676 750 740 peccati
764 680 842 741 potest

26 744 160 809 tripliciter
172 743 318 794 considerari.
327 743 404 793 Primo
415 743 507 808 quidem
516 750 541 795 et
549 745 705 812 principaliter
716 746 843 798 meandum

28 811 156 868 materiam
162 851 170 879 ,
187 816 211 864 in
227 827 272 878 qna
285 819 410 879 peccatur:
430 817 454 866 et
470 815 596 867 secunddm
610 819 668 880 hcc,
685 821 779 882 peccma
792 830 844 882 qne

28 892 90 940 sunt
109 887 171 937 circa
189 899 224 937 res
242 885 346 947 divinas,
362 891 417 937 sunt
435 887 544 940 maxima.
561 889 625 939 Unde
644 889 769 940 secundum
783 891 841 952 hoc,

27 960 118 1010 vitium
135 959 194 1021 gnie
205 963 294 1008 nonest
308 957 443 1021 maximum3
454 963 491 1008 est
499 959 561 1009 enim
573 961 634 1011 circa
647 973 676 1011 ea
684 973 735 1024 quc
747 963 775 1011 ad
790 975 843 1011 sns-
941 975 944 982 ·

28 1031 189 1084 tentationem
206 1029 308 1094 corporis
322 1033 434 1093 spectant.
449 1030 555 1084 Secundo
573 1035 649 1083 numm
665 1035 771 1096 exparte
787 1045 843 1096 pcc-

28 1103 109 1155 cantis
122 1118 128 1152 :
140 1105 163 1152 et
171 1100 295 1152 secundini
305 1102 357 1160 hnc,
367 1105 484 1166 peccatum
496 1104 553 1166 guia
563 1105 636 1166 magis
646 1104 765 1155 alleviatur
774 1103 842 1168 qndm

29 1176 187 1241 aggravatum
204 1180 251 1224 tum
264 1178 357 1236 propter
371 1173 532 1224 necessitatem
545 1176 713 1239 assumptionis
723 1175 841 1239 eduorum

30 1255 82 1299 tum
105 1246 177 1296 etiam
197 1248 289 1310 propter
302 1245 458 1295 difficultatem
472 1247 617 1297 discernendi
633 1251 657 1298 et
676 1247 806 1298 moderandi
820 1247 845 1299 id

29 1320 96 1383 qnod
112 1317 138 1368 in
150 1315 233 1366 tatibus
250 1315 364 1366 cumcun.
378 1315 453 1367 Tertio
471 1316 526 1367 veri
541 1318 607 1368 modo
617 1331 647 1368 ex
665 1322 730 1382 parte
748 1317 843 1369 euectus

30 1387 199 1454 consequentis
214 1402 219 1438 :
234 1389 257 1438 et
271 1386 465 1450 secundundum,
481 1387 564 1439 sitium
575 1389 634 1452 gula
646 1389 842 1454 habetquamdam

30 1460 234 1526 magnitudinem,
250 1460 272 1510 iu
287 1463 396 1524 quacum
412 1473 441 1512 ex
455 1472 483 1512 ea
498 1460 673 1512 occasionantur
685 1461 775 1512 diuersa
786 1471 843 1526 pee-

29 1537 94 1584 cata.

64 1604 103 1656 nd
112 1601 211 1667 primum
220 1617 273 1666 ergo
284 1601 414 1665 dicendum,
422 1603 482 1667 qudd
492 1604 538 1656 illa
546 1617 620 1670 poenae
629 1604 758 1656 referuntur
768 1604 843 1667 mame

29 1679 58 1728 ad
77 1675 141 1726 vitia
159 1688 208 1738 quoe
222 1678 274 1724 sunt
293 1678 413 1724 consecuta
430 1677 539 1739 orgum,
555 1677 591 1726 vel
611 1677 639 1726 ad
651 1677 712 1740 gule
726 1675 842 1741 radicem,

29 1746 146 1813 quemad
157 1745 229 1809 ipsam
243 1746 329 1809 gulam.
341 1747 398 1796 Nam
411 1747 499 1811 primus
512 1748 581 1799 homo
593 1749 704 1812 expulsus
712 1751 752 1798 est
760 1748 789 1799 de
803 1759 843 1811 pa·

29 1821 111 1872 radiso
135 1821 227 1882 propter
244 1818 373 1882 superbiam
390 1831 420 1870 ex
437 1832 482 1882 qua
502 1821 615 1883 processit
634 1821 662 1871 ad
679 1823 758 1870 actum
774 1819 844 1883 gula.¹

29 1889 153 1943 dilnvium
170 1892 246 1940 autem
264 1893 287 1940 et
302 1903 376 1955 poena
394 1891 545 1941 Sodomorum
562 1893 616 1941 sunt
636 1891 730 1942 inducta
749 1895 844 1955 proptor

28 1965 131 2029 peccatu
149 1959 245 2012 luxurie
260 1961 408 2026 procedentia
422 1973 451 2011 ex
464 1961 518 2024 gula
536 1961 717 2012 occasionaliter.

63 2037 102 2088 nd
117 2033 245 2085 secundum
256 2032 390 2096 dicendum,
405 2031 466 2096 qudd
480 2032 540 2082 ratio
555 2033 593 2082 ida
614 2033 718 2097 procedit
737 2045 767 2082 cx
779 2033 845 2095 panc

30 2110 186 2174 peccatorum
203 2118 253 2168 qum
271 2119 300 2155 ex
318 2105 370 2168 guda
383 2104 495 2154 eduntur.
510 2105 562 2153 Non
579 2108 660 2154 numm
673 2106 764 2167 oportet
783 2101 844 2166 qudd

31 2193 107 2232 causa
121 2177 154 2228 sit
167 2175 241 2240 potior
250 2176 294 2228 nisi
307 2175 574 2240 inconsummatum
587 2179 664 2225 anum
673 2187 720 2224 non
728 2176 767 2224 est
775 2185 845 2226 man

32 2253 131 2301 iliorum
147 2247 255 2298 uitiorum
266 2261 358 2312 perse,
371 2247 412 2298 sed
426 2246 494 2310 quusi
506 2260 548 2312 per
565 2245 671 2298 amidens
687 2249 711 2296 et
724 2257 767 2309 per
778 2256 846 2294 oeus·

33 2335 139 2376 sionem.

68 2394 107 2445 nd
116 2390 210 2442 tortium
224 2389 352 2454 dicendum,
363 2389 424 2454 qnod
434 2390 527 2454 gulosus
537 2401 588 2440 non·
594 2387 694 2440 intendit
702 2398 745 2437 sno
753 2382 845 2449 corpori

34 2465 207 2519 nocumentum
230 2462 327 2523 interne,
341 2463 382 2513 sed
400 2461 425 2512 in
438 2462 490 2516 cibo
502 2460 619 2512 mucan.
639 2458 664 2508 Si
677 2462 753 2508 antem
771 2469 846 2506 nocn-

34 2541 146 2590 mentnm
170 2535 271 2598 corporis
290 2537 410 2597 sequntur,
421 2535 465 2584 hoc
482 2537 518 2584 est
531 2545 572 2597 per
591 2532 706 2582 accidens.
722 2529 786 2580 Unde
800 2529 846 2579 hoe

33 2624 84 2662 non
99 2605 188 2659 directe
202 2604 302 2670 pertinet
313 2605 341 2656 ad
354 2604 489 2668 gravitatem
504 2605 563 2668 guia
581 2619 589 2654 c
606 2603 672 2668 cujus
687 2601 755 2666 culpa
767 2606 846 2651 mmon

34 2685 191 2747 aggravatur,
206 2677 226 2728 si
240 2677 291 2741 quuis
311 2678 428 2740 corporale
450 2677 611 2728 detrimentum
625 2676 736 2727 >incurrat
757 2677 849 2740 propter

34 2753 215 2806 immoderatam
232 2749 276 2800 cibi
293 2747 455 2812 sumptionem.

157 3004 182 3042 V.
