1934 3284
127 127 174 175 tat
222 137 330 175 escoron
346 135 476 184 semron,
494 132 586 181 onam.
604 134 702 185 mma,
718 136 774 173 arr.
794 137 831 174 nr.

159 213 193 263 ld
204 213 329 263 monadum
339 212 475 276 dicendum,
487 212 546 276 quod
560 214 587 263 ad
605 212 820 277 magnanimitatem
834 212 925 277 pertinet

128 298 175 337 non
189 283 262 335 solnm
273 285 367 335 tendere
383 285 408 334 in
421 296 527 347 magnum
535 320 544 348 ,
559 284 680 335 sedetiam
696 284 720 333 iu
733 284 842 335 omnibns
858 284 925 333 virtu

129 356 190 406 tibus
196 368 302 419 maguum
310 356 408 419 operari;
419 356 457 405 rel
464 354 576 418 iaciendo,
585 356 622 405 rel
631 354 826 419 qualitercumque
832 355 925 417 agendo,

128 430 155 477 ut
167 426 248 477 dieitur
257 427 283 477 in
292 428 331 477 lv.
341 427 426 478 Ethio.
441 426 500 492 (ubi
513 426 581 491 snpra
590 426 610 490 ).
620 428 656 477 lta
671 432 747 477 tamen
762 426 825 490 quod
839 440 926 491 magna·

129 498 221 549 nimitas
236 498 295 550 eirea
306 500 351 550 hoo
363 498 459 563 respicit
471 496 545 549 solium
558 499 669 550 rationem
683 498 768 561 magni.
787 498 844 550 atie
858 503 927 549 autem

127 570 238 634 mutuno,
251 585 302 635 qum
315 571 393 622 eieint
406 572 528 635 perlecta,
543 583 651 633 maguum
663 573 796 634 operantur,
812 584 862 621 nou
871 569 928 635 prin·

129 640 235 706 eipaliter
253 640 353 707 dimgum
371 642 522 693 mentionem
539 654 603 692 snam
620 642 648 691 ad
666 654 791 705 magnum,
809 640 850 693 sed
866 642 894 691 ad
909 640 928 689 id

131 713 191 778 quod
205 716 240 765 eet
254 714 369 780 proprium
382 712 503 777 umorique
516 712 608 778 rutum
624 710 755 777 magnitudo
767 716 847 764 annm
857 724 928 763 conse

130 784 208 850 quitur
219 786 383 852 exquantitate
392 785 491 837 unuin.
503 784 536 836 ld
548 782 738 849 magnificentiam
755 784 811 835 nard
824 784 927 849 pertinet,

131 870 178 908 non
186 857 260 909 solium
273 860 349 910 meere
360 871 468 922 magnum
481 855 609 909 secundnm
622 854 682 921 quod
694 856 778 919 fouere
791 855 884 921 proprie
897 870 929 905 su·

131 928 208 994 mitur,
220 932 259 981 sed
268 930 337 981 etiam
346 924 495 993 ad'magnnm
508 928 638 980 iaciendum
651 928 744 978 tendere
758 927 837 979 auimo
853 944 860 979 :
875 927 929 977 uude

130 1002 216 1053 Tullius
228 1002 316 1053 dioitiu
325 1016 367 1055 sna
378 1004 459 1061 ittet,
469 1000 531 1065 qudd
544 1016 557 1049 u
570 998 738 1064 magnificentia
748 1001 785 1049 est
795 1010 875 1049 rerum
885 1010 927 1049 ma-

131 1087 225 1139 gnarum
239 1077 263 1125 et
273 1075 414 1125 arcanarum
426 1087 478 1124 enm
489 1072 560 1123 mimi
573 1073 670 1138 quadam
686 1072 761 1135 ampla
775 1074 800 1121 et
815 1071 929 1136 splendida

130 1145 286 1211 propositione
298 1145 392 1210 agitatio
407 1149 473 1209 atque
489 1142 665 1195 administratio.
682 1158 695 1191 o
714 1141 744 1193 nt
757 1144 885 1207 depilatio
899 1155 929 1192 re-

131 1217 216 1267 feratur
231 1218 260 1268 ud
274 1217 407 1268 interiorem
421 1216 586 1276 intentionem,
600 1214 798 1265 administratio
810 1218 890 1266 autem
907 1214 928 1263 ad

131 1289 266 1339 exteriorem
287 1287 452 1339 executionem.
469 1288 535 1339 Unde
558 1288 648 1351 oportet
661 1284 722 1350 qndd
739 1284 798 1335 siout
815 1285 929 1351 magnani-

132 1359 201 1409 mitas
215 1358 314 1409 intendit
327 1359 417 1423 aliquod
433 1372 541 1422 magnum
553 1358 578 1407 in
594 1356 780 1421 nummularia,
795 1356 866 1409 itaet
881 1370 927 1407 ma-

133 1430 265 1495 guitleentiu
278 1431 304 1482 in
314 1432 390 1495 adquo
407 1443 476 1496 opere
489 1430 593 1483 faodhili.

165 1503 199 1552 nd
219 1503 312 1553 tertium
334 1504 470 1565 dicendum,
484 1503 545 1570 qudd
564 1503 732 1568 magnificentia
754 1502 858 1555 intendit
879 1516 929 1568 opus

134 1586 241 1637 maguum
254 1575 336 1625 faeere
353 1576 428 1639 Opera
441 1578 516 1627 auem
530 1576 558 1627 ab
572 1575 703 1629 hominibus
715 1575 778 1625 laeta
793 1576 823 1625 ad
836 1575 928 1641 aliquem

134 1646 203 1696 duem
215 1645 357 1696 ordinantur.
371 1645 451 1698 Nullos
464 1650 539 1699 entem
556 1646 608 1698 daia
626 1647 776 1697 humanorum
793 1660 891 1711 operum
905 1648 931 1697 est

134 1716 192 1766 adeo
204 1728 313 1780 magnus,
322 1717 383 1769 sieut
392 1718 466 1769 honor
478 1718 519 1769 liei
529 1720 569 1769 :et
579 1718 630 1769 ideo
640 1716 807 1782 magnificentia
818 1716 929 1783 praecipui

134 1798 242 1850 magnum
255 1800 314 1852 opus
326 1788 381 1840 lauit
392 1789 418 1840 in
430 1790 510 1841 ordine
523 1790 552 1839 ad
565 1790 675 1840 honorem
687 1788 736 1839 liei.
751 1790 818 1841 Unde
831 1790 931 1841 Philoso-

134 1859 195 1923 phus
217 1859 272 1910 dieii
293 1861 318 1910 in
335 1862 372 1911 lV.
396 1861 479 1913 Ethio.
503 1862 544 1928 (nt
565 1861 661 1927 snpra),
677 1861 738 1925 quod
758 1862 930 1913 «honorabiles

134 1933 238 1995 sumptas
257 1934 311 1982 suut
324 1932 435 1995 maxime,
450 1934 490 1997 qui
505 1932 619 1998 pertinent
632 1932 661 1983 ed
678 1932 756 1983 divina
774 1934 901 1996 sacrifiea,
918 1946 928 1977 a

133 2005 158 2052 et
170 2001 230 2052 uiae
241 2003 285 2053 hoa
299 2002 397 2054 memmi
406 2005 484 2055 studet
494 2004 639 2068 magnificus.
655 2004 685 2053 llt
696 2004 750 2071 ideo
766 2002 930 2068 magnificentia

132 2073 281 2139 conjungitur
292 2074 422 2138 nuditati,
433 2077 486 2140 qnia
494 2075 611 2141 precipue
624 2076 676 2141 ejus
689 2075 784 2127 allectus
795 2074 823 2126 ad
837 2074 927 2139 religio-

134 2158 187 2197 nem
199 2146 249 2198 sire
257 2147 286 2197 ad
296 2147 440 2199 munimem
454 2148 578 2199 ordinatur.

426 2325 587 2378 nnncnnns
601 2326 642 2377 111.

186 2451 272 2497 Utrttm
290 2450 395 2496 motoria
412 2450 595 2507 mpmssoentte
606 2451 657 2497 siet
674 2454 783 2509 sompnus
800 2452 892 2510 mopsi.

167 2576 309 2628 adernam
328 2577 361 2629 sio
380 2575 519 2641 proaeditur.
534 2574 627 2627 Videtur
647 2578 705 2642 quod
722 2578 816 2630 materia
834 2578 931 2643 magnin-

136 2648 215 2699 oentie
225 2662 273 2700 uon
283 2650 331 2700 sint
343 2654 449 2716 sumptus
458 2650 546 2713 magni.
555 2648 621 2700 Circa
631 2652 734 2703 eamdem
745 2653 806 2703 enim
820 2652 930 2702 materiam

50 2724 54 2732 “
136 2731 183 2769 non
196 2721 315 2772 suntduae
329 2721 433 2772 virtum
447 2722 493 2773 Sed
509 2722 570 2771 eirea
583 2727 687 2787 sumptus
702 2729 738 2775 est
752 2724 890 2787 liberalitas,
908 2726 929 2771 ut

136 2788 206 2853 suprl
216 2790 317 2840 deditum
333 2795 369 2841 est
380 2792 438 2857 (qu.
450 2796 512 2857 ili,
522 2796 563 2843 art.
579 2790 623 2855 a)
634 2794 694 2865 Ergo
707 2794 931 2894 magnificentianon

138 2862 174 2911 est
186 2872 246 2914 enea
264 2865 377 2925 sumptus
