1934 3284
141 224 192 273 tio·
256 230 505 281 recommemorando,
522 230 615 277 nonar.
633 224 702 282 reru,
719 229 778 270 aar.
796 232 825 269 ur.

138 311 195 362 illud
209 310 246 360 oni
262 309 382 361 exhibetur
396 320 442 358 non
453 306 515 358 eadit
531 306 656 358 secundom
669 308 713 357 tuoe
722 307 747 357 in
763 306 961 372 ejusdiffinilio

139 395 207 445 nam3
224 378 380 432 etseonndium
393 380 438 430 loo
450 378 515 429 latria
525 377 624 429 univoco
635 377 726 439 dieitur,
741 378 874 429 secunddm
893 383 962 445 quud.

138 453 238 521 pertinet
251 453 280 503 ad
293 464 371 503 veram
384 450 533 514 religionem,
548 452 572 500 et
586 449 710 500 secundom
723 448 784 513 quod
799 451 918 513 pertinet
937 468 961 502 au

140 523 304 587 idololatriam,
318 522 378 574 siout
400 522 483 573 solutio
503 521 583 572 minuti
599 520 696 573 univoci
710 519 800 585 dicitnr,
815 522 870 573 aiae
883 528 956 575 exlui

142 594 223 647 tueatur
233 608 287 647 uero
297 595 359 657 regi,
374 593 423 644 sire
438 593 504 643 lalso.
518 592 568 642 llio
588 592 657 644 modo
673 592 783 657 accipitur
795 592 868 644 latria
885 609 959 660 prou

142 666 245 719 estidem
257 664 377 729 religioni:
392 668 416 716 et
430 665 478 728 sio,
491 664 543 715 edm
557 664 587 714 sit
599 663 687 726 uirtus,
702 663 833 714 donatione
850 665 915 731 ejus
928 684 958 719 es

140 738 200 803 quod
213 740 287 789 uultus
307 732 399 788 divinos
415 736 549 787 exhibeatur
560 736 583 786 ei
598 735 636 785 oni
648 735 715 785 debet
726 735 829 787 exhiberi
840 752 849 800 3
868 742 898 788 et
919 755 962 790 se-

138 810 238 861 eunddm
253 811 297 861 hoo
314 808 379 859 latria
392 806 508 872 equivood
522 806 604 857 dieitur
617 807 645 858 de
668 806 734 856 latria
749 819 810 858 verae
826 807 962 873 religioni

140 889 164 935 ot
175 886 203 935 de
223 881 350 934 idololatria
367 897 373 930 ι
389 880 448 931 siout
464 880 584 945 prudentia
605 878 724 943 aequivoce
741 879 826 929 dieitur
842 880 876 931 de
898 898 962 946 pun-

140 955 217 1007 dantia
227 968 278 1019 qna
289 952 418 1015 estrirtns,
434 954 457 1002 et
471 951 500 1001 de
512 950 630 1014 prodentia
646 964 697 1013 ouo
711 954 747 1001 est
760 952 847 1001 munis.

172 1028 206 1079 lld
226 1026 319 1077 tertium
334 1023 468 1084 dicendum,
482 1022 543 1086 qood
563 1022 684 1086 Apostolus
699 1022 808 1085 intelligit
823 1040 839 1070 ιι
860 1024 962 1077 idolum

141 1098 198 1149 nihil
207 1111 258 1151 esse
266 1098 291 1147 in
301 1096 394 1157 mundo,
404 1092 480 1159 »quia
489 1093 601 1157 imagines
609 1093 653 1145 illae
664 1106 715 1158 que
725 1093 785 1143 idola
797 1094 960 1162 dicebantur,

141 1172 261 1221 nouerant
274 1167 393 1228 animale,
403 1170 442 1217 aut
455 1166 554 1230 aliquam
564 1166 673 1215 vitutem
682 1165 808 1215 divinitatis
821 1166 962 1231 ualentes,

141 1240 201 1291 sieut
214 1240 308 1289 tiermes
323 1238 421 1303 ponebat
429 1277 436 1301 ,
444 1238 510 1302 quasi
522 1241 585 1289 esset
597 1236 682 1301 aliquid
692 1237 842 1302 oompositrun
858 1251 892 1290 ox
908 1245 961 1306 spi-

141 1310 186 1362 rito
203 1314 226 1361 et
242 1324 344 1375 corpore.
363 1310 392 1359 Et
411 1308 515 1360 similiter
528 1308 700 1372 intelligendum
716 1311 752 1359 est
768 1307 828 1371 quod
845 1327 862 1359 ιι
882 1312 962 1364 idolis

141 1382 282 1433 immolatum
300 1392 347 1433 non
365 1385 400 1431 est
421 1380 520 1445 aliquid,
535 1396 550 1427 o
563 1379 618 1445 quia
635 1393 677 1443 per
693 1379 823 1443 hujusmodi
840 1380 961 1435 immola-

141 1454 226 1506 tionem
245 1466 326 1504 oarnes
349 1451 499 1503 immolatitiae
521 1464 595 1515 neque
614 1451 713 1515 aliquam
738 1451 959 1507 sanctificationem

142 1526 345 1589 oonsequeoautur,
359 1528 386 1573 ut
399 1525 503 1575 Gentiles
515 1524 634 1588 putabam,
647 1535 721 1588 neque
733 1522 833 1587 aliquam
845 1525 962 1580 immun-

142 1597 231 1661 ditiam,
242 1600 269 1647 ut
279 1597 388 1661 putabant
399 1596 480 1647 ludaei.

173 1670 206 1719 ld
223 1671 327 1733 quartum
346 1668 481 1732 dioendurn,
500 1668 560 1733 quod
579 1680 609 1718 ex
626 1666 740 1718 mumulo
761 1671 956 1737 mnauetudiuo,

143 1752 187 1803 qua
200 1743 315 1791 meatuum
331 1752 484 1803 quascumque
502 1740 609 1790 colebam
625 1738 726 1789 Gentiles
749 1738 791 1788 sul>
806 1738 956 1802 quibusdam

143 1805 292 1875 imaginihus}
306 1811 436 1877 impositum
446 1817 481 1863 est
493 1812 538 1861 luoo
548 1824 641 1875 nornen,
657 1810 819 1870 idololotria,
830 1812 859 1861 ad
872 1814 955 1878 signi·

143 1882 256 1933 luendum
269 1895 433 1947 quemcumque
446 1883 531 1933 uultum
551 1887 676 1946 creature,
691 1880 781 1933 etiamsi
794 1882 846 1934 sine
864 1883 957 1953 imagi-

145 1952 293 2005 uilrusderet.
361 1966 369 1980 ·

444 2062 603 2115 lallctltds
615 2062 644 2113 ll.

284 2197 287 2203 '
340 2188 424 2234 Uirium
433 2188 572 2235 idololotria
580 2188 613 2234 ait
619 2192 750 2245 pometum

176 2318 210 2367 ld
227 2318 350 2369 mundum
370 2316 403 2367 sio
424 2316 553 2380 proceditur
565 2316 611 2380 (1).
632 2317 725 2368 llidetur
739 2314 800 2379 qnod
813 2315 949 2371 idololatria

144 2401 190 2439 nou
206 2390 237 2439 sit
254 2394 380 2453 peecatum.
395 2387 456 2439 Nihil
474 2388 536 2438 enim
556 2392 592 2439 ost
604 2393 721 2452 peccatum
735 2388 795 2451 qnod
812 2401 867 2438 uera
886 2390 950 2443 doles

144 2458 168 2507 iu
183 2460 268 2509 cultum
285 2460 326 2511 liei
345 2460 448 2511 assumit.
462 2459 509 2510 Sed
521 2473 575 2510 uera
592 2460 648 2511 lides
661 2459 772 2523 imagines
780 2460 889 2523 quasdam
906 2476 948 2513 as-

144 2528 213 2579 sumit
231 2532 259 2580 ad
273 2532 373 2582 divinum
390 2532 491 2596 oultnm;
509 2545 561 2581 nunu
574 2536 598 2582 et
608 2531 634 2580 iu
647 2531 793 2582 tabernaculo
808 2536 873 2581 erant
884 2534 947 2585 ima-

143 2602 210 2664 gines
227 2602 363 2667 Cherubim,
377 2603 496 2669 allegitur
509 2603 689 2666 Exod.,lliil',
704 2607 728 2654 et
737 2602 761 2651 in
770 2602 868 2654 eoolesia
881 2620 947 2668 quae-

144 2672 195 2722 dam
205 2673 316 2736 imagines
327 2680 451 2739 ponuntur,
464 2687 521 2739 quas
532 2675 609 2745 fideles
619 2675 720 2726 adorant.
735 2674 794 2737 Ergo
805 2673 945 2743 idololatria,

144 2744 268 2793 seonnddm
281 2756 349 2809 quum
362 2746 422 2797 idola
436 2748 566 2808 adorantur,
580 2756 635 2796 non·
643 2750 679 2797 est
688 2748 816 2810 peceatum.

177 2818 200 2863 2.
213 2815 336 2879 Praeterea,
346 2816 441 2868 cuilibet
451 2817 564 2883 superiori
572 2821 608 2870 ost
618 2817 745 2868 reuerentia
751 2816 888 2867 exhibenda.
898 2821 944 2871 Sol

143 2926 161 3029 J
177 2958 207 3021 (o
223 2962 306 3010 oum·
317 2959 389 3011 uuum
404 2963 495 3011 omaro
511 2965 593 3017 ouo,
605 2964 648 3013 ruo.
659 2966 706 3026 ur,
721 2975 774 3022 erp.
792 2961 845 3010 rso.
