1934 3284
112 186 160 235 tna
236 196 344 237 sununna
361 196 489 247 securum,
506 194 599 241 oum.
613 196 659 247 xo,
675 195 731 235 arr.
748 197 783 234 ru.

409 380 567 435 tumultus
577 380 616 433 ΙΙΙ.

196 506 281 552 vnum
296 506 366 553 licent
381 508 548 553 irrationalem
562 511 701 553 meatorum
713 508 838 565 udjornro.

149 637 185 687 lo
195 636 287 687 tortium
297 635 331 686 ein
340 635 479 700 proceditur.
494 634 588 685 Videtur
601 634 663 699 quod
675 645 721 687 uon
733 635 801 688 liceat
811 637 927 701 adjurare

118 701 270 759 irrationalem
279 711 412 759 creatorum.
428 706 546 771 ldjuuatio
555 707 618 757 euim
626 706 653 757 or
663 720 705 771 per
712 708 862 759 locutionem.
872 710 927 761 Sed

117 779 200 829 trustra
218 792 292 830 sermo
311 779 415 843 dirigitur
428 778 457 829 ad
473 792 527 829 eum
541 778 582 843 pn
599 792 646 829 nou
663 779 871 844 iutelligit,qualis
883 787 927 833 est

118 849 255 901 irrationalis
267 854 377 902 creatura.
389 852 447 914 Ergo
463 864 548 900 vanum
566 854 601 900 est
613 850 752 916 etssiltioituur
762 850 926 903 irrationalem

119 925 244 972 ereaturam
256 922 369 987 adjurare.

150 998 173 1044 a.
189 992 315 1057 preterea,
326 995 353 1045 ad
364 1007 416 1045 enm
433 992 523 1044 videtum
531 998 659 1059 competere
672 994 801 1059 adjuratio,
813 994 841 1046 ud
849 1011 926 1060 quern

118 1066 218 1131 pertinet
227 1067 320 1131 juratio.
337 1066 383 1117 Sed
395 1065 481 1130 juratio
497 1078 544 1116 non
559 1066 657 1131 pertinet
677 1068 705 1117 ad
719 1070 844 1117 crmturam
863 1068 928 1121 irra-

118 1138 235 1191 tionalem.
246 1139 304 1202 erpo
315 1138 404 1189 ridetur
413 1136 473 1202 quood
485 1137 514 1187 ad
522 1150 573 1187 eam
587 1152 632 1188 non
646 1136 865 1201 doaatadp'uratione
873 1143 925 1193 nti.

132 1261 135 1266 ,
152 1216 173 1259 a.
190 1211 315 1271 praterea,
328 1210 412 1273 duplex
431 1212 467 1259 est
487 1208 637 1273 adjurationis
654 1208 748 1272 modus,
767 1213 793 1258 ut
806 1222 835 1260 ex
850 1212 928 1275 supr'a

119 1280 187 1333 dictis
203 1282 267 1345 petet
281 1280 342 1345 (art.
360 1284 374 1329 1
388 1283 411 1331 et
425 1279 455 1343 Ξ)
471 1292 478 1329 r
493 1294 553 1329 unus
565 1277 657 1343 uuidem
671 1292 712 1344 per
721 1281 815 1331 modum
836 1282 927 1346 depre

120 1351 229 1413 cationis,
242 1364 287 1414 quo
305 1364 351 1401 uon
369 1363 491 1415 possumne
509 1351 543 1402 uti
559 1352 587 1401 ad
602 1350 755 1402 irrationalem
774 1355 924 1418 amatunam,

120 1437 171 1489 que
186 1434 233 1473 nou
246 1427 282 1473 est
297 1423 388 1473 domina
403 1423 439 1473 sui
454 1423 534 1487 actds3
551 1422 595 1473 alta
611 1426 686 1473 auum
701 1422 812 1487 adjumtio
829 1427 867 1475 en
879 1440 927 1489 per

121 1494 213 1545 modum
231 1494 409 1558 compulsionis,
422 1508 468 1559 qua
476 1495 546 1545 etiem
557 1494 600 1559 (ut
609 1494 713 1556 ridetur]
724 1486 814 1544 ad'eam
827 1494 862 1544 uti
872 1508 927 1548 eon

41 1614 45 1619 .
121 1578 255 1629 possumus,
269 1565 382 1629 quianon
402 1569 437 1617 est
449 1569 552 1617 nostrum
569 1564 678 1615 creaturis
693 1564 862 1616 irrationalibus
876 1570 928 1618 lm-

122 1650 214 1702 pernm,
228 1638 268 1688 sed
280 1637 353 1688 solium
367 1638 430 1689 illius
440 1639 469 1689 de
482 1647 528 1701 qno
539 1638 623 1688 dicitur
636 1639 745 1695 diotre,
755 1637 821 1686 lllll:
838 1655 853 1685 a
861 1640 925 1697 Quia

122 1710 188 1761 senti
196 1713 219 1760 et
232 1722 293 1760 mere
307 1709 416 1761 obediunt
427 1710 457 1761 ei.
468 1726 482 1758 n
492 1710 552 1772 llrgo
563 1709 626 1760 nullo
637 1708 749 1773 modo(ut
756 1708 856 1773 ridetur)
865 1710 926 1762 licet

122 1781 155 1831 uti
169 1780 308 1845 adjuratione
320 1782 349 1832 ad
358 1781 501 1833 irrationales
519 1784 640 1831 uenturas.

152 1854 197 1904 Sed
210 1856 289 1904 ooutrn
309 1857 357 1917 est,
374 1853 434 1917 nadal
452 1854 533 1905 Simon
552 1855 581 1903 et
596 1852 665 1903 ludes
684 1853 790 1915 leguntur
802 1853 926 1917 adjurasse

122 1926 243 1987 dracones,
257 1926 281 1976 'et
290 1925 326 1975 eis
337 1926 474 1990 praecepisse
487 1927 512 1974 ut
522 1924 547 1973 iu
556 1924 670 1974 desertum
679 1923 755 1974 locum
765 1923 924 1977 discederent.

154 1998 163 2061 (
170 1997 352 2049 Consanum.-
360 1999 494 2061 Quanquam
508 2009 592 2047 vauurn
606 1995 636 2047 sit
650 1995 793 2045 irrationales
805 2001 927 2051 creaturas

122 2068 247 2120 secuudum
262 2082 287 2123 se
304 2069 421 2133 adjurare,
434 2071 535 2119 attamen
547 2082 589 2132 per
604 2068 698 2118 modum
713 2067 882 2131 deprecationis
893 2074 926 2122 ud

123 2142 194 2191 Deum
207 2140 296 2192 directe
310 2153 350 2190 eas
365 2140 470 2203 adjurare
482 2139 561 2202 linet.)

154 2212 290 2276 Responderi
310 2211 444 2274 dicendum,
467 2211 528 2275 quod
546 2214 655 2263 menturae
670 2210 812 2262 muneratos
829 2214 926 2265 abalio

123 2289 219 2350 aguntur
232 2284 260 2335 ad
277 2283 381 2347 propriae
399 2283 549 2347 operationes.
564 2284 649 2335 Eadem
659 2287 734 2335 numm
747 2284 809 2335 aetio
819 2290 857 2335 est
870 2287 926 2351 ejus

122 2357 182 2419 quod
202 2354 276 2419 agitur
289 2358 312 2405 et
328 2356 445 2415 movetur,
463 2358 487 2405 et
503 2356 554 2419 ejus
570 2357 631 2419 quod
649 2354 733 2419 agitet
753 2360 843 2417 moret3
861 2358 925 2408 sicut

123 2430 198 2477 motus
212 2426 300 2489 sagitte
313 2426 382 2483 etiam
396 2430 430 2476 est
446 2428 552 2489 quedam
560 2426 663 2491 operatio
675 2425 814 2489 sagittantis.
828 2429 858 2478 Et
870 2429 925 2481 ideo

123 2500 225 2562 operatio
240 2496 376 2549 irrationalis
386 2501 495 2549 creature
508 2511 556 2549 nou
573 2496 647 2554 solium
660 2497 706 2561 ipsi
723 2497 869 2561 admonitor,
883 2504 926 2553 sed

123 2562 277 2633 principaliter
288 2570 343 2631 Deo,
355 2568 422 2633 cujus
429 2569 578 2633 dispositione
586 2570 809 2633 omnia-mouentum
820 2572 927 2633 pertinet

123 2640 192 2691 etiam
213 2641 241 2689 ad
257 2640 385 2701 diabolum,
401 2640 440 2703 qui
456 2641 605 2703 permissione
623 2640 702 2691 diviua
718 2641 788 2691 utitur
806 2642 925 2706 aliquibus

122 2710 290 2761 irrationalibus
306 2710 414 2763 creaturis
427 2712 455 2762 ad
469 2713 598 2763 uoceudum
613 2712 752 2763 homiuibus.
766 2712 804 2763 Sic
814 2727 872 2777 ergo
883 2718 925 2767 ad·

120 2782 203 2845 Juratio
210 2794 253 2847 qua
262 2782 313 2845 quis
322 2782 391 2832 utitur
400 2784 429 2833 ad
437 2783 589 2835 irrationalem
601 2787 818 2849 ereaturam,poteat
824 2785 926 2851 intelligi

122 2853 256 2915 dupliciter:
271 2867 317 2904 uuo
334 2854 400 2904 ruodo
415 2858 439 2905 ut
453 2854 563 2919 adjuratio
578 2856 689 2906 celeratur
705 2856 820 2921 adipeam
834 2856 926 2909 irratio·

52 2939 55 2943 ·
121 2924 195 2976 nalem
205 2928 329 2979 creaturam
338 2924 510 2990 menotense,
521 2927 753 2980 etsicrauumesset
766 2927 926 2982 umfionalem
