1934 3284
142 179 173 228 'lt
251 187 360 230 sumunt
375 185 610 239 meorumnam.
626 184 790 240 amm.
804 185 824 227 i.

142 265 201 332 quot
209 265 318 317 suoriheia
327 265 352 316 in
363 265 460 330 madum
468 264 622 328 signillmntiu
630 264 765 316 offeruntur.
773 265 842 316 boues
849 268 933 332 subm,

141 351 193 402 qum
211 341 263 388 suni
276 336 389 401 praeeipuu
402 335 551 400 intersigna,
564 336 622 404 siem
633 336 693 386 idem
709 336 764 387 dieit
773 337 797 386 io
807 337 844 388 lib.
857 339 886 388 lli
896 340 935 390 De

142 408 260 458 doctrino
273 405 360 458 ebrr'et.
376 408 437 476 (unp.
450 407 486 472 t),
503 419 550 458 uon
562 405 693 470 significent
708 408 844 472 naturaliter,
853 410 893 459 set
905 413 937 462 ad

141 479 264 543 placitum,
279 479 402 530 seeundum
417 475 578 542 Philosophum
592 477 648 542 (lib.
661 478 831 539 lPeritaerm„
844 480 879 530 rel
897 481 937 532 De

142 552 317 616 euterpretae„
329 563 380 614 mp.
388 549 427 613 l).
435 549 616 614 Ergosupriiieiu
627 548 935 613 nonsuuidetegeeetmuli.

173 623 219 674 Sed
235 625 314 673 eontra
329 627 380 686 est,
394 621 455 688 qubrl
473 621 499 674 iu
515 620 617 685 quelibet
631 624 700 672 etate
711 626 736 673 et
748 619 808 684 apuu
825 621 940 684 quaslibet

143 693 260 744 hominum
274 693 392 756 nationes,
409 703 499 756 semper
515 692 559 742 brit
576 692 651 756 alique
667 690 827 742 meriiieiorum
843 691 939 745 oblatio.

144 765 208 826 Quod
228 767 304 816 eutem
318 768 352 816 est
364 764 424 828 apud
439 775 532 825 omues,
546 762 637 814 ridetur
652 763 754 814 naturale
773 775 831 815 esse.
843 761 899 828 Ergo
914 769 941 816 et

144 835 229 888 oblatio
242 833 403 886 sacrificiorum
418 838 453 886 est
467 834 560 900 dejure
575 832 681 884 naturali.

178 910 378 970 (Conmns10.-
386 908 421 958 lix
432 906 529 958 naturali
543 905 630 957 ratione
644 904 745 971 procedit
758 908 783 956 ui
799 907 943 969 quemnemo

145 979 198 1032 dum
211 975 308 1032 dominis
324 977 487 1044 temporalibus
500 977 575 1041 ulique
586 977 712 1028 offeruntur
726 977 752 1026 in
765 977 945 1040 recognitionem

145 1051 254 1115 dominii,
268 1051 301 1102 iia
314 1047 382 1100 etium
396 1050 457 1111 lieo,
471 1044 578 1112 uuquam
596 1060 701 1112 supremo
719 1048 821 1100 omnium
831 1048 946 1114 Domino,

145 1123 254 1184 quasdem
263 1120 382 1174 sensibiles
393 1119 461 1172 resin
470 1119 650 1184 signumdebite
658 1118 806 1184 subjectionis
819 1121 947 1172 ethonoris

146 1193 266 1244 offeremus
279 1207 285 1242 :
296 1193 356 1242 unde
368 1191 529 1243 sacrificiorum
542 1191 625 1242 oblatio
638 1193 666 1242 ud
676 1190 716 1256 jus
729 1195 814 1242 nature
826 1191 950 1256 pertinet.)

178 1264 312 1328 Respondeo
335 1262 547 1328 dicendumque
565 1261 672 1314 naturalis
692 1263 754 1332 ratio
773 1263 844 1313 dietat
858 1264 950 1315 homini

146 1335 207 1402 quod
218 1335 286 1386 alicui
296 1335 408 1400 superiori
418 1335 540 1402 subdatur,
550 1339 642 1400 propter
654 1335 755 1386 deiectus
765 1348 823 1399 quos
833 1333 859 1385 in
869 1335 950 1402 seipso

147 1406 231 1468 sentit,
244 1405 270 1456 in
284 1405 367 1471 quibus
383 1407 410 1456 eb
426 1405 503 1470 aliquo
516 1407 627 1472 superiori
641 1409 694 1470 eget
709 1405 812 1477 adjurari
824 1409 849 1456 et
863 1407 950 1472 dirigi3

146 1481 170 1528 et
182 1477 291 1544 quicquid
305 1478 362 1528 illud
379 1477 422 1542 sit,
435 1479 480 1528 boe
496 1482 532 1529 est
544 1478 606 1541 quod
616 1477 677 1542 aput
691 1491 770 1528 omues
782 1477 864 1529 dieitur
878 1481 952 1532 Deus.

146 1547 211 1599 Siout
223 1553 299 1600 autern
313 1549 338 1599 in
350 1549 417 1599 rebus
431 1549 572 1599 normalibus
582 1547 711 1600 nstmaliter
724 1549 831 1600 inferiora
845 1552 958 1615 superio·-

146 1619 208 1670 ribus
223 1620 361 1685 subduntur,
377 1619 410 1670 itu
420 1620 488 1671 etiam
498 1619 607 1670 nuluruhs
618 1619 676 1672 ratio
686 1620 755 1670 dietut
766 1618 853 1672 homiui
866 1634 955 1672 seeum

148 1689 202 1740 dhm
216 1691 341 1741 naturalem
351 1689 536 1753 inclinationem,
551 1693 577 1740 ut
586 1691 609 1741 ei
619 1692 680 1754 quod
694 1694 729 1742 est
742 1703 810 1755 supra
821 1691 958 1754 homiuem,

148 1761 312 1826 subjectionem
327 1765 350 1812 et
365 1762 475 1814 honorem
489 1761 600 1812 exhibeat
616 1760 739 1812 seeundum
759 1775 826 1822 suum
847 1766 958 1815 modum.

149 1833 188 1882 Est
202 1833 278 1882 numm
296 1832 376 1882 modus
390 1831 527 1883 conveniens
540 1832 656 1896 hominis,
671 1837 697 1882 ut
709 1833 859 1884 sensibilibus
881 1836 958 1899 signis

148 1907 223 1953 ututur
235 1903 265 1954 ud
277 1904 354 1967 alique
362 1903 525 1968 exprimenda,
534 1903 588 1967 quia
598 1917 625 1954 ex
637 1904 783 1967 sensibilibus
795 1905 958 1968 coguitionem

149 1972 231 2038 accipit
243 1988 249 2025 :
261 1976 285 2024 et
300 1973 366 2036 iteo,
377 1986 406 2024 ex
419 1972 517 2024 naturali
529 1975 616 2026 mtiooe
627 1976 730 2039 prouehit
742 1975 804 2040 quoi
818 1977 893 2028 homo
908 1980 958 2042 qul.

149 2045 242 2095 bustum
257 2044 401 2097 sensibilibus
413 2045 479 2095 rebus
497 2049 587 2110 uului,
600 2046 700 2099 offerens
715 2049 755 2097 'eas
768 2046 793 2096 io
806 2047 909 2110 signum
921 2048 958 2099 de*¹

149 2115 202 2168 biiae
217 2115 362 2181 subjectionis
378 2119 401 2167 et
416 2116 522 2180 honoris,
537 2116 660 2168 secundum
678 2113 856 2172 similitudinem
875 2132 958 2171 eorum

149 2187 188 2251 qui
202 2187 298 2239 dominis
309 2183 357 2238 suis
374 2187 448 2252 utiquo
458 2183 556 2239 offerunt
565 2187 590 2238 in
599 2188 776 2257 reoognitiouem
786 2190 900 2245 dominii.
913 2192 958 2243 lior

150 2263 226 2308 numm
239 2259 338 2324 pertinet
356 2258 384 2309 ad
403 2257 513 2310 rationem
526 2259 630 2310 sacrificii
645 2275 650 2311 :
667 2264 690 2311 et
705 2258 758 2312 ideo
773 2261 833 2312 ruiio
848 2263 958 2312 sacrifici

149 2329 248 2392 pertinet
260 2331 287 2380 ad
299 2331 338 2394 jhs
351 2331 464 2380 naturale.

182 2399 216 2450 hd
235 2399 331 2464 primum
351 2413 404 2464 ergo
421 2401 558 2468 dicendum,
571 2400 632 2466 quod
651 2402 710 2454 siout
727 2403 797 2468 mprt
812 2403 908 2460 uiuum
931 2419 958 2454 es

150 2473 195 2532 (l,
208 2473 237 2532 t,
252 2485 291 2534 qu.
307 2476 351 2532 et,
366 2475 409 2523 ert.
422 2472 451 2533 2)
459 2510 468 2536 ‚
486 2473 559 2538 abqua
574 2473 598 2522 in
611 2473 725 2524 communi
737 2477 792 2525 suut
804 2475 834 2524 de
846 2474 908 2538 iure
924 2490 958 2527 nu

150 2541 231 2603 tubali,
246 2554 339 2605 quorum
358 2543 559 2595 determinationes
573 2548 626 2594 suut
640 2545 668 2596 de
684 2545 735 2608 jure
750 2545 856 2615 positivo
874 2561 880 2595 :
905 2547 958 2597 sicu

149 2609 209 2676 qubel
224 2613 379 2664 malefactores
389 2615 519 2683 puniantur,
531 2615 648 2667 hebetior
656 2615 773 2680 naturalis
785 2617 828 2667 sed
839 2616 911 2680 quod
926 2617 958 2667 iul

150 2679 268 2747 pontrel
284 2683 324 2734 teli
337 2685 474 2751 punientur,
488 2690 524 2737 est
538 2699 566 2736 ex
583 2687 743 2739 eonstitutlone
757 2685 838 2741 divini
860 2689 904 2738 rei
923 2689 958 2737 hu

69 2887 71 2894 ¹
152 2847 193 2894 qn.
203 2835 242 2898 18,
253 2843 296 2884 nrt.
305 2839 360 2884 item
370 2835 393 2892 3;
405 2845 428 2886 et
439 2833 530 2888 Contio
543 2841 673 2893 Geot.,lib.
681 2843 725 2903 m,
733 2846 785 2901 etp.
798 2843 862 2903 izo,
873 2843 928 2891 eol.
942 2842 958 2891 ἣ

152 2904 257 2966 eteupor.
266 2901 359 2950 nutu
372 2903 481 2964 xxvm,
494 2903 584 2960 eolis.
595 2905 663 2962 eburi
679 2907 760 2960 lton..
774 2908 801 2968 Ι,
815 2907 882 2957 ieet,
905 2905 936 2952 7.
