1934 3284
213 162 246 211 nir
262 174 328 212 nono
345 174 498 212 inornarrcn
514 173 674 213 caerimonis.
798 160 845 212 lll'l

33 254 62 304 in
79 252 108 301 V.
125 251 233 315 confess.
246 250 313 315 (cap.
330 254 374 313 tt:
393 253 497 302 nlteatns
511 255 548 301 εει
562 252 696 316 quiescit,
711 252 800 303 etiamsi
807 252 846 303 illa

37 326 76 389 (id
93 327 130 373 est
145 323 269 387 creaturas)
285 323 378 374 nesciat.
390 340 404 371 u
416 324 466 374 llon
474 327 511 375 est
523 326 599 373 aulem
609 324 718 387 possibile
732 324 793 388 qudd
805 323 847 373 ali-

34 395 95 461 quis
111 394 187 443 rideat
204 394 302 445 rationes
316 399 468 445 creaturarum
482 396 507 446 in
521 396 571 459 ipsa
591 396 668 445 dirim
683 397 800 458 essentia,
815 396 847 445 ita

34 466 104 533 qudd
118 479 167 516 eam
183 480 229 516 non
245 468 335 527 rideat,
346 472 393 517 turn
408 468 461 532 qrria
472 468 523 531 ipsa
532 468 610 518 diviua
624 468 726 517 essentia
737 472 773 518 εει
786 467 846 523 ratio

35 538 147 591 omnium
159 551 236 588 eorum
247 552 297 601 quaa
312 538 368 588 liunt
380 540 452 590 :ratio
465 545 540 590 autem
554 540 633 589 idealis
645 553 692 590 non
706 540 768 589 addit
779 554 847 605 supra

34 611 146 662 divinam
165 609 301 672 essentiam,
314 612 359 661 nisi
376 615 504 675 respectum
518 612 545 661 ad
560 615 685 661 creaturam
695 628 702 675 ;
714 614 763 660 tam
779 613 848 662 etiarn

35 682 98 747 quia
117 680 179 745 prius
196 686 231 731 est
247 694 383 745 cognoscere
397 683 480 745 aliquid
495 683 520 732 iu
538 697 577 744 se,
590 684 650 747 quod
667 687 702 732 est
713 696 849 745 cognoscere

35 759 117 806 Deum
132 756 201 803 otest
215 755 330 818 objectum
340 756 501 816 beatitudinis,
512 756 579 820 quam
594 768 730 819 cognoscere
742 756 797 805 illud
808 769 850 820 per

35 825 237 889 comparationem
251 826 279 877 ad
294 828 401 889 alterum,
415 826 474 891 quod
490 832 524 878 est
535 839 673 890 cognoscere
683 828 754 877 Deum
767 840 847 877 secun-

34 900 100 951 dirm
117 898 217 949 rationes
233 912 309 949 rerum
329 899 353 948 in
370 900 420 963 ipso
441 900 566 951 existentes
584 915 590 949 :
606 903 629 949 et
644 899 695 949 ideo
714 912 760 949 non
774 903 851 962 potest

34 983 98 1022 esse
115 969 175 1032 qum
192 972 308 1035 prophetae
328 972 419 1022 videant
433 972 517 1033 Deum,
532 970 657 1021 secundnm
672 972 770 1020 rationes
787 982 849 1020 crea-

34 1048 165 1104 turarum‚
178 1046 201 1091 et
214 1055 260 1092 non
275 1048 341 1107 prout
356 1049 390 1093 est
401 1043 515 1107 objectum
529 1043 682 1093 beatitudinis.
698 1041 791 1092 ntideo
813 1042 847 1091 di-

34 1114 144 1167 cendum
162 1117 196 1164 est
209 1114 268 1177 quod
281 1115 340 1165 visio
356 1116 546 1179 propheticanon
558 1120 594 1165 est
607 1114 666 1165 risio
679 1113 751 1178 ipsius
765 1113 850 1165 lirina

34 1185 166 1245 essentia,
182 1198 255 1248 neone
267 1186 290 1235 in
303 1186 353 1250 ipsa
367 1186 443 1237 divina
454 1187 555 1237 essentia
566 1185 643 1236 vident
656 1199 741 1248 eaque
754 1185 848 1249 rident,

35 1261 83 1311 sed
104 1257 129 1305 in
139 1257 274 1321 quibusdam
283 1258 484 1319 similitudinibus,
494 1258 619 1309 secundnm
631 1257 804 1307 illustrationem
815 1256 850 1306 di-

34 1330 94 1383 vini
106 1328 207 1379 luminis.
219 1330 282 1380 Unde
292 1330 411 1394 Dionysius
421 1330 474 1380 dicit
486 1331 510 1379 in
520 1330 557 1380 lV.
569 1342 620 1393 cap.
632 1328 692 1378 Coel.
703 1328 848 1385 attereret„

35 1408 68 1456 de
89 1400 219 1451 visionibus
235 1402 376 1466 propheticis
393 1404 502 1466 loquens,
516 1401 576 1465 qudd
593 1400 712 1465 «sapiens
733 1400 851 1464 theologus

34 1476 160 1527 visionem
176 1473 236 1523 illam
251 1475 305 1524 dicit
323 1474 499 1537 assandunam,
513 1488 565 1539 que
583 1476 608 1525 nt
625 1488 665 1538 per
679 1473 851 1524 similitudinem

33 1558 122 1599 rernm
140 1542 212 1593 lormd
225 1546 334 1609 corporali
349 1546 488 1609 carentium,
504 1560 533 1596 ex
544 1547 673 1597 reductione
688 1545 812 1594 videntium
826 1545 851 1595 in

34 1618 135 1671 divina.
146 1632 159 1661 n
175 1616 203 1665 Et
218 1618 349 1681 hujusmodi
367 1611 527 1669 similitudines
541 1618 619 1669 divino
635 1618 721 1667 lumine
735 1616 853 1667 illustrate

34 1690 121 1753 magis
132 1688 216 1739 liabent
227 1689 337 1740 rationem
348 1690 434 1756 speculi
445 1691 513 1751 qirdm
526 1690 566 1741 liei
574 1690 682 1740 essentia.
695 1690 751 1739 llam
765 1690 788 1737 in
803 1702 854 1750 spe·

34 1764 98 1816 culo
116 1760 226 1809 resultant
241 1761 329 1825 species
343 1762 370 1810 ab
384 1762 434 1811 aliis
451 1762 532 1823 rebus;
545 1762 606 1824 quod
618 1774 663 1810 non
677 1764 754 1824 potest
766 1759 810 1808 dici
823 1761 852 1810 de

33 1840 103 1887 Deo.
124 1832 169 1881 Sed
185 1832 315 1897 hujusmodi
329 1833 450 1882 illustratio
466 1836 550 1882 mentis
564 1833 700 1897 prophetice
719 1834 794 1893 potest
807 1831 853 1881 dici

33 1903 195 1973 speculum,
206 1904 229 1952 in
245 1907 354 1968 quantum
369 1904 462 1954 resultat
472 1903 504 1953 ibi
516 1902 640 1953 similitudo
654 1899 755 1952 veritatis
768 1901 853 1953 divine

32 1975 206 2046 praescientia.
222 1976 249 2024 El
269 1980 361 2041 propter
373 1978 416 2025 hoc
438 1975 521 2025 dicitnr
535 1973 665 2039 speculum
683 1974 852 2031 aeternitatis,

32 2046 116 2117 quasi
139 2051 305 2110 representans
324 2048 363 2097 liei
384 2047 563 2112 praescientiam,
577 2045 615 2109 qui
629 2046 653 2094 in
671 2058 710 2094 sua
726 2044 852 2095 eternitate

33 2119 125 2177 omnia
140 2118 312 2182 presentialiter
326 2120 406 2181 ridet,
421 2123 446 2168 nt
458 2119 543 2167 dictum
557 2122 600 2168 est.

75 2190 115 2243 Ad
130 2189 228 2254 primurn
245 2203 299 2253 ergo
312 2191 445 2254 dicendum,
460 2190 520 2254 qrrdd
531 2191 647 2254 prophetae
663 2188 770 2238 dicuutur
783 2187 855 2252 inspi-

33 2278 97 2318 cere
111 2260 137 2310 in
151 2261 207 2311 libro
222 2261 370 2324 praescientiae
380 2262 436 2325 bei,
446 2263 470 2311 in
482 2266 591 2325 quantum
605 2275 632 2312 en
650 2262 700 2325 ipsa
713 2260 856 2324 prescientia

33 2337 82 2391 Dei
109 2332 206 2383 resultat
219 2333 303 2383 veritas
316 2332 341 2382 iu
355 2336 454 2384 mentem
464 2334 591 2398 prophete.

73 2407 113 2459 Ad
132 2406 256 2454 seeundum
279 2405 413 2469 dicendum,
433 2406 492 2469 qudd
516 2405 540 2454 in
562 2404 634 2469 prima
658 2403 754 2454 ueritate
773 2402 858 2453 dicitur
944 2373 946 2406 ³

33 2489 119 2536 homo
137 2477 216 2527 nidere
226 2478 340 2541 propriam
352 2478 447 2529 formam
459 2491 504 2541 qua
518 2477 608 2537 existit,
624 2478 647 2526 in
657 2480 766 2541 quantum
775 2476 855 2540 prime

32 2548 155 2607 veritatis
170 2548 293 2600 similitudo
307 2550 404 2613 refulget
417 2550 439 2599 in
456 2552 533 2600 mente
550 2551 661 2612 bumana,
677 2562 706 2598 ex
720 2560 766 2612 qna
780 2547 858 2597 anima
944 2559 945 2576 ι

36 2624 119 2679 habet
135 2619 196 2684 quod
211 2621 308 2685 seipsam
323 2624 452 2683 cognoscat.

72 2694 116 2748 ad
128 2691 222 2742 tertium
231 2692 361 2753 dicandum,
373 2692 434 2756 qudd
446 2706 475 2742 ex
485 2693 530 2743 hoc
545 2692 596 2757 ipso
609 2692 669 2757 qubd
682 2692 706 2742 in
720 2692 768 2742 beo
781 2693 859 2742 lutura
929 2722 944 2745 .Ἰ

34 2763 208 2827 contingentia
223 2768 277 2813 sunt
291 2762 415 2814 secundum
429 2763 569 2815 immobilem
582 2765 716 2825 nentatern,
729 2767 803 2829 potest
815 2763 860 2812 im-

33 2844 150 2911 primere
165 2835 234 2884 menti
248 2836 364 2899 prophete
377 2833 473 2885 similem
483 2835 649 2899 cognitionem,
663 2836 747 2901 absque
757 2849 784 2887 eo
794 2834 856 2899 qubd

33 2910 171 2981 prophete
186 2906 256 2957 Deum
272 2919 313 2971 per
325 2904 447 2958 essentiam
460 2906 563 2957 rideam.
