1934 3284
130 224 177 272 tlt
256 228 366 272 sucunut
382 229 510 282 susurros,
525 231 619 278 oum.
637 232 673 283 cr,
691 201 746 270 airu.
764 229 800 270 m.

131 311 175 362 Sed
188 309 256 360 otiam
272 308 344 373 pietus
356 309 448 360 exhibet
468 309 553 360 mltum
567 310 628 372 hoo,
642 311 668 360 ut
684 307 739 359 dioit
751 309 900 372 Augustinus,
914 309 938 360 x

131 383 168 432 De
184 382 239 432 Ciu.
254 381 302 430 Dei
317 381 365 442 (uli
379 380 465 444 nupti).
481 382 540 444 [iugo
549 379 622 444 pietus
635 392 682 431 nou
697 379 867 443 distinguiturh
879 379 935 430 reli-

131 466 207 516 quoue.

163 529 186 575 a.
201 524 329 586 Phalerea,
341 523 415 587 pietas
429 537 479 588 que
488 523 583 573 exhibet
595 525 681 574 uultum
691 526 715 575 et
726 524 828 576 othuium
838 524 930 586 patriar,

130 597 221 648 uidetur
232 609 283 646 esso
292 595 353 646 idem
362 610 413 646 uum
422 595 511 659 justitie
523 596 601 658 iuguli,
613 609 663 659 qum
672 596 764 660 respicit
772 597 857 647 honum
866 610 938 646 uom-

130 682 208 720 munu.
224 668 268 718 Sed
286 666 376 732 justitia
393 667 471 731 leguhu
489 670 526 718 est
542 667 615 718 virtius
632 668 759 731 gemmulis,
774 672 800 718 ut
814 671 880 733 patet
893 683 943 732 per

131 739 294 805 Philosophum
308 739 333 789 in
345 739 363 786 11
377 739 462 790 notro.
479 738 522 802 (et
534 741 651 790 ostensum
669 743 705 790 est
722 752 764 790 suo
781 740 832 790 loun
842 740 860 803 ι.
874 740 938 804 Ergo

131 809 206 875 pietus
219 825 265 864 non
279 815 314 862 est
327 811 400 862 virtus
414 809 528 873 specialis.

162 883 208 934 Sed
228 886 305 934 contra
321 885 371 946 est,
386 881 446 946 quod
465 881 557 946 punitur
570 882 585 934 l
598 882 672 934 Tullio
691 896 744 949 pars
763 882 861 948 iustitis
881 884 939 945 (uhi

132 955 223 1020 suprh).

165 1029 325 1094 (Conclusio.
337 1053 367 1063 —
381 1026 459 1076 Pietas
475 1025 580 1090 specialis
597 1029 633 1077 ost
649 1026 736 1088 uirtus,
747 1040 792 1090 qua
812 1026 863 1091 quis
883 1028 937 1078 ofli-

132 1099 191 1151 oium
202 1104 226 1151 et
237 1099 321 1150 culum
332 1097 424 1148 exhibet
432 1097 578 1160 parentinus,
592 1098 671 1161 patriae
686 1101 709 1148 et
721 1097 906 1161 nonuunquineis.
926 1102 935 1163 )

162 1172 297 1235 Respondes
316 1167 451 1232 dicundum,
471 1167 532 1231 quhd
547 1169 624 1232 aliqua
641 1169 714 1220 uirtus
728 1169 835 1233 specialis
851 1175 887 1220 est
904 1184 935 1221 ex

131 1243 175 1295 hou
190 1242 250 1306 quod
264 1241 356 1304 respicit
370 1239 462 1302 aliquod
471 1239 587 1302 objectum
598 1241 722 1291 seeundum
733 1241 830 1305 aliquem
844 1243 937 1307 specia-

131 1313 177 1362 lem
194 1312 319 1363 rationem:
333 1310 385 1360 ohm
396 1313 471 1360 aulem
481 1311 510 1360 nd
525 1310 635 1361 rationem
643 1311 738 1375 justitio
747 1312 860 1375 pertineat
872 1313 934 1376 qudd

131 1384 232 1437 debitum
247 1383 285 1434 alii
303 1383 394 1446 reddat,
406 1382 445 1432 uhi
458 1381 573 1432 inuenitur
589 1382 697 1446 specialis
711 1383 768 1434 ratio
782 1383 851 1434 debiti
866 1385 936 1435 alicui

131 1468 249 1519 personae,
264 1454 341 1504 ibiesi
353 1452 458 1518 specialis
468 1453 549 1502 uirtus.
562 1454 660 1504 hebetur
672 1460 748 1505 autem
762 1454 848 1518 aliquid
863 1455 933 1506 alieni

132 1526 275 1590 specialiter,
286 1525 340 1588 quia
354 1527 389 1575 est
401 1526 544 1575 munuturalu
560 1525 698 1588 principium
707 1527 835 1590 producens
846 1527 873 1577 in
884 1543 937 1578 esse

132 1601 155 1648 et
166 1597 309 1661 gubernans3
324 1598 368 1648 hou
386 1599 460 1646 aulem
470 1597 606 1660 principium
615 1597 711 1662 respicit
724 1598 815 1662 pietus,
829 1598 854 1648 in
863 1613 937 1663 quau-

131 1672 179 1719 tum
190 1669 321 1732 parentibus
329 1672 353 1720 et
362 1668 440 1733 patrio
447 1673 471 1719 ot
479 1668 516 1718 his
524 1668 563 1731 qui
574 1669 603 1719 ad
612 1670 663 1720 hau
675 1669 817 1733 ordinantur,
829 1670 935 1721 olduium

131 1745 155 1792 et
166 1741 251 1791 uultum
266 1741 376 1804 impendit
389 1755 395 1790 ε
411 1744 435 1791 ut
446 1739 497 1790 ideo
508 1740 583 1804 pietas
596 1744 632 1790 est
642 1740 747 1805 specialis
757 1739 839 1791 virtus

163 1812 197 1862 hd
212 1813 310 1876 primum
325 1825 380 1875 ergo
393 1812 515 1862 dicendum
524 1850 530 1874 ,
539 1811 601 1875 qudd
616 1811 675 1862 deut
690 1811 771 1875 religio
784 1815 820 1862 est
829 1814 936 1876 quodam

131 1883 263 1948 protestatio
275 1883 337 1947 fidei,
350 1883 399 1948 spei
410 1888 433 1934 et
445 1883 573 1944 charitatis,
592 1883 675 1947 quihus
683 1883 753 1934 homo
761 1883 939 1947 primordiehtor

132 1955 250 2007 ordinatur
263 1955 287 2004 iu
306 1956 393 2016 Deum,
409 1955 441 2005 ita
455 1955 524 2006 etium
540 1955 613 2019 pietas
630 1959 664 2006 est
678 1955 782 2018 quaedum
797 1957 934 2018 protestatio

131 2026 246 2076 uhadtutiu
262 2027 393 2090 quinquis
411 2027 480 2078 hahet
493 2027 522 2076 ad
536 2029 643 2089 parentes
661 2029 683 2076 ut
703 2027 731 2076 ad
747 2026 852 2090 putrium.

162 2100 196 2150 dd
209 2097 336 2149 seeundum
344 2097 472 2162 dicendum,
479 2096 539 2161 quod
552 2099 611 2148 heus
622 2097 690 2161 louge
699 2097 854 2148 exoehentiori
864 2100 934 2151 modo

131 2174 166 2222 est
181 2169 320 2234 principium
331 2169 431 2221 essendi
441 2172 464 2220 ul
479 2169 664 2233 gubernationis,
678 2169 747 2233 quim
761 2173 826 2234 pater
836 2170 875 2221 uel
887 2184 932 2234 pu-

132 2243 175 2294 tria
192 2257 197 2292 ι
213 2245 237 2292 et
249 2241 300 2292 ideo
317 2241 361 2291 alia
377 2240 450 2292 uirtus
463 2245 498 2291 est
516 2239 597 2304 religio
614 2253 665 2304 quae
679 2239 765 2290 uultum
776 2242 824 2291 heu
835 2241 931 2292 exhibet

132 2314 146 2364 h
161 2315 260 2378 pietate,
281 2327 331 2376 quau
350 2311 443 2362 exhihet
458 2313 542 2362 cultum
555 2313 687 2376 parentibus
704 2317 727 2362 et
740 2313 829 2376 patrias.
844 2313 892 2363 Sed
903 2325 932 2363 ea

131 2399 183 2450 qua
201 2388 254 2435 suut
274 2387 442 2445 creaturarum,
459 2397 501 2452 por
518 2385 639 2450 quamdam
661 2383 889 2448 superexcellentiam
909 2389 934 2435 et

131 2456 287 2506 causalitatem
301 2455 466 2506 transferuntur
477 2453 502 2505 ln
515 2456 600 2518 ileum,
612 2459 638 2505 ut
653 2455 773 2520 Dionysius
786 2454 840 2506 dicit
852 2455 877 2506 iu
887 2455 930 2505 lih.

132 2529 170 2576 De
187 2527 244 2576 dio..
257 2527 382 2576 Nomius
398 2527 457 2576 unde
470 2539 511 2590 per
528 2526 685 2577 mentientium
702 2527 785 2590 pietur
801 2527 877 2576 uultus
891 2527 934 2578 liei

132 2597 269 2659 nominatur,
283 2596 341 2646 siout
352 2599 375 2647 ut
389 2597 447 2648 huus
458 2597 597 2648 excudentur
608 2596 688 2647 dicitur
701 2598 779 2646 Pater
790 2599 882 2646 truslot.

164 2667 199 2716 hd
209 2665 303 2716 tert-ium
321 2667 456 2731 dicendum,
469 2667 530 2732 quod
542 2668 620 2731 pietas
632 2682 658 2720 su
673 2669 777 2718 extendit
789 2669 818 2719 ud
836 2666 936 2732 patrium

133 2735 257 2790 seunndhm
273 2737 335 2800 quod
352 2743 388 2790 est
401 2740 466 2790 nohis
483 2741 595 2805 quoddam
613 2739 704 2790 essendi
723 2740 877 2804 principium
893 2741 935 2790 sed

130 2808 222 2873 justitia
239 2807 318 2872 legalis
330 2810 421 2876 respicit
433 2811 519 2862 hunum
532 2810 611 2875 patriar
628 2810 753 2861 mmmmm
768 2809 829 2876 qudd
845 2811 935 2862 ostho-

134 2895 190 2931 nnm
204 2887 323 2932 commune
338 2897 344 2930 :
359 2885 383 2932 et
395 2882 446 2934 idun
458 2883 550 2947 justitia
562 2883 641 2946 legalis
656 2883 729 2948 magis
745 2884 815 2938 habet
830 2882 891 2948 qudd
902 2883 933 2933 sit

134 2951 207 3008 uirtus
216 2952 327 3038 generalis
331 2988 341 3018 ,
353 2952 419 3020 qrrhm
429 2955 512 3027 pietas.
