<?xml version="1.0" encoding="UTF-8"?>
<!DOCTYPE html PUBLIC "-//W3C//DTD XHTML 1.0 Transitional//EN"
    "http://www.w3.org/TR/xhtml1/DTD/xhtml1-transitional.dtd">
<html xmlns="http://www.w3.org/1999/xhtml" xml:lang="en" lang="en">
 <head>
  <title>
</title>
<meta http-equiv="Content-Type" content="text/html;charset=utf-8" />
  <meta name='ocr-system' content='tesseract 3.04.00' />
  <meta name='ocr-capabilities' content='ocr_page ocr_carea ocr_par ocr_line ocrx_word'/>
</head>
<body>
  <div class='ocr_page' id='page_1' title='image "./summatheologica05nicogoog_0541.png"; bbox 0 0 1934 3284; ppageno 0'>
   <div class='ocr_carea' id='block_1_1' title="bbox 135 144 833 202">
    <p class='ocr_par' dir='ltr' id='par_1_1' title="bbox 135 144 833 202">
     <span class='ocr_line' id='line_1_1' title="bbox 135 144 833 202; baseline -0.003 -11"><span class='ocrx_word' id='word_1_1' title='bbox 135 144 182 191; x_wconf 69' lang='lat'>5⁸8</span> <span class='ocrx_word' id='word_1_2' title='bbox 238 151 345 189; x_wconf 74' lang='lat' dir='ltr'>somnus</span> <span class='ocrx_word' id='word_1_3' title='bbox 362 151 490 202; x_wconf 70' lang='lat' dir='ltr'>brunnon,</span> <span class='ocrx_word' id='word_1_4' title='bbox 505 152 599 199; x_wconf 72' lang='lat' dir='ltr'>obser.</span> <span class='ocrx_word' id='word_1_5' title='bbox 615 150 712 199; x_wconf 83' lang='lat' dir='ltr'>cmlv,</span> <span class='ocrx_word' id='word_1_6' title='bbox 726 151 782 191; x_wconf 76' lang='lat' dir='ltr'>nr.</span> <span class='ocrx_word' id='word_1_7' title='bbox 798 153 833 190; x_wconf 77' lang='grc' dir='ltr'>ιν.</span> 
     </span>
    </p>
   </div>
   <div class='ocr_carea' id='block_1_2' title="bbox 132 222 931 1869">
    <p class='ocr_par' dir='ltr' id='par_1_2' title="bbox 132 222 927 935">
     <span class='ocr_line' id='line_1_2' title="bbox 133 222 924 289; baseline -0.003 -14"><span class='ocrx_word' id='word_1_8' title='bbox 133 222 266 289; x_wconf 74' lang='lat' dir='ltr'>principali,</span> <span class='ocrx_word' id='word_1_9' title='bbox 280 222 340 273; x_wconf 90' lang='lat' dir='ltr'>aliud</span> <span class='ocrx_word' id='word_1_10' title='bbox 354 226 430 273; x_wconf 66' lang='lat' dir='ltr'>summ</span> <span class='ocrx_word' id='word_1_11' title='bbox 445 227 490 288; x_wconf 90' lang='lat' dir='ltr'>est,</span> <span class='ocrx_word' id='word_1_12' title='bbox 505 227 530 273; x_wconf 92' lang='lat' dir='ltr'>nt</span> <span class='ocrx_word' id='word_1_13' title='bbox 543 223 567 273; x_wconf 89' lang='lat' dir='ltr'>in</span> <span class='ocrx_word' id='word_1_14' title='bbox 580 222 655 289; x_wconf 78' lang='lat' dir='ltr'>aliquo</span> <span class='ocrx_word' id='word_1_15' title='bbox 666 224 787 275; x_wconf 76' lang='lat' dir='ltr'>excedatur</span> <span class='ocrx_word' id='word_1_16' title='bbox 799 224 829 275; x_wconf 87' lang='lat' dir='ltr'>ab</span> <span class='ocrx_word' id='word_1_17' title='bbox 841 238 874 276; x_wconf 89' lang='lat' dir='ltr'>ea.</span> <span class='ocrx_word' id='word_1_18' title='bbox 884 226 924 279; x_wconf 88' lang='lat' dir='ltr'>bla-</span> 
     </span>
     <span class='ocr_line' id='line_1_3' title="bbox 133 294 925 417; baseline 0 -72"><span class='ocrx_word' id='word_1_19' title='bbox 133 294 263 417; x_wconf 50' lang='lat' dir='ltr'>Jnificentia</span> <span class='ocrx_word' id='word_1_20' title='bbox 276 298 353 345; x_wconf 87' lang='lat' dir='ltr'>antem</span> <span class='ocrx_word' id='word_1_21' title='bbox 368 296 473 347; x_wconf 86' lang='lat' dir='ltr'>convenit</span> <span class='ocrx_word' id='word_1_22' title='bbox 489 310 540 346; x_wconf 86' lang='lat' dir='ltr'>curn</span> <span class='ocrx_word' id='word_1_23' title='bbox 554 294 686 348; x_wconf 83' lang='lat' dir='ltr'>tortitudine</span> <span class='ocrx_word' id='word_1_24' title='bbox 699 295 724 347; x_wconf 91' lang='lat' dir='ltr'>in</span> <span class='ocrx_word' id='word_1_25' title='bbox 738 298 783 347; x_wconf 89' lang='lat' dir='ltr'>hoc</span> <span class='ocrx_word' id='word_1_26' title='bbox 799 296 860 363; x_wconf 80' lang='lat' dir='ltr'>qubd</span> <span class='ocrx_word' id='word_1_27' title='bbox 875 298 925 349; x_wconf 79' lang='lat' dir='ltr'>sicu</span> 
     </span>
     <span class='ocr_line' id='line_1_4' title="bbox 143 366 926 435; baseline 0.001 -17"><span class='ocrx_word' id='word_1_28' title='bbox 143 368 242 418; x_wconf 87' lang='lat' dir='ltr'>ortitudo</span> <span class='ocrx_word' id='word_1_29' title='bbox 254 366 327 418; x_wconf 89' lang='lat' dir='ltr'>tendit</span> <span class='ocrx_word' id='word_1_30' title='bbox 337 367 362 417; x_wconf 93' lang='lat' dir='ltr'>in</span> <span class='ocrx_word' id='word_1_31' title='bbox 373 366 461 433; x_wconf 82' lang='lat' dir='ltr'><strong>aliquod</strong></span> <span class='ocrx_word' id='word_1_32' title='bbox 474 367 569 417; x_wconf 86' lang='lat' dir='ltr'>arduum</span> <span class='ocrx_word' id='word_1_33' title='bbox 578 370 602 435; x_wconf 80' lang='lat' dir='ltr'>et</span> <span class='ocrx_word' id='word_1_34' title='bbox 614 366 716 430; x_wconf 83' lang='lat' dir='ltr'>difficile,</span> <span class='ocrx_word' id='word_1_35' title='bbox 729 367 761 418; x_wconf 93' lang='lat' dir='ltr'>ita</span> <span class='ocrx_word' id='word_1_36' title='bbox 770 368 840 421; x_wconf 83' lang='lat' dir='ltr'>etiam</span> <span class='ocrx_word' id='word_1_37' title='bbox 852 373 875 421; x_wconf 87' lang='lat' dir='ltr'>et</span> <span class='ocrx_word' id='word_1_38' title='bbox 883 383 926 419; x_wconf 89' lang='lat' dir='ltr'>ma·</span> 
     </span>
     <span class='ocr_line' id='line_1_5' title="bbox 134 438 926 505; baseline -0.001 -15"><span class='ocrx_word' id='word_1_39' title='bbox 134 439 262 505; x_wconf 72' lang='lat' dir='ltr'>guilloentia</span> <span class='ocrx_word' id='word_1_40' title='bbox 276 455 282 490; x_wconf 76' lang='grc' dir='ltr'><strong><em>ε</em></strong></span> <span class='ocrx_word' id='word_1_41' title='bbox 296 441 356 491; x_wconf 92' lang='lat' dir='ltr'>unde</span> <span class='ocrx_word' id='word_1_42' title='bbox 365 438 434 492; x_wconf 88' lang='lat' dir='ltr'>etiam</span> <span class='ocrx_word' id='word_1_43' title='bbox 444 438 596 490; x_wconf 76' lang='lat' dir='ltr'>videturesse</span> <span class='ocrx_word' id='word_1_44' title='bbox 610 438 635 489; x_wconf 90' lang='lat' dir='ltr'>in</span> <span class='ocrx_word' id='word_1_45' title='bbox 649 438 767 505; x_wconf 82' lang='lat' dir='ltr'>irascibili,</span> <span class='ocrx_word' id='word_1_46' title='bbox 781 439 841 491; x_wconf 89' lang='lat' dir='ltr'>sicut</span> <span class='ocrx_word' id='word_1_47' title='bbox 850 445 874 492; x_wconf 93' lang='lat' dir='ltr'>et</span> <span class='ocrx_word' id='word_1_48' title='bbox 886 441 926 492; x_wconf 88' lang='lat' dir='ltr'>lor-</span> 
     </span>
     <span class='ocr_line' id='line_1_6' title="bbox 132 509 926 577; baseline 0.001 -17"><span class='ocrx_word' id='word_1_49' title='bbox 132 510 214 560; x_wconf 88' lang='lat' dir='ltr'>titndo.</span> <span class='ocrx_word' id='word_1_50' title='bbox 235 510 280 561; x_wconf 82' lang='lat' dir='ltr'>Sed</span> <span class='ocrx_word' id='word_1_51' title='bbox 300 510 466 575; x_wconf 75' lang='lat' dir='ltr'>magnificentia</span> <span class='ocrx_word' id='word_1_52' title='bbox 486 510 562 561; x_wconf 86' lang='lat' dir='ltr'>delicit</span> <span class='ocrx_word' id='word_1_53' title='bbox 580 509 750 575; x_wconf 83' lang='lat' dir='ltr'>liortitndine,</span> <span class='ocrx_word' id='word_1_54' title='bbox 766 511 791 561; x_wconf 92' lang='lat' dir='ltr'>in</span> <span class='ocrx_word' id='word_1_55' title='bbox 808 514 853 563; x_wconf 87' lang='lat' dir='ltr'>boc</span> <span class='ocrx_word' id='word_1_56' title='bbox 874 512 926 577; x_wconf 82' lang='lat' dir='ltr'>quod</span> 
     </span>
     <span class='ocr_line' id='line_1_7' title="bbox 133 581 926 649; baseline 0 -17"><span class='ocrx_word' id='word_1_57' title='bbox 133 581 189 632; x_wconf 90' lang='lat' dir='ltr'>illud</span> <span class='ocrx_word' id='word_1_58' title='bbox 196 582 289 633; x_wconf 91' lang='lat' dir='ltr'>arduum</span> <span class='ocrx_word' id='word_1_59' title='bbox 298 583 323 633; x_wconf 94' lang='lat' dir='ltr'>in</span> <span class='ocrx_word' id='word_1_60' title='bbox 329 585 388 647; x_wconf 87' lang='lat' dir='ltr'>quod</span> <span class='ocrx_word' id='word_1_61' title='bbox 397 581 668 645; x_wconf 86' lang='lat' dir='ltr'>tenditiortitndo,babet</span> <span class='ocrx_word' id='word_1_62' title='bbox 676 582 834 634; x_wconf 85' lang='lat' dir='ltr'>difficultatem</span> <span class='ocrx_word' id='word_1_63' title='bbox 841 588 926 649; x_wconf 90' lang='lat' dir='ltr'>propter</span> 
     </span>
     <span class='ocr_line' id='line_1_8' title="bbox 133 653 927 720; baseline 0 -17"><span class='ocrx_word' id='word_1_64' title='bbox 133 654 256 720; x_wconf 90' lang='lat' dir='ltr'>pericnlum</span> <span class='ocrx_word' id='word_1_65' title='bbox 268 656 328 720; x_wconf 84' lang='lat' dir='ltr'>qnod</span> <span class='ocrx_word' id='word_1_66' title='bbox 342 654 446 705; x_wconf 82' lang='lat' dir='ltr'>imminet</span> <span class='ocrx_word' id='word_1_67' title='bbox 456 668 576 719; x_wconf 65' lang='lat' dir='ltr'>personat</span> <span class='ocrx_word' id='word_1_68' title='bbox 586 654 680 705; x_wconf 83' lang='lat' dir='ltr'>arduum</span> <span class='ocrx_word' id='word_1_69' title='bbox 689 653 743 704; x_wconf 83' lang='lat' dir='ltr'>verb</span> <span class='ocrx_word' id='word_1_70' title='bbox 756 654 849 719; x_wconf 82' lang='lat' dir='ltr'>inquot</span> <span class='ocrx_word' id='word_1_71' title='bbox 862 656 927 707; x_wconf 86' lang='lat' dir='ltr'>tendit</span> 
     </span>
     <span class='ocr_line' id='line_1_9' title="bbox 134 724 926 791; baseline -0.001 -15"><span class='ocrx_word' id='word_1_72' title='bbox 134 725 319 789; x_wconf 75' lang='lat' dir='ltr'>magnificentia,</span> <span class='ocrx_word' id='word_1_73' title='bbox 332 727 401 777; x_wconf 91' lang='lat' dir='ltr'>habet</span> <span class='ocrx_word' id='word_1_74' title='bbox 414 726 568 777; x_wconf 76' lang='lat' dir='ltr'>difficultatem</span> <span class='ocrx_word' id='word_1_75' title='bbox 582 729 675 791; x_wconf 87' lang='lat' dir='ltr'>propter</span> <span class='ocrx_word' id='word_1_76' title='bbox 686 724 833 789; x_wconf 84' lang='lat' dir='ltr'>dispendium</span> <span class='ocrx_word' id='word_1_77' title='bbox 846 741 926 787; x_wconf 87' lang='lat' dir='ltr'>rerum,</span> 
     </span>
     <span class='ocr_line' id='line_1_10' title="bbox 134 796 926 863; baseline 0.003 -16"><span class='ocrx_word' id='word_1_78' title='bbox 134 798 195 863; x_wconf 85' lang='lat' dir='ltr'>qnod</span> <span class='ocrx_word' id='word_1_79' title='bbox 209 802 245 849; x_wconf 87' lang='lat' dir='ltr'>est</span> <span class='ocrx_word' id='word_1_80' title='bbox 257 798 329 849; x_wconf 89' lang='lat' dir='ltr'>multb</span> <span class='ocrx_word' id='word_1_81' title='bbox 342 798 420 849; x_wconf 86' lang='lat' dir='ltr'>minus</span> <span class='ocrx_word' id='word_1_82' title='bbox 436 797 503 862; x_wconf 77' lang='lat' dir='ltr'>quim</span> <span class='ocrx_word' id='word_1_83' title='bbox 515 796 640 861; x_wconf 87' lang='lat' dir='ltr'>pericnlum</span> <span class='ocrx_word' id='word_1_84' title='bbox 652 808 764 861; x_wconf 71' lang='lat' dir='ltr'>persone.</span> <span class='ocrx_word' id='word_1_85' title='bbox 775 798 806 848; x_wconf 81' lang='lat' dir='ltr'>nt</span> <span class='ocrx_word' id='word_1_86' title='bbox 818 796 872 849; x_wconf 89' lang='lat' dir='ltr'>ideo</span> <span class='ocrx_word' id='word_1_87' title='bbox 885 812 926 848; x_wconf 92' lang='lat' dir='ltr'>ma·</span> 
     </span>
     <span class='ocr_line' id='line_1_11' title="bbox 134 868 598 935; baseline 0 -14"><span class='ocrx_word' id='word_1_88' title='bbox 134 868 263 933; x_wconf 66' lang='lat' dir='ltr'>edificentia</span> <span class='ocrx_word' id='word_1_89' title='bbox 276 871 370 935; x_wconf 90' lang='lat' dir='ltr'>ponitur</span> <span class='ocrx_word' id='word_1_90' title='bbox 379 883 431 935; x_wconf 88' lang='lat' dir='ltr'>pars</span> <span class='ocrx_word' id='word_1_91' title='bbox 445 868 598 921; x_wconf 84' lang='lat' dir='ltr'>tortitudinis..</span> 
     </span>
    </p>

    <p class='ocr_par' dir='ltr' id='par_1_3' title="bbox 135 940 931 1796">
     <span class='ocr_line' id='line_1_12' title="bbox 166 940 928 1007; baseline -0.001 -16"><span class='ocrx_word' id='word_1_92' title='bbox 166 942 200 992; x_wconf 83' lang='lat' dir='ltr'>hd</span> <span class='ocrx_word' id='word_1_93' title='bbox 207 941 305 1005; x_wconf 86' lang='lat' dir='ltr'>primurn</span> <span class='ocrx_word' id='word_1_94' title='bbox 315 955 370 1005; x_wconf 77' lang='lat' dir='ltr'>ergo</span> <span class='ocrx_word' id='word_1_95' title='bbox 379 942 512 1004; x_wconf 89' lang='lat' dir='ltr'>dicendum,</span> <span class='ocrx_word' id='word_1_96' title='bbox 523 940 582 1005; x_wconf 80' lang='lat' dir='ltr'>qnbd</span> <span class='ocrx_word' id='word_1_97' title='bbox 588 940 679 1005; x_wconf 87' lang='lat' dir='ltr'>justitia</span> <span class='ocrx_word' id='word_1_98' title='bbox 688 940 782 1005; x_wconf 89' lang='lat' dir='ltr'>respicit</span> <span class='ocrx_word' id='word_1_99' title='bbox 791 944 928 1007; x_wconf 85' lang='lat' dir='ltr'>operationes</span> 
     </span>
     <span class='ocr_line' id='line_1_13' title="bbox 136 1012 928 1077; baseline -0.003 -11"><span class='ocrx_word' id='word_1_100' title='bbox 136 1013 260 1066; x_wconf 84' lang='lat' dir='ltr'>secundbm</span> <span class='ocrx_word' id='word_1_101' title='bbox 274 1027 315 1077; x_wconf 89' lang='lat' dir='ltr'>se,</span> <span class='ocrx_word' id='word_1_102' title='bbox 328 1017 395 1077; x_wconf 87' lang='lat' dir='ltr'>prout</span> <span class='ocrx_word' id='word_1_103' title='bbox 405 1012 430 1063; x_wconf 91' lang='lat' dir='ltr'>in</span> <span class='ocrx_word' id='word_1_104' title='bbox 441 1012 474 1063; x_wconf 90' lang='lat' dir='ltr'>eis</span> <span class='ocrx_word' id='word_1_105' title='bbox 488 1012 643 1065; x_wconf 78' lang='lat' dir='ltr'>consideratur</span> <span class='ocrx_word' id='word_1_106' title='bbox 656 1012 712 1062; x_wconf 90' lang='lat' dir='ltr'>ratio</span> <span class='ocrx_word' id='word_1_107' title='bbox 723 1012 804 1064; x_wconf 91' lang='lat' dir='ltr'>debiti.</span> <span class='ocrx_word' id='word_1_108' title='bbox 823 1015 869 1067; x_wconf 86' lang='lat' dir='ltr'>Sed</span> <span class='ocrx_word' id='word_1_109' title='bbox 881 1015 928 1065; x_wconf 81' lang='lat' dir='ltr'>libe</span> 
     </span>
     <span class='ocr_line' id='line_1_14' title="bbox 135 1083 927 1151; baseline -0.001 -15"><span class='ocrx_word' id='word_1_110' title='bbox 135 1085 212 1136; x_wconf 88' lang='lat' dir='ltr'>ralitas</span> <span class='ocrx_word' id='word_1_111' title='bbox 225 1090 250 1135; x_wconf 93' lang='lat' dir='ltr'>et</span> <span class='ocrx_word' id='word_1_112' title='bbox 263 1084 430 1149; x_wconf 77' lang='lat' dir='ltr'>magnificentia</span> <span class='ocrx_word' id='word_1_113' title='bbox 445 1083 589 1136; x_wconf 89' lang='lat' dir='ltr'>considerant</span> <span class='ocrx_word' id='word_1_114' title='bbox 602 1084 746 1150; x_wconf 83' lang='lat' dir='ltr'>operationes</span> <span class='ocrx_word' id='word_1_115' title='bbox 766 1090 885 1151; x_wconf 88' lang='lat' dir='ltr'>sumptum</span> <span class='ocrx_word' id='word_1_116' title='bbox 900 1100 927 1136; x_wconf 84' lang='lat' dir='ltr'>se</span> 
     </span>
     <span class='ocr_line' id='line_1_15' title="bbox 135 1156 928 1222; baseline 0 -15"><span class='ocrx_word' id='word_1_117' title='bbox 135 1156 235 1207; x_wconf 80' lang='lat' dir='ltr'>eundum</span> <span class='ocrx_word' id='word_1_118' title='bbox 248 1156 308 1222; x_wconf 88' lang='lat' dir='ltr'>qubd</span> <span class='ocrx_word' id='word_1_119' title='bbox 325 1160 483 1221; x_wconf 85' lang='lat' dir='ltr'>comparantur</span> <span class='ocrx_word' id='word_1_120' title='bbox 497 1158 523 1207; x_wconf 95' lang='lat' dir='ltr'>ad</span> <span class='ocrx_word' id='word_1_121' title='bbox 537 1156 657 1221; x_wconf 86' lang='lat' dir='ltr'>passiones</span> <span class='ocrx_word' id='word_1_122' title='bbox 671 1156 763 1209; x_wconf 82' lang='lat' dir='ltr'>anime.</span> <span class='ocrx_word' id='word_1_123' title='bbox 780 1156 928 1211; x_wconf 75' lang='lat' dir='ltr'>diversimode</span> 
     </span>
     <span class='ocr_line' id='line_1_16' title="bbox 135 1228 928 1295; baseline -0.001 -16"><span class='ocrx_word' id='word_1_124' title='bbox 135 1231 213 1279; x_wconf 88' lang='lat' dir='ltr'>tamen</span> <span class='ocrx_word' id='word_1_125' title='bbox 226 1245 232 1279; x_wconf 74' lang='grc' dir='ltr'><strong><em>ε</em></strong></span> <span class='ocrx_word' id='word_1_126' title='bbox 247 1241 299 1278; x_wconf 90' lang='lat' dir='ltr'>nam</span> <span class='ocrx_word' id='word_1_127' title='bbox 313 1229 435 1279; x_wconf 79' lang='lat' dir='ltr'>liberalitas</span> <span class='ocrx_word' id='word_1_128' title='bbox 453 1228 548 1292; x_wconf 85' lang='lat' dir='ltr'>respicit</span> <span class='ocrx_word' id='word_1_129' title='bbox 562 1232 665 1293; x_wconf 86' lang='lat' dir='ltr'>sumptus</span> <span class='ocrx_word' id='word_1_130' title='bbox 682 1239 724 1292; x_wconf 91' lang='lat' dir='ltr'>per</span> <span class='ocrx_word' id='word_1_131' title='bbox 742 1230 928 1295; x_wconf 84' lang='lat' dir='ltr'>comparationem</span> 
     </span>
     <span class='ocr_line' id='line_1_17' title="bbox 136 1298 928 1369; baseline -0.003 -16"><span class='ocrx_word' id='word_1_132' title='bbox 136 1302 164 1353; x_wconf 78' lang='lat' dir='ltr'>ad</span> <span class='ocrx_word' id='word_1_133' title='bbox 184 1312 282 1352; x_wconf 87' lang='lat' dir='ltr'>amorem</span> <span class='ocrx_word' id='word_1_134' title='bbox 301 1304 325 1352; x_wconf 94' lang='lat' dir='ltr'>et</span> <span class='ocrx_word' id='word_1_135' title='bbox 345 1300 551 1366; x_wconf 85' lang='lat' dir='ltr'>concupiscentiam</span> <span class='ocrx_word' id='word_1_136' title='bbox 568 1298 794 1363; x_wconf 62' lang='lat' dir='ltr'>peculiaremque</span> <span class='ocrx_word' id='word_1_137' title='bbox 815 1306 872 1353; x_wconf 89' lang='lat' dir='ltr'>eunt</span> <span class='ocrx_word' id='word_1_138' title='bbox 885 1316 928 1369; x_wconf 89' lang='lat' dir='ltr'>pas·</span> 
     </span>
     <span class='ocr_line' id='line_1_18' title="bbox 135 1370 929 1439; baseline -0.001 -14"><span class='ocrx_word' id='word_1_139' title='bbox 135 1374 213 1425; x_wconf 84' lang='lat' dir='ltr'>riones</span> <span class='ocrx_word' id='word_1_140' title='bbox 222 1372 420 1439; x_wconf 89' lang='lat' dir='ltr'>concupiscibilis,</span> <span class='ocrx_word' id='word_1_141' title='bbox 431 1374 513 1437; x_wconf 81' lang='lat' dir='ltr'>quilius</span> <span class='ocrx_word' id='word_1_142' title='bbox 527 1385 573 1422; x_wconf 94' lang='lat' dir='ltr'>non</span> <span class='ocrx_word' id='word_1_143' title='bbox 587 1370 709 1436; x_wconf 91' lang='lat' dir='ltr'>impeditur</span> <span class='ocrx_word' id='word_1_144' title='bbox 721 1371 825 1425; x_wconf 90' lang='lat' dir='ltr'>liberalis</span> <span class='ocrx_word' id='word_1_145' title='bbox 838 1376 852 1426; x_wconf 83' lang='lat' dir='ltr'>b</span> <span class='ocrx_word' id='word_1_146' title='bbox 866 1376 929 1426; x_wconf 90' lang='lat' dir='ltr'>datio</span> 
     </span>
     <span class='ocr_line' id='line_1_19' title="bbox 136 1442 928 1511; baseline -0.001 -17"><span class='ocrx_word' id='word_1_147' title='bbox 136 1444 203 1494; x_wconf 88' lang='lat' dir='ltr'>nibus</span> <span class='ocrx_word' id='word_1_148' title='bbox 219 1448 244 1495; x_wconf 90' lang='lat' dir='ltr'>et</span> <span class='ocrx_word' id='word_1_149' title='bbox 254 1446 384 1511; x_wconf 90' lang='lat' dir='ltr'>sumptibus</span> <span class='ocrx_word' id='word_1_150' title='bbox 402 1443 513 1495; x_wconf 89' lang='lat' dir='ltr'>iaciendis</span> <span class='ocrx_word' id='word_1_151' title='bbox 526 1444 603 1495; x_wconf 88' lang='lat' dir='ltr'>:unde</span> <span class='ocrx_word' id='word_1_152' title='bbox 614 1442 684 1493; x_wconf 88' lang='lat' dir='ltr'>estin</span> <span class='ocrx_word' id='word_1_153' title='bbox 697 1444 885 1508; x_wconf 84' lang='lat' dir='ltr'>concupiscibili.</span> <span class='ocrx_word' id='word_1_154' title='bbox 896 1446 928 1499; x_wconf 76' lang='lat' dir='ltr'>Sed</span> 
     </span>
     <span class='ocr_line' id='line_1_20' title="bbox 135 1516 928 1585; baseline 0.003 -18"><span class='ocrx_word' id='word_1_155' title='bbox 135 1517 302 1579; x_wconf 73' lang='lat' dir='ltr'>magnificentia</span> <span class='ocrx_word' id='word_1_156' title='bbox 321 1519 416 1582; x_wconf 86' lang='lat' dir='ltr'>respicit</span> <span class='ocrx_word' id='word_1_157' title='bbox 429 1522 533 1583; x_wconf 90' lang='lat' dir='ltr'>sumptus</span> <span class='ocrx_word' id='word_1_158' title='bbox 545 1530 586 1583; x_wconf 91' lang='lat' dir='ltr'>per</span> <span class='ocrx_word' id='word_1_159' title='bbox 600 1516 794 1580; x_wconf 85' lang='lat' dir='ltr'>comparationem</span> <span class='ocrx_word' id='word_1_160' title='bbox 815 1520 845 1569; x_wconf 90' lang='lat' dir='ltr'>ad</span> <span class='ocrx_word' id='word_1_161' title='bbox 857 1532 928 1585; x_wconf 87' lang='lat' dir='ltr'>spen,</span> 
     </span>
     <span class='ocr_line' id='line_1_21' title="bbox 136 1587 931 1657; baseline 0.003 -20"><span class='ocrx_word' id='word_1_162' title='bbox 136 1588 267 1652; x_wconf 78' lang='lat' dir='ltr'>attingendo</span> <span class='ocrx_word' id='word_1_163' title='bbox 277 1592 306 1641; x_wconf 90' lang='lat' dir='ltr'>ad</span> <span class='ocrx_word' id='word_1_164' title='bbox 319 1591 404 1653; x_wconf 86' lang='lat' dir='ltr'>aliquid</span> <span class='ocrx_word' id='word_1_165' title='bbox 417 1592 524 1654; x_wconf 91' lang='lat' dir='ltr'>ardnnm;</span> <span class='ocrx_word' id='word_1_166' title='bbox 534 1603 580 1641; x_wconf 90' lang='lat' dir='ltr'>nun</span> <span class='ocrx_word' id='word_1_167' title='bbox 593 1588 735 1653; x_wconf 84' lang='lat' dir='ltr'>simpliciter,</span> <span class='ocrx_word' id='word_1_168' title='bbox 745 1587 805 1640; x_wconf 89' lang='lat' dir='ltr'>sient</span> <span class='ocrx_word' id='word_1_169' title='bbox 819 1590 931 1657; x_wconf 80' lang='lat' dir='ltr'>magnani-</span> 
     </span>
     <span class='ocr_line' id='line_1_22' title="bbox 135 1659 929 1726; baseline 0.003 -17"><span class='ocrx_word' id='word_1_170' title='bbox 135 1659 219 1721; x_wconf 84' lang='lat' dir='ltr'>mitas,</span> <span class='ocrx_word' id='word_1_171' title='bbox 230 1661 304 1712; x_wconf 90' lang='lat' dir='ltr'>sedin</span> <span class='ocrx_word' id='word_1_172' title='bbox 314 1662 462 1713; x_wconf 88' lang='lat' dir='ltr'>determinata</span> <span class='ocrx_word' id='word_1_173' title='bbox 470 1660 575 1723; x_wconf 88' lang='lat' dir='ltr'>materia,</span> <span class='ocrx_word' id='word_1_174' title='bbox 586 1659 673 1711; x_wconf 87' lang='lat' dir='ltr'>scilicet</span> <span class='ocrx_word' id='word_1_175' title='bbox 683 1659 709 1710; x_wconf 89' lang='lat' dir='ltr'>in</span> <span class='ocrx_word' id='word_1_176' title='bbox 720 1661 861 1726; x_wconf 87' lang='lat' dir='ltr'>sumptibus.</span> <span class='ocrx_word' id='word_1_177' title='bbox 875 1663 929 1715; x_wconf 85' lang='lat' dir='ltr'>Unde</span> 
     </span>
     <span class='ocr_line' id='line_1_23' title="bbox 135 1730 930 1796; baseline 0.003 -15"><span class='ocrx_word' id='word_1_178' title='bbox 135 1730 304 1794; x_wconf 78' lang='lat' dir='ltr'>magnificentia</span> <span class='ocrx_word' id='word_1_179' title='bbox 317 1732 406 1783; x_wconf 82' lang='lat' dir='ltr'>uidetur</span> <span class='ocrx_word' id='word_1_180' title='bbox 418 1732 499 1796; x_wconf 85' lang='lat' dir='ltr'>esseip</span> <span class='ocrx_word' id='word_1_181' title='bbox 509 1731 627 1794; x_wconf 87' lang='lat' dir='ltr'>irascibili,</span> <span class='ocrx_word' id='word_1_182' title='bbox 643 1730 702 1782; x_wconf 90' lang='lat' dir='ltr'>sicut</span> <span class='ocrx_word' id='word_1_183' title='bbox 711 1734 736 1783; x_wconf 90' lang='lat' dir='ltr'>et</span> <span class='ocrx_word' id='word_1_184' title='bbox 749 1734 930 1795; x_wconf 79' lang='lat' dir='ltr'>magnanimitas.</span> 
     </span>
    </p>

    <p class='ocr_par' dir='ltr' id='par_1_4' title="bbox 169 1802 930 1869">
     <span class='ocr_line' id='line_1_24' title="bbox 169 1802 930 1869; baseline 0.004 -17"><span class='ocrx_word' id='word_1_185' title='bbox 169 1804 202 1853; x_wconf 84' lang='lat' dir='ltr'>hd</span> <span class='ocrx_word' id='word_1_186' title='bbox 213 1806 337 1855; x_wconf 89' lang='lat' dir='ltr'>secundnm</span> <span class='ocrx_word' id='word_1_187' title='bbox 351 1804 480 1867; x_wconf 89' lang='lat' dir='ltr'>dicendum,</span> <span class='ocrx_word' id='word_1_188' title='bbox 493 1803 553 1869; x_wconf 75' lang='lat' dir='ltr'>qnod</span> <span class='ocrx_word' id='word_1_189' title='bbox 565 1802 747 1867; x_wconf 76' lang='lat' dir='ltr'>magnificentia,</span> <span class='ocrx_word' id='word_1_190' title='bbox 760 1803 806 1853; x_wconf 88' lang='lat' dir='ltr'>etsi</span> <span class='ocrx_word' id='word_1_191' title='bbox 821 1818 869 1857; x_wconf 90' lang='lat' dir='ltr'>nnn</span> <span class='ocrx_word' id='word_1_192' title='bbox 884 1820 930 1857; x_wconf 93' lang='lat' dir='ltr'>con·</span> 
     </span>
    </p>
   </div>
   <div class='ocr_carea' id='block_1_3' title="bbox 137 1875 950 1940">
    <p class='ocr_par' dir='ltr' id='par_1_5' title="bbox 137 1875 950 1940">
     <span class='ocr_line' id='line_1_25' title="bbox 137 1875 950 1940; baseline 0.001 -16"><span class='ocrx_word' id='word_1_193' title='bbox 137 1875 214 1926; x_wconf 81' lang='lat' dir='ltr'>veniat</span> <span class='ocrx_word' id='word_1_194' title='bbox 224 1890 276 1926; x_wconf 90' lang='lat' dir='ltr'>curn</span> <span class='ocrx_word' id='word_1_195' title='bbox 292 1876 423 1928; x_wconf 83' lang='lat' dir='ltr'>fortitudine</span> <span class='ocrx_word' id='word_1_196' title='bbox 437 1878 462 1929; x_wconf 89' lang='lat' dir='ltr'>in</span> <span class='ocrx_word' id='word_1_197' title='bbox 473 1876 586 1940; x_wconf 90' lang='lat' dir='ltr'>materia,</span> <span class='ocrx_word' id='word_1_198' title='bbox 603 1875 708 1927; x_wconf 89' lang='lat' dir='ltr'>convenit</span> <span class='ocrx_word' id='word_1_199' title='bbox 724 1879 866 1929; x_wconf 88' lang='lat' dir='ltr'>tamencum</span> <span class='ocrx_word' id='word_1_200' title='bbox 881 1878 931 1928; x_wconf 85' lang='lat' dir='ltr'>eain</span> <span class='ocrx_word' id='word_1_201' title='bbox 949 1888 950 1897; x_wconf 55' lang='lat'>¹</span> 
     </span>
    </p>
   </div>
   <div class='ocr_carea' id='block_1_4' title="bbox 137 1946 934 2653">
    <p class='ocr_par' dir='ltr' id='par_1_6' title="bbox 137 1946 932 2143">
     <span class='ocr_line' id='line_1_26' title="bbox 137 1946 931 2013; baseline 0.003 -16"><span class='ocrx_word' id='word_1_202' title='bbox 137 1946 268 1998; x_wconf 90' lang='lat' dir='ltr'>conditione</span> <span class='ocrx_word' id='word_1_203' title='bbox 283 1948 398 2012; x_wconf 81' lang='lat' dir='ltr'>materie3</span> <span class='ocrx_word' id='word_1_204' title='bbox 413 1947 560 2013; x_wconf 86' lang='lat' dir='ltr'>inquantum</span> <span class='ocrx_word' id='word_1_205' title='bbox 574 1947 660 1998; x_wconf 92' lang='lat' dir='ltr'>scilicet</span> <span class='ocrx_word' id='word_1_206' title='bbox 672 1947 745 1998; x_wconf 90' lang='lat' dir='ltr'>tendit</span> <span class='ocrx_word' id='word_1_207' title='bbox 756 1946 782 1998; x_wconf 90' lang='lat' dir='ltr'>in</span> <span class='ocrx_word' id='word_1_208' title='bbox 800 1948 890 2013; x_wconf 85' lang='lat' dir='ltr'>aliquid</span> <span class='ocrx_word' id='word_1_209' title='bbox 901 1964 931 1999; x_wconf 92' lang='lat' dir='ltr'>ar-</span> 
     </span>
     <span class='ocr_line' id='line_1_27' title="bbox 138 2014 932 2085; baseline -0.005 -15"><span class='ocrx_word' id='word_1_210' title='bbox 138 2019 208 2070; x_wconf 89' lang='lat' dir='ltr'>duum</span> <span class='ocrx_word' id='word_1_211' title='bbox 222 2019 279 2069; x_wconf 89' lang='lat' dir='ltr'>circa</span> <span class='ocrx_word' id='word_1_212' title='bbox 292 2024 405 2085; x_wconf 91' lang='lat' dir='ltr'>sumptus,</span> <span class='ocrx_word' id='word_1_213' title='bbox 418 2021 476 2071; x_wconf 88' lang='lat' dir='ltr'>sient</span> <span class='ocrx_word' id='word_1_214' title='bbox 486 2024 510 2071; x_wconf 91' lang='lat' dir='ltr'>et</span> <span class='ocrx_word' id='word_1_215' title='bbox 520 2018 628 2071; x_wconf 84' lang='lat' dir='ltr'>tortitudo</span> <span class='ocrx_word' id='word_1_216' title='bbox 639 2019 664 2069; x_wconf 91' lang='lat' dir='ltr'>in</span> <span class='ocrx_word' id='word_1_217' title='bbox 673 2014 761 2083; x_wconf 82' lang='lat' dir='ltr'>¹aliquid</span> <span class='ocrx_word' id='word_1_218' title='bbox 771 2019 872 2071; x_wconf 87' lang='lat' dir='ltr'>arduum</span> <span class='ocrx_word' id='word_1_219' title='bbox 881 2021 932 2072; x_wconf 83' lang='lat' dir='ltr'>circa</span> 
     </span>
     <span class='ocr_line' id='line_1_28' title="bbox 138 2090 238 2143; baseline 0.01 -1"><span class='ocrx_word' id='word_1_220' title='bbox 138 2090 238 2143; x_wconf 87' lang='lat' dir='ltr'>timores.</span> 
     </span>
    </p>

    <p class='ocr_par' dir='ltr' id='par_1_7' title="bbox 138 2162 934 2653">
     <span class='ocr_line' id='line_1_29' title="bbox 170 2162 933 2227; baseline -0.005 -12"><span class='ocrx_word' id='word_1_221' title='bbox 170 2163 204 2215; x_wconf 88' lang='lat' dir='ltr'>lld</span> <span class='ocrx_word' id='word_1_222' title='bbox 215 2162 307 2213; x_wconf 88' lang='lat' dir='ltr'>tertium</span> <span class='ocrx_word' id='word_1_223' title='bbox 319 2162 453 2226; x_wconf 89' lang='lat' dir='ltr'>dicendum,</span> <span class='ocrx_word' id='word_1_224' title='bbox 464 2163 524 2227; x_wconf 81' lang='lat' dir='ltr'>qnod</span> <span class='ocrx_word' id='word_1_225' title='bbox 534 2162 700 2226; x_wconf 81' lang='lat' dir='ltr'>magnificentia</span> <span class='ocrx_word' id='word_1_226' title='bbox 712 2162 802 2214; x_wconf 90' lang='lat' dir='ltr'>ordinat</span> <span class='ocrx_word' id='word_1_227' title='bbox 810 2178 878 2215; x_wconf 89' lang='lat' dir='ltr'>usum</span> <span class='ocrx_word' id='word_1_228' title='bbox 887 2162 933 2214; x_wconf 90' lang='lat' dir='ltr'>artis</span> 
     </span>
     <span class='ocr_line' id='line_1_30' title="bbox 139 2233 931 2303; baseline -0.005 -18"><span class='ocrx_word' id='word_1_229' title='bbox 139 2236 167 2286; x_wconf 93' lang='lat' dir='ltr'>ad</span> <span class='ocrx_word' id='word_1_230' title='bbox 181 2234 266 2299; x_wconf 80' lang='lat' dir='ltr'>aliquid</span> <span class='ocrx_word' id='word_1_231' title='bbox 280 2246 386 2299; x_wconf 83' lang='lat' dir='ltr'>magnum</span> <span class='ocrx_word' id='word_1_232' title='bbox 392 2272 401 2299; x_wconf 90' lang='lat'>,</span> <span class='ocrx_word' id='word_1_233' title='bbox 413 2239 439 2286; x_wconf 89' lang='lat' dir='ltr'>nt</span> <span class='ocrx_word' id='word_1_234' title='bbox 450 2234 535 2285; x_wconf 87' lang='lat' dir='ltr'>dietum</span> <span class='ocrx_word' id='word_1_235' title='bbox 550 2238 593 2303; x_wconf 83' lang='lat' dir='ltr'>est.</span> <span class='ocrx_word' id='word_1_236' title='bbox 606 2235 648 2285; x_wconf 83' lang='lat' dir='ltr'>hrs</span> <span class='ocrx_word' id='word_1_237' title='bbox 658 2238 733 2285; x_wconf 90' lang='lat' dir='ltr'>antem</span> <span class='ocrx_word' id='word_1_238' title='bbox 746 2236 782 2284; x_wconf 91' lang='lat' dir='ltr'>est</span> <span class='ocrx_word' id='word_1_239' title='bbox 796 2233 931 2287; x_wconf 87' lang='lat' dir='ltr'>iuratione:</span> 
     </span>
     <span class='ocr_line' id='line_1_31' title="bbox 139 2304 933 2369; baseline -0.003 -10"><span class='ocrx_word' id='word_1_240' title='bbox 139 2310 163 2359; x_wconf 88' lang='lat' dir='ltr'>et</span> <span class='ocrx_word' id='word_1_241' title='bbox 176 2307 228 2357; x_wconf 89' lang='lat' dir='ltr'>iden</span> <span class='ocrx_word' id='word_1_242' title='bbox 242 2308 270 2357; x_wconf 95' lang='lat' dir='ltr'>ad</span> <span class='ocrx_word' id='word_1_243' title='bbox 284 2304 428 2369; x_wconf 76' lang='lat' dir='ltr'>magnificum</span> <span class='ocrx_word' id='word_1_244' title='bbox 442 2306 541 2369; x_wconf 88' lang='lat' dir='ltr'>pertinet</span> <span class='ocrx_word' id='word_1_245' title='bbox 556 2306 615 2357; x_wconf 91' lang='lat' dir='ltr'>bene</span> <span class='ocrx_word' id='word_1_246' title='bbox 626 2305 660 2357; x_wconf 91' lang='lat' dir='ltr'>nti</span> <span class='ocrx_word' id='word_1_247' title='bbox 669 2306 756 2357; x_wconf 89' lang='lat' dir='ltr'>ratione</span> <span class='ocrx_word' id='word_1_248' title='bbox 765 2304 810 2369; x_wconf 74' lang='lat' dir='ltr'>(ll,</span> <span class='ocrx_word' id='word_1_249' title='bbox 825 2306 852 2357; x_wconf 91' lang='lat' dir='ltr'>in</span> <span class='ocrx_word' id='word_1_250' title='bbox 863 2310 933 2359; x_wconf 88' lang='lat' dir='ltr'>atten-</span> 
     </span>
     <span class='ocr_line' id='line_1_32' title="bbox 139 2377 934 2444; baseline -0.005 -16"><span class='ocrx_word' id='word_1_251' title='bbox 139 2379 213 2431; x_wconf 93' lang='lat' dir='ltr'>dendo</span> <span class='ocrx_word' id='word_1_252' title='bbox 222 2377 389 2444; x_wconf 86' lang='lat' dir='ltr'>proportionem</span> <span class='ocrx_word' id='word_1_253' title='bbox 405 2377 510 2441; x_wconf 82' lang='lat' dir='ltr'>sumptus</span> <span class='ocrx_word' id='word_1_254' title='bbox 519 2378 547 2427; x_wconf 90' lang='lat' dir='ltr'>ad</span> <span class='ocrx_word' id='word_1_255' title='bbox 562 2392 620 2442; x_wconf 88' lang='lat' dir='ltr'>opus</span> <span class='ocrx_word' id='word_1_256' title='bbox 632 2379 693 2443; x_wconf 90' lang='lat' dir='ltr'>quud</span> <span class='ocrx_word' id='word_1_257' title='bbox 707 2377 841 2428; x_wconf 86' lang='lat' dir='ltr'>iaciendum</span> <span class='ocrx_word' id='word_1_258' title='bbox 855 2382 898 2431; x_wconf 91' lang='lat' dir='ltr'>est.</span> <span class='ocrx_word' id='word_1_259' title='bbox 912 2378 934 2427; x_wconf 84' lang='lat' dir='ltr'>Et</span> 
     </span>
     <span class='ocr_line' id='line_1_33' title="bbox 138 2448 933 2515; baseline -0.001 -15"><span class='ocrx_word' id='word_1_260' title='bbox 138 2452 183 2500; x_wconf 89' lang='lat' dir='ltr'>boc</span> <span class='ocrx_word' id='word_1_261' title='bbox 191 2448 304 2514; x_wconf 75' lang='lat' dir='ltr'>precipue</span> <span class='ocrx_word' id='word_1_262' title='bbox 315 2450 467 2499; x_wconf 87' lang='lat' dir='ltr'>necessarium</span> <span class='ocrx_word' id='word_1_263' title='bbox 475 2453 512 2501; x_wconf 92' lang='lat' dir='ltr'>est</span> <span class='ocrx_word' id='word_1_264' title='bbox 520 2454 611 2515; x_wconf 89' lang='lat' dir='ltr'>propter</span> <span class='ocrx_word' id='word_1_265' title='bbox 621 2448 800 2515; x_wconf 83' lang='lat' dir='ltr'>magnitudinem</span> <span class='ocrx_word' id='word_1_266' title='bbox 810 2450 933 2515; x_wconf 75' lang='lat' dir='ltr'>utriusque</span> 
     </span>
     <span class='ocr_line' id='line_1_34' title="bbox 139 2520 934 2586; baseline -0.003 -17"><span class='ocrx_word' id='word_1_267' title='bbox 139 2520 191 2585; x_wconf 87' lang='lat' dir='ltr'>quia</span> <span class='ocrx_word' id='word_1_268' title='bbox 200 2522 246 2572; x_wconf 84' lang='lat' dir='ltr'>nisi</span> <span class='ocrx_word' id='word_1_269' title='bbox 253 2521 351 2585; x_wconf 80' lang='lat' dir='ltr'>diligens</span> <span class='ocrx_word' id='word_1_270' title='bbox 358 2520 509 2572; x_wconf 91' lang='lat' dir='ltr'>consideratio</span> <span class='ocrx_word' id='word_1_271' title='bbox 518 2522 669 2585; x_wconf 88' lang='lat' dir='ltr'>adhiberetur,</span> <span class='ocrx_word' id='word_1_272' title='bbox 678 2520 807 2572; x_wconf 88' lang='lat' dir='ltr'>immineret</span> <span class='ocrx_word' id='word_1_273' title='bbox 814 2521 934 2586; x_wconf 89' lang='lat' dir='ltr'>pericnlum</span> 
     </span>
     <span class='ocr_line' id='line_1_35' title="bbox 140 2593 320 2653; baseline 0.006 -11"><span class='ocrx_word' id='word_1_274' title='bbox 140 2593 217 2653; x_wconf 76' lang='lat' dir='ltr'>magni</span> <span class='ocrx_word' id='word_1_275' title='bbox 234 2593 320 2643; x_wconf 90' lang='lat' dir='ltr'>damni.</span> 
     </span>
    </p>
   </div>
   <div class='ocr_carea' id='block_1_5' title="bbox 144 2752 936 2946">
    <p class='ocr_par' dir='ltr' id='par_1_8' title="bbox 144 2752 936 2946">
     <span class='ocr_line' id='line_1_36' title="bbox 178 2752 936 2813; baseline 0.004 -12"><span class='ocrx_word' id='word_1_276' title='bbox 178 2752 209 2813; x_wconf 78' lang='lat'>(1)</span> <span class='ocrx_word' id='word_1_277' title='bbox 224 2760 320 2813; x_wconf 86' lang='lat' dir='ltr'>Propter</span> <span class='ocrx_word' id='word_1_278' title='bbox 333 2760 393 2806; x_wconf 90' lang='lat' dir='ltr'>hanc</span> <span class='ocrx_word' id='word_1_279' title='bbox 404 2760 466 2805; x_wconf 89' lang='lat' dir='ltr'>enim</span> <span class='ocrx_word' id='word_1_280' title='bbox 479 2770 573 2805; x_wconf 88' lang='lat' dir='ltr'>oausam</span> <span class='ocrx_word' id='word_1_281' title='bbox 587 2772 640 2806; x_wconf 90' lang='lat' dir='ltr'>enm</span> <span class='ocrx_word' id='word_1_282' title='bbox 653 2760 735 2807; x_wconf 84' lang='lat' dir='ltr'>ucieuti</span> <span class='ocrx_word' id='word_1_283' title='bbox 749 2760 872 2809; x_wconf 87' lang='lat' dir='ltr'>assimilari</span> <span class='ocrx_word' id='word_1_284' title='bbox 886 2760 936 2807; x_wconf 88' lang='lat' dir='ltr'>dicit</span> 
     </span>
     <span class='ocr_line' id='line_1_37' title="bbox 144 2818 936 2882; baseline 0.005 -19"><span class='ocrx_word' id='word_1_285' title='bbox 144 2819 312 2876; x_wconf 84' lang='lat' dir='ltr'>Philosophus,</span> <span class='ocrx_word' id='word_1_286' title='bbox 324 2827 351 2866; x_wconf 90' lang='lat' dir='ltr'>ut</span> <span class='ocrx_word' id='word_1_287' title='bbox 363 2836 392 2869; x_wconf 85' lang='lat' dir='ltr'>ex</span> <span class='ocrx_word' id='word_1_288' title='bbox 402 2823 518 2879; x_wconf 75' lang='lat' dir='ltr'>adjunctis</span> <span class='ocrx_word' id='word_1_289' title='bbox 530 2818 564 2869; x_wconf 85' lang='lat' dir='ltr'>ibt</span> <span class='ocrx_word' id='word_1_290' title='bbox 577 2828 655 2879; x_wconf 61' lang='lat' dir='ltr'>poten</span> <span class='ocrx_word' id='word_1_291' title='bbox 671 2824 761 2882; x_wconf 69' lang='lat' dir='ltr'>qnippe</span> <span class='ocrx_word' id='word_1_292' title='bbox 777 2825 821 2881; x_wconf 75' lang='lat' dir='ltr'>pei</span> <span class='ocrx_word' id='word_1_293' title='bbox 831 2828 854 2871; x_wconf 80' lang='lat' dir='ltr'>rt</span> <span class='ocrx_word' id='word_1_294' title='bbox 863 2824 936 2869; x_wconf 73' lang='lat' dir='ltr'>rossi·</span> 
     </span>
     <span class='ocr_line' id='line_1_38' title="bbox 146 2880 936 2946; baseline 0.01 -21"><span class='ocrx_word' id='word_1_295' title='bbox 146 2880 233 2927; x_wconf 71' lang='lat' dir='ltr'>deren</span> <span class='ocrx_word' id='word_1_296' title='bbox 248 2882 309 2941; x_wconf 74' lang='lat' dir='ltr'>perid</span> <span class='ocrx_word' id='word_1_297' title='bbox 328 2884 442 2943; x_wconf 69' lang='lat' dir='ltr'>expediet</span> <span class='ocrx_word' id='word_1_298' title='bbox 460 2884 499 2930; x_wconf 81' lang='lat' dir='ltr'>ool</span> <span class='ocrx_word' id='word_1_299' title='bbox 516 2884 611 2937; x_wconf 66' lang='lat' dir='ltr'>dcem,</span> <span class='ocrx_word' id='word_1_300' title='bbox 629 2888 651 2932; x_wconf 87' lang='lat' dir='ltr'>et</span> <span class='ocrx_word' id='word_1_301' title='bbox 665 2890 825 2946; x_wconf 64' lang='lat' dir='ltr'>conaremur</span> <span class='ocrx_word' id='word_1_302' title='bbox 844 2890 883 2935; x_wconf 78' lang='lat' dir='ltr'>rei</span> <span class='ocrx_word' id='word_1_303' title='bbox 901 2884 936 2933; x_wconf 83' lang='lat' dir='ltr'>uel</span> 
     </span>
    </p>
   </div>
   <div class='ocr_carea' id='block_1_6' title="bbox 0 0 982 3284">
    <p class='ocr_par' dir='ltr' id='par_1_9' title="bbox 0 0 982 3284">
     <span class='ocr_line' id='line_1_39' title="bbox 0 0 982 3284; baseline 0 0"><span class='ocrx_word' id='word_1_304' title='bbox 0 0 982 3284; x_wconf 95' lang='lat' dir='ltr'> </span> 
     </span>
    </p>
   </div>
  </div>
 </body>
</html>
