1934 3284
171 156 204 197 ns
218 151 291 199 mnus
306 154 364 203 out
378 102 553 206 mmmmm
567 136 752 197 naamam·
813 144 862 199 att

58 232 210 286 nihilominus
229 236 309 283 tumen
326 232 502 298 intemperantia
522 232 605 295 diuitpr
624 233 722 299 puerile
742 234 862 299 pmsntnm

58 306 150 356 ratiom
165 307 214 369 jam
226 304 295 355 diotd.

89 379 126 428 hd
141 377 232 428 tertiam
246 378 380 439 dicentum,
392 376 454 441 pnhd
467 376 489 426 id
503 378 564 439 quod
585 378 612 428 ad
625 381 730 429 naturum
748 378 862 443 pertinet,

57 449 83 500 in
98 449 180 514 pneris
196 452 233 508 est
245 450 436 512 augmentandum
451 451 474 499 et
492 448 623 499 fouendum.
636 450 700 509 Quod
716 452 792 501 numm
807 464 864 515 per·

57 523 120 573 tinet
131 522 160 571 ad
170 520 285 571 desertum
294 518 388 571 rationis
398 520 422 570 in
431 519 481 581 eis,
492 532 540 571 non
547 521 583 571 est
591 520 727 585 tonandum,
737 522 777 573 sed
787 534 865 573 emen-

58 594 172 657 dandum,
185 595 213 643 nt
224 592 311 643 dietum
321 595 367 643 est.

349 770 513 823 anniculus
528 772 569 822 lli.

91 897 183 945 ΗΜ
197 897 314 946 ίὺπίᾰίἱω
324 896 360 941 uit
371 898 453 953 motus
467 897 555 943 vitiator
564 896 636 954 purim
645 897 839 954 intemperantia.

91 1025 227 1078 rtdtertinm
234 1023 268 1076 sio
275 1024 404 1090 pmnairur
413 1010 562 1086 (illidetur
568 1022 627 1089 quod
636 1024 746 1077 timiditas
755 1024 785 1075 sit
793 1026 867 1090 majas

54 1098 142 1150 vitium
157 1095 227 1160 quim
236 1094 419 1159 intemperantia.
431 1096 465 1144 lix
476 1096 521 1144 hoo
531 1094 593 1145 enim
604 1094 695 1158 aliquod
709 1094 789 1145 uitium
803 1095 863 1145 vitn-

58 1172 168 1235 peratnr,
181 1167 241 1231 qudd
258 1167 383 1232 opponitur
401 1167 460 1217 hono
477 1165 576 1217 uirtutis.
596 1166 641 1221 Sed
662 1165 772 1219 timiditas
788 1180 867 1232 appo-

58 1242 127 1293 nitur
143 1240 287 1302 fortitudini,
301 1252 351 1303 qun
369 1241 405 1289 est
421 1236 517 1288 notitior
534 1237 606 1289 uirtus
618 1236 685 1301 qutun
702 1238 866 1301 temperantia,

59 1312 103 1364 eni
113 1310 237 1377 opponitur
248 1310 436 1375 intemperantia,
447 1313 474 1359 nt
481 1308 589 1373 eusnprl
597 1308 663 1359 dietis
672 1313 736 1373 patet
745 1310 800 1375 (qu.
810 1314 866 1373 til,

58 1389 108 1437 art.
133 1382 182 1443 8).
204 1384 264 1447 Ergo
282 1382 392 1433 timiditas
413 1383 450 1433 est
470 1380 545 1445 majus
567 1380 647 1431 uitium
666 1381 737 1447 ,quam
757 1381 867 1447 intenpe

59 1456 148 1508 rnntia.

92 1533 120 1579 a.
136 1528 268 1590 Praeterea,
285 1526 370 1589 quanto
390 1525 475 1590 aliquis
492 1526 569 1579 definit
587 1526 611 1589 ip
629 1539 657 1578 eo
676 1528 734 1591 quod
754 1526 869 1581 difficiliter

57 1600 175 1662 duamur,
187 1599 251 1649 nott
269 1597 344 1650 minin
356 1597 499 1662 vituperatur
513 1614 518 1647 :
534 1600 594 1651 unde
610 1598 763 1663 Philosophus
777 1598 869 1651 dioitin

57 1674 113 1723 Vll.
130 1672 226 1725 littae..
241 1670 302 1733 qnod
323 1670 373 1721 «si
390 1670 442 1733 quis
455 1670 469 1719 h
482 1670 577 1721 lortihus
590 1674 614 1721 et
633 1672 867 1735 superexcellentibus

59 1740 258 1796 delectationibus
269 1741 368 1792 meritur
377 1778 384 1802 ‚
392 1741 429 1794 uel
442 1741 557 1801 tristitiis,
566 1752 611 1792 non
623 1746 660 1801 est
670 1743 800 1795 admirabile
810 1780 816 1803 ,
827 1744 868 1795 sed

59 1812 622 1867 eondonahile.aseddiltieiliusvideturuinrere
632 1814 869 1879 delectationesqutm

63 1888 126 1939 alias
135 1885 256 1951 passiones
266 1885 341 1935 :unde
350 1883 376 1933 in
385 1884 414 1934 tl.
425 1883 518 1941 arto„
528 1884 608 1937 dieitur
617 1879 677 1947 quod
688 1902 703 1933 u
711 1884 825 1935 diffieilius
836 1890 870 1937 nst

61 1963 147 2011 oontra
160 1959 299 2021 uoluptatem
312 1968 413 2019 pugnare
426 1954 493 2017 quim
508 1958 586 2005 eontra
601 1954 672 2019 iram3
684 1972 698 2005 n
710 1970 762 2019 qun
780 1956 869 2015 uidetrnr

61 2043 121 2082 esse
134 2028 216 2080 tortior
229 2026 297 2091 quim
314 2026 389 2076 timor.
408 2026 466 2089 Ergo
482 2024 661 2089 intemperantia
679 2040 731 2091 quae
745 2026 870 2079 uinciturt

63 2099 240 2163 delectatione,
251 2097 328 2148 minus
340 2096 583 2161 peemhmestqutn
593 2096 700 2149 timiditas
711 2096 869 2161 unanimiter

62 2172 185 2224 iutimare.

81 2279 83 2286 .
102 2248 127 2293 a.
141 2244 272 2304 praterea,
285 2240 315 2291 de
330 2240 417 2291 ratione
432 2238 518 2304 pennati
535 2242 571 2290 est
587 2238 648 2303 qnod
665 2239 696 2289 sit
708 2239 869 2293 nolunhrium

61 2318 112 2368 Sed
123 2313 235 2365 timiditas
245 2316 281 2364 est
291 2312 365 2375 magis
375 2312 502 2363 uoluntmia
512 2311 579 2376 quam
590 2310 770 2374 intemperantia.
785 2311 868 2365 Nullos

64 2387 132 2440 enim
150 2382 292 2448 rononpiseit
303 2384 467 2447 hrnmperatus
479 2396 530 2435 esse
545 2399 551 2435 τ
568 2382 638 2449 aliqui
656 2386 731 2433 nmen
746 2380 870 2445 conrupis-

66 2459 214 2521 onntl'upere
224 2454 494 2519 pennulamortis3qnod
504 2452 799 2520 pertinetadtimiditatem.
809 2452 869 2518 Ergo

65 2528 180 2581 timiditas
201 2530 238 2577 est
253 2528 370 2589 peooatnm
384 2525 477 2588 pravius
490 2525 557 2589 quim
570 2525 754 2589 intemperantia.

102 2600 150 2651 Sed
162 2600 242 2650 matra
251 2600 296 2656 est,
311 2597 372 2659 quod
389 2597 540 2661 Philosophus
549 2597 604 2648 dioit
615 2596 640 2649 in
649 2598 688 2647 lll.
704 2596 799 2660 natta,
811 2596 871 2661 quta

70 2667 274 2733 «intemperantia
282 2666 353 2731 mapis
362 2666 497 2718 assimilatur
507 2668 641 2731 uoluntario,
652 2668 720 2735 quim
728 2668 846 2719 timiditas.
855 2684 871 2717 n

68 2745 131 2809 iimo
145 2741 200 2806 plus
210 2738 279 2793 tmen
290 2738 318 2789 de
332 2737 418 2789 maone
433 2739 531 2803 pensati.

106 2886 141 2951 (d)
150 2888 191 2935 ‘Ite
199 2884 237 2933 his
247 2858 319 2933 itum
331 2879 424 2939 Btltin„
433 2884 538 2946 lisinat.
555 2884 579 2941 Ξ,
