1934 3284
138 168 183 218 ill
246 177 355 216 scconou
371 177 496 229 sueonos,
513 177 606 224 oussr.
623 176 688 227 curo,
705 179 764 216 sur.
782 179 825 216 ru
925 11 937 207 k

138 257 205 306 dorus
217 253 270 303 dicit
284 253 338 310 tulii
355 253 449 316 supr'ul.
460 255 504 304 Seri
521 255 564 304 lroc
579 254 679 317 pertinet
692 255 721 304 ud
736 254 923 319 peccatumloru·
941 250 949 369 Ι

136 326 185 376 n're.
201 326 259 387 Ergo
279 329 370 390 raptus
384 330 419 376 est
433 326 520 389 species
530 326 634 375 luxurio.

170 397 329 461 (Conclusio
339 397 465 463 -Ruplus
481 401 517 447 cst
539 397 627 461 spcrics
647 395 743 446 luxurio
752 409 922 461 ‚nonnunquam

136 472 215 532 stupm
229 469 362 534 conjuncla3
377 471 511 532 quandoque
523 473 599 518 nutem
612 469 640 518 ab
653 481 682 518 oo
699 477 816 532 separata.
830 469 840 533 l

168 541 265 603 llospou
262 543 303 590 leo
317 541 454 599 dicendum,
469 539 528 602 quod
542 543 651 603 ruplus,
666 545 734 603 prout
750 553 813 589 nuuc
826 542 855 590 dc
865 553 890 590 co
902 540 928 588 lo

137 611 242 676 quimur,
257 616 293 662 est
310 612 398 674 specics
412 611 517 661 luxurio.
535 612 562 661 Et
580 613 715 675 quaudoque
729 613 824 675 quidem
837 614 863 660 iu
881 611 928 659 irlon

137 685 250 734 concurrit
259 697 310 733 curu
323 688 417 746 slupm3
431 685 566 746 quandoque
582 688 656 733 niumm
672 684 792 733 invenitur
802 689 881 748 raptus
890 683 928 731 sior

137 759 229 819 stupru;
244 757 378 818 quorudouue
393 755 446 804 uero
457 760 560 818 stuprum
574 755 624 806 sinc
638 759 712 819 raptu.
728 756 877 806 Concurrunt
888 753 929 817 qui·

138 827 189 878 dem
210 827 233 875 in
252 827 325 883 idom.
342 825 432 890 oriundo
450 825 534 889 uliquis
550 826 679 876 uiolentiam
698 825 769 876 infert
788 828 818 877 uri
836 827 931 890 virginum

136 898 216 951 illicitl
231 899 391 948 dcllnmnrlnm.
401 899 455 956 Qum
470 898 559 961 quilleno
574 899 683 948 uiolentia
692 899 836 963 quinarioque
849 901 932 949 interlui

137 977 184 1022 tam
199 972 244 1035 ipsi
254 971 337 1034 virgini
346 1011 353 1032 ,
362 970 429 1034 qrulrm
440 971 514 1033 patri3
524 971 659 1034 quandoque
673 975 750 1021 nutem
764 971 868 1022 inlcrtur
879 970 932 1036 putri,

140 1045 179 1094 soil
194 1057 238 1094 non
254 1043 345 1106 uirginu
358 1041 421 1106 pull,
433 1041 482 1092 cum
496 1043 545 1106 ipsu
556 1042 670 1092 consentit
680 1047 705 1092 ut
716 1057 757 1105 pcr
767 1043 903 1094 uiolentiam
913 1044 932 1089 lo

140 1115 206 1165 durno
224 1115 293 1178 patris
315 1115 463 1164 abstrahatur.
480 1113 559 1164 llillerl
577 1114 646 1164 otiam
665 1114 789 1163 uiolentia
813 1121 840 1166 cl
858 1118 934 1179 ruplur

140 1186 185 1235 olio
196 1188 270 1236 morlo.
283 1187 339 1244 Quin
349 1187 483 1250 qruunrloque
497 1185 570 1249 puella
586 1186 696 1237 uiolenlcr
708 1187 837 1238 abducitur
851 1187 864 1239 l
880 1190 932 1238 durno

140 1261 276 1322 parentum,
291 1263 315 1307 cl
334 1258 442 1307 violenter
463 1257 623 1321 corrumpitur.
638 1258 776 1323 Quandoque
796 1264 879 1311 nutem
899 1259 931 1308 etsi

140 1329 251 1379 uiolenter
265 1331 395 1392 abducatur,
412 1333 546 1380 nontamen
562 1330 670 1379 violenter
686 1332 853 1394 corrumpitur,
868 1333 903 1382 scil
915 1332 932 1378 lo

140 1402 256 1452 rolurrluto
279 1401 387 1462 virpinis3
410 1401 460 1451 sinc
481 1404 636 1463 corrumpatur
657 1401 779 1451 fornicario
804 1405 930 1461 concubitu,

142 1474 190 1523 sire
208 1473 376 1522 matrimoniali.
396 1473 591 1536 erulitercumque
606 1473 666 1522 cuim
676 1472 787 1537 uiolentia
806 1478 886 1537 adsit,
898 1475 932 1524 sul·

140 1550 206 1593 untur
220 1544 276 1592 rullo
291 1545 377 1609 ruptiis.
393 1544 511 1594 invenitur
523 1548 598 1592 aulem
612 1547 690 1607 raptus
703 1545 753 1594 sino
766 1550 852 1609 stupro
865 1564 871 1597 t
883 1546 931 1612 pull,

142 1615 162 1665 si
176 1615 258 1679 uliquis
272 1617 344 1680 ropint
361 1617 451 1666 riduram
472 1617 507 1664 vol
525 1616 623 1678 puellum
641 1621 779 1680 corruptum.
800 1620 870 1670 llurle
884 1623 931 1683 Spu

142 1689 236 1737 mochus
253 1688 312 1752 Papo
324 1687 378 1737 dicit
389 1701 395 1735 :
408 1705 422 1734 u
435 1689 545 1750 Raptores
555 1686 673 1736 uiduarum
691 1687 726 1736 vel
738 1687 860 1751 uirginum
870 1691 897 1741 oli
907 1690 934 1736 iu

143 1758 273 1808 munitatem
292 1759 349 1809 tanti
368 1759 475 1808 iocinoris
490 1761 637 1808 dolcstnmur.
655 1775 669 1805 n
687 1759 797 1821 Stuprum
818 1762 877 1813 vero
900 1762 932 1811 siu

142 1834 208 1894 raptu
222 1830 345 1892 iuvenitur,
356 1831 445 1893 quraudo
462 1830 545 1894 uliquis
559 1830 644 1893 absque
655 1829 770 1882 uiolentiae
781 1831 889 1884 illutiouc
901 1833 931 1880 rir-

143 1903 218 1967 giuom
231 1903 310 1955 illicito
322 1903 425 1954 dessorcl.

175 1975 376 2040 Adprimumurgo
385 1975 516 2035 dicendum,
525 1973 584 2037 quod
593 1974 644 2037 quia
653 1974 932 2042 ruptusplorumquuruu

144 2049 251 2112 stuproiu
260 2048 317 2098 idum
327 2047 449 2107 concur-rit,
461 2047 511 2096 idco
519 2048 653 2109 quaudoque
661 2060 730 2094 unum
739 2059 782 2108 pro
790 2048 841 2099 ulio
850 2051 933 2114 ponitur.

174 2119 209 2170 rld
219 2120 342 2169 secunlum
357 2117 487 2176 dicendum,
502 2116 563 2180 quod
574 2117 645 2166 illatio
655 2117 771 2167 violentiae
785 2119 881 2171 uidetur
896 2132 935 2184 pro·

143 2193 222 2244 cellere
244 2204 271 2240 er
292 2188 444 2252 mugnitnrlinc
462 2187 664 2252 concupiscentis,
678 2201 707 2238 ox
726 2203 771 2252 qna
791 2191 880 2256 aliquis
900 2203 933 2240 non

144 2265 225 2327 relngit
238 2263 337 2326 periculo
354 2275 377 2311 sc
394 2260 490 2324 injicere
505 2260 619 2310 violentis.
635 2259 769 2310 inloronuc.

175 2337 207 2386 rlrl
225 2336 316 2385 tortium
330 2333 464 2394 ullcc'ndum,
483 2331 544 2394 quod
558 2333 625 2382 alitor
642 2336 677 2382 osl
691 2331 811 2383 dicendum
832 2335 863 2386 dc
883 2339 935 2397 raptu

143 2407 267 2471 puellarum
279 2419 328 2468 oum
340 2409 393 2454 sunt
403 2403 454 2452 aliis
463 2403 604 2466 desponsatio
612 2420 619 2467 ;
627 2408 650 2453 ot
660 2403 725 2453 aliter
737 2404 765 2453 dc
776 2409 845 2468 raptu
859 2407 935 2456 illarum

144 2493 195 2542 qum
210 2490 253 2528 uon
266 2487 317 2527 sunu
328 2475 379 2526 ullis
392 2477 543 2538 desponsulae.
555 2476 601 2524 illu
616 2474 677 2524 onim
688 2489 739 2538 quae
757 2482 814 2526 suut
826 2479 881 2528 aliis
894 2480 935 2526 iles

144 2555 246 2616 ponsutae
256 2584 262 2606 ‚
271 2547 415 2598 restituendo
427 2551 479 2596 suut
490 2546 538 2597 suis
547 2547 650 2615 sponsis,
659 2547 699 2611 qul
709 2546 731 2596 'ur
744 2561 784 2597 eas
793 2561 822 2598 ox
833 2548 884 2614 ipso
893 2551 934 2599 des-

144 2625 276 2684 ponsatione
292 2622 330 2682 jus
341 2620 432 2668 hubent.
448 2617 494 2668 lllae
508 2625 583 2669 alutem
596 2632 645 2682 quo
657 2632 704 2669 uon
718 2625 772 2669 sunl
782 2620 834 2670 aliis
844 2623 934 2685 despon-

145 2695 213 2752 sam,
233 2691 304 2752 primo
326 2690 469 2740 restituendus
490 2695 544 2740 suut
565 2693 635 2754 patris
654 2692 780 2755 potestati,
798 2699 822 2743 ot
844 2697 899 2744 tuuc
913 2694 934 2739 or

144 2761 261 2810 uoluntate
276 2768 392 2825 parentum
409 2761 468 2812 lnitl
485 2768 582 2825 pcssunl
596 2775 635 2812 eas
648 2764 672 2811 in
686 2775 769 2812 uxores
786 2765 901 2828 accipere.
916 2762 934 2810 Si

145 2833 220 2877 tutem
237 2830 302 2880 alitor
321 2831 376 2888 list,
391 2831 470 2883 lliurt
490 2834 656 2883 matrimonium
670 2835 832 2885 contrahitur:
854 2841 935 2886 leuetur

146 2898 206 2948 cuiun
218 2899 258 2962 qui
265 2913 428 2966 quamcumque
441 2915 491 2955 rom
504 2902 579 2968 rupit,
593 2904 623 2955 ad
634 2906 686 2968 cius
701 2904 881 2959 mmunonm.
894 2905 935 2955 llcc
