1934 3284
255 231 469 275 benetentum
485 233 612 274 samithu!
629 235 666 274 88·
813 227 859 274 Μ

83 309 252 372 (concussio.
268 337 300 349 -
311 311 386 362 Pietas
404 311 471 376 longe
489 312 637 364 excellentior
649 316 687 365 eet
701 313 858 377 observantie,

51 381 102 432 cium
116 395 161 448 per
171 382 235 432 illam
247 382 351 448 personis
361 382 426 434 uobis
439 384 512 446 magis
519 384 648 448 conjunctis
656 385 741 436 cultum
751 387 776 436 et
786 386 860 437 hono·

51 467 99 505 rem
110 454 274 506 exhibeamus.
289 455 298 518 )

83 525 226 589 Respondeo
246 523 384 587 dicendum,
399 525 459 591 qubd
479 526 583 590 personis
598 526 621 577 io
638 526 749 592 dignitate
772 528 858 581 eonsti-

50 597 104 648 tntis
116 599 199 662 potest
213 597 300 662 ahquid
314 598 416 649 exhiberi
429 598 558 662 dupliciter.
573 599 623 651 Uno
642 601 724 662 modo,
737 601 762 651 iu
781 601 860 652 ordino

53 669 78 717 ud
94 669 186 719 bouum
201 681 338 731 commune,
353 669 408 732 poti
422 669 474 722 edm
488 668 570 734 aliquis
583 670 617 721 eie
630 671 699 722 servit
713 670 738 724 ιιι
749 671 859 723 adminie·
962 730 963 741 2

52 738 150 790 tratione
163 739 304 804 reipublice
319 744 342 791 et
352 741 396 792 boe
408 741 455 805 jam
470 755 516 792 non
527 741 626 805 pertinet
636 743 665 793 ad
679 744 855 807 observantiam,

53 813 90 862 sed
107 813 137 863 ad
157 811 281 874 pietatem,
296 825 347 876 que
365 813 450 863 cultum
468 813 561 864 exhibet
576 828 622 865 nou
639 813 712 865 oothm
730 815 803 878 patri,
818 817 859 867 sed

54 883 120 934 ctiam
135 883 228 948 patrie.
248 883 298 934 hiio
310 883 377 934 modo
391 883 513 935 exhibetur
527 885 612 949 aliquid
624 884 729 950 personis
747 885 770 935 iu
784 886 858 950 digui-

54 959 99 1006 tate
117 953 270 1018 constitutis,
291 954 409 1019 pertinens
426 955 555 1020 specialiter
576 957 604 1006 ad
622 957 763 1020 personalem
780 970 860 1009 eorum

55 1027 175 1078 utilitatem
197 1026 236 1077 rel
250 1025 361 1090 gloriam3
376 1031 400 1078 et
418 1028 462 1078 hoc
476 1027 567 1093 pmprte
582 1029 682 1093 pertinet
696 1029 725 1079 ad
739 1028 860 1079 observan-

54 1099 122 1161 tiam,
139 1097 339 1161 secnndirmqubd
349 1097 363 1148 d
375 1098 459 1162 pietate
473 1099 628 1164 distinguitur.
645 1101 674 1150 iit
682 1099 750 1163 ideo,
767 1111 861 1164 compa-

53 1171 107 1222 ratio
125 1170 296 1221 observantie
314 1170 342 1220 ud
357 1171 479 1235 pietatem
495 1185 590 1222 necesse
610 1173 647 1224 eet
663 1170 710 1236 quo
730 1172 860 1222 attendatur

55 1243 180 1294 secuudhm
189 1241 293 1293 diuersas
301 1241 445 1293 habitudines
459 1243 599 1293 diversarum
610 1255 757 1308 personarum
768 1243 796 1294 ad
807 1257 858 1307 nos,

54 1328 109 1378 quas
122 1313 223 1378 respicit
236 1316 331 1377 utruque
343 1311 424 1364 riri-ns.
439 1311 583 1368 lianilestuur
598 1317 717 1366 estantem
732 1315 792 1380 quod
807 1330 860 1381 per·

55 1399 115 1438 roure
128 1388 255 1452 pareutum
272 1388 388 1436 eteorum
406 1386 445 1450 qui
459 1389 514 1436 eunt
526 1386 593 1436 uobis
606 1387 718 1450 sauguine
731 1385 856 1451 conjuncti,

56 1456 230 1509 substantialibs
243 1455 310 1507 nobis
323 1456 492 1522 conjunguntur
505 1457 571 1520 quim
585 1470 689 1522 persone
702 1471 753 1522 que
770 1462 823 1510 sunt
833 1459 859 1510 iu

55 1530 168 1594 dignitate
182 1528 329 1593 constitutam
341 1529 413 1592 ungis
427 1528 490 1580 enim
505 1530 533 1580 ad
546 1529 695 1582 substantiam
709 1530 808 1594 pertinet
821 1543 860 1594 ge·

56 1602 143 1654 uenatio
159 1602 184 1652 et
194 1599 314 1662 educatio,
332 1601 397 1664 cujus
408 1600 544 1665 principium
554 1605 589 1652 est
600 1604 673 1667 pater,
686 1601 752 1666 quim
761 1602 860 1654 exterior

54 1672 203 1738 gubernatio,
217 1672 283 1737 enjus
297 1671 434 1736 principium
446 1676 498 1722 sunt
512 1673 545 1723 iili
557 1673 598 1737 qui
610 1673 634 1723 in
648 1673 759 1738 dignitate
772 1673 859 1725 cousti-

54 1750 158 1796 tountur.
169 1745 199 1794 Et
207 1757 249 1808 per
258 1743 303 1794 hoe
313 1743 386 1807 pietas
396 1743 546 1796 observantie
557 1743 703 1810 preemioet,
717 1745 739 1795 in
750 1748 859 1810 quantum

56 1819 141 1868 cultum
162 1815 238 1868 reddit
250 1815 354 1880 personis
371 1816 443 1880 magis
462 1816 606 1881 conjunctis,
620 1816 702 1881 quibus
716 1817 789 1880 magis
801 1816 859 1868 obii·

55 1903 144 1952 gamnr.

84 1962 120 2012 nd
136 1963 238 2026 primum
252 1972 306 2024 ergo
323 1959 458 2025 dicendum,
474 1960 534 2026 qubd
551 1961 657 2026 princeps
671 1961 814 2024 comparatur
832 1961 860 2010 ad

56 2036 145 2098 putrem
160 2031 221 2083 sicud
237 2031 373 2084 uniuersalis
386 2032 458 2084 nutus
476 2033 505 2084 ad
519 2033 692 2097 particularem,
704 2034 813 2096 quantum
833 2032 861 2081 ad

57 2105 196 2156 exteriorem
207 2103 406 2168 gubernationem,
421 2117 468 2155 non
484 2109 560 2155 antem
573 2104 684 2186 quantum
698 2104 727 2153 ad
745 2103 790 2152 hoc
799 2101 862 2166 qubri

57 2179 177 2244 patorem
198 2176 336 2241 principium
353 2176 523 2239 generationum
538 2176 573 2227 eie
591 2176 653 2226 enim
674 2176 816 2238 comparatur
833 2172 862 2221 od

57 2249 135 2316 ipsum
154 2246 229 2300 virtue
242 2247 319 2297 diuina
329 2262 397 2312 ,quae
412 2251 446 2298 est
458 2248 561 2299 omnium
574 2245 723 2312 productiua'
717 2258 741 2294 ιιι
755 2258 813 2293 erre.

87 2322 122 2370 hd
141 2321 267 2370 secundum
282 2319 401 2371 dicendum
408 2319 487 2384 ‚qrrdd
504 2335 532 2371 ex
548 2333 575 2370 ee
588 2321 652 2384 parte
664 2330 709 2382 qua
722 2329 824 2381 persone
837 2315 861 2364 in

56 2393 171 2458 dignitate
186 2392 316 2443 constitutae
330 2392 462 2442 ordinantur
475 2391 504 2442 ad
513 2391 599 2442 bouum
615 2401 744 2450 commune,
753 2402 799 2439 uon
814 2401 863 2452 per-

57 2466 116 2516 tinet
130 2477 210 2516 earum
221 2464 296 2514 nultus
308 2463 337 2513 ed
348 2463 529 2526 observantiam,
545 2463 585 2514 sed
599 2461 627 2512 ad
641 2461 763 2526 pietatem,
778 2461 805 2510 ut
815 2459 861 2510 dic

57 2542 105 2588 tum
120 2539 166 2588 est.
543 2588 546 2592 Δ

85 2610 122 2660 hd
136 2607 230 2660 tertium
240 2607 371 2671 dicendum,
381 2607 441 2672 quod
453 2606 563 2658 exhibitio
571 2603 664 2657 honoris
673 2604 711 2656 rei
723 2603 796 2655 cultris
809 2616 859 2654 non

56 2681 132 2732 solium
150 2683 186 2732 est
202 2679 394 2745 proportionouda
415 2691 519 2744 persone
537 2678 573 2728 cui
593 2674 720 2740 exhibetur,
735 2673 864 2726 seeunddm

56 2768 80 2806 se
92 2754 256 2815 considerate,
268 2753 308 2804 sed
320 2751 387 2802 etiam
403 2750 527 2802 secundnm
540 2749 600 2814 qubd
610 2749 639 2799 ad
655 2748 791 2800 exhibentes
800 2760 863 2797 eom-

57 2831 160 2908 paratur.
176 2825 285 2885 Quamvis
302 2838 355 2888 ergo
366 2823 462 2875 virtuosi
478 2821 604 2873 secundnm
617 2834 642 2872 se
658 2819 809 2880 considerati,
818 2816 864 2866 dut

59 2899 134 2962 magis
142 2895 208 2962 digni
219 2898 307 2949 bonore
318 2895 386 2960 quam
396 2907 499 2962 persone
506 2895 640 2975 pareutum3
650 2893 726 2941 tamen
737 2889 778 2940 tilii
791 2886 866 2959 magio

58 2971 189 3038 obligantur
208 2971 301 3036 propter
314 2966 421 3021 beneficit
440 2967 548 3031 suscepta
569 2964 616 3016 ab·
609 2963 667 3029 rpsie
684 2959 829 3026 parentibus,
841 2960 864 3002 et
