1934 3284
121 199 167 246 aad
232 207 338 246 sacunna
356 205 486 258 asemon,
501 207 595 255 numer.
611 209 682 257 xcix,
697 208 753 248 aar.
772 209 808 247 ιιι.

121 284 178 336 ratio
190 282 353 346 deformitatis,
367 282 400 334 ibi
412 295 506 335 necesse
517 287 553 335 est
566 283 625 348 qudd
636 284 667 336 ait
678 284 776 349 speciale
786 287 919 350 peecatum,

122 357 175 419 quia
192 355 280 420 species
292 354 412 419 cujuslibet
424 355 456 406 rei
470 355 586 420 precipue
606 355 731 407 attenditur
743 356 871 408 secundirm
884 371 924 407 ra·

121 427 205 478 tionem
225 427 342 477 formalem
359 427 446 491 ipsius,
462 441 508 478 non
523 431 599 478 autem
613 427 735 479 secundiano
752 428 869 478 materiam
884 431 924 480 rel

122 498 257 562 subjectum.
269 501 297 548 ln
313 498 429 563 sacrilegio
442 503 517 549 autem
532 499 647 549 invenitur
659 498 766 563 specialis
776 499 835 549 ratio
846 501 925 551 defor-

122 570 220 632 neatis,
237 583 282 633 qua
295 570 382 620 scilieet
391 570 490 621 violatur
503 583 540 620 res
549 583 612 621 sacra
628 583 671 635 per
681 570 780 633 aliquam
793 568 924 622 irreveren-

124 642 177 691 tiam
198 657 203 690 :
218 645 242 693 et
253 641 305 692 idco
319 645 354 693 est
367 641 464 706 speciale
482 645 616 706 peceatum
629 644 654 692 et
672 641 795 706 opponitur
807 640 924 705 religioni.

123 713 186 764 Sicut
204 714 265 766 enim
280 715 431 764 damascenus
444 713 499 765 dicit
514 712 539 762 in
551 715 590 764 lV.
601 714 642 764 lile.
656 713 666 777 (
674 727 726 778 cap.
738 713 925 778 3),.«purpnra

123 787 197 848 regale
211 786 367 837 indumentum
379 787 452 848 facta,
466 788 589 836 honoratur
602 788 626 835 et
636 783 788 848 glorificatum
803 785 828 835 et
840 784 925 849 siquis

123 858 182 907 hano
206 859 369 922 perforaverit,
389 861 461 909 morte
483 859 612 919 damnatur,
631 875 645 904 o
660 855 726 920 quasi
745 859 825 906 eontra
846 869 926 922 ιοςειιι

123 941 201 993 agens.
215 932 249 981 lta
260 931 329 982 etiam
343 931 363 980 si
373 930 424 994 quis
432 943 478 979 rem
490 942 578 981 sacram
586 929 671 990 notat,
683 941 713 979 cn
722 929 767 978 hoc
779 928 831 992 ipso
843 932 926 979 eontra

123 1001 163 1052 lici
176 1003 327 1053 reverentiam
341 1002 388 1064 agit
395 1037 404 1063 ‚
417 1005 441 1052 et
454 1002 487 1052 sic
499 1015 541 1067 per
553 1000 743 1065 irreligiositatem
754 1003 842 1065 peccat.

155 1073 189 1124 ad
198 1074 296 1139 primurn
305 1085 359 1136 ergo
372 1071 572 1136 dicendum,qudd
581 1072 615 1122 iili
626 1071 730 1122 dicuntur
742 1069 890 1134 sacrilegium
899 1073 925 1122 in

124 1144 208 1195 divina
228 1144 286 1207 lepis
307 1141 451 1194 sanctitatem
471 1145 627 1204 committere,
645 1143 685 1206 qui
700 1144 779 1205 legem·
790 1141 832 1191 liei
848 1143 927 1208 impu·

123 1220 194 1288 qpant
207 1230 213 1265 ε
225 1215 283 1265 siorrt
294 1211 396 1264 nemaei
411 1216 435 1264 et
446 1211 583 1279 blasphemi,
593 1216 633 1279 qui
646 1227 675 1265 ex
687 1215 732 1264 troo
746 1212 863 1277 qooddeo
878 1229 927 1266 non

121 1286 228 1348 credunt,
245 1286 362 1335 incurrunt
379 1284 520 1336 infidelitatis
533 1291 664 1351 peccatnm3
682 1298 711 1336 ex
726 1285 772 1335 hoc
787 1283 842 1335 rard
861 1286 926 1352 quid

121 1356 206 1408 divina
218 1357 276 1420 legis
289 1355 358 1406 uerba
373 1360 517 1421 pervertunt,
532 1358 675 1422 sacrilegium
688 1356 816 1408 incurrunt.

95 1431 104 1450 ·‘
154 1427 927 1494 Adsecundumdicendumqoddnihilprolaibetunamspecialcm

122 1500 232 1550 rationem
251 1497 339 1562 pcccati
355 1498 380 1548 in
395 1499 498 1562 pluribus
510 1505 655 1565 peccatorum
671 1499 795 1564 generibus
812 1499 925 1565 inueniri,

123 1569 245 1622 secunddm
263 1569 323 1632 qudd
338 1569 426 1620 diversa
439 1575 533 1636 peccata
545 1573 574 1622 ad
591 1572 658 1622 finem
675 1571 744 1621 unius
756 1570 848 1634 peccati
862 1574 928 1622 ordi·

123 1645 214 1705 uantur,
227 1644 295 1705 prout
311 1641 380 1691 etiarn
393 1642 418 1691 in
438 1643 560 1693 viantibus
574 1645 680 1707 apparot,
694 1641 778 1707 quidus
797 1642 927 1706 imperatur

124 1713 152 1763 ab
163 1726 209 1763 una
219 1713 312 1763 uirtute.
327 1713 356 1762 Et
369 1713 413 1764 hoc
427 1717 508 1778 modo,
522 1727 663 1778 quocumque
675 1726 757 1779 genere
775 1713 864 1776 peccati
878 1715 927 1764 afi-

123 1784 174 1848 quis
187 1784 257 1834 iaciat
277 1786 354 1834 eontra
368 1785 522 1835 reuerentiam
536 1785 635 1837 debiam
649 1786 721 1836 sacris
736 1785 816 1846 retus,
830 1785 927 1837 sacrlla·

124 1855 186 1919 pium
200 1855 325 1906 formaliter
339 1855 479 1920 committit,
497 1855 551 1909 fieta
569 1857 714 1908 materialiter
725 1856 771 1907 sint
782 1855 816 1906 toi
831 1855 927 1908 diversa

123 1939 206 1990 genera
217 1929 369 1990 peccatorum.

156 1999 188 2048 ad
198 1997 290 2048 tertium
304 1997 437 2062 dicendum,
452 1999 512 2064 qudd
524 1999 666 2064 saerilegium
678 1999 794 2050 interdum
803 1997 926 2050 invenitur

123 2073 252 2133 separatum
270 2069 298 2119 ab
316 2067 366 2118 aliis
381 2071 496 2135 pcccatis,
511 2084 539 2121 eo
554 2070 615 2134 quod
628 2074 691 2121 actus
711 2070 840 2120 nonhabet
855 2069 927 2121 aliam

123 2140 303 2201 deformitatem,
319 2139 363 2190 nisi
372 2140 425 2205 quia
437 2153 474 2192 res
484 2154 547 2192 sacra
560 2141 673 2192 violatur:
687 2141 743 2205 puta
755 2140 838 2204 siquis
850 2141 927 2204 judex

123 2214 199 2276 capiat
211 2212 309 2278 aliquem
321 2213 410 2264 deloco
428 2225 507 2277 sacro,
515 2225 583 2277 quem
593 2212 618 2262 in
633 2213 683 2264 aliis
696 2213 753 2265 locis
763 2210 826 2263 licitd
838 2223 926 2277 capere

123 2289 208 2348 posset.

300 2359 304 2369 ’
412 2389 573 2443 laureolos
589 2392 629 2442 ιιι.

128 2515 213 2562 Utrieaa
223 2519 309 2574 species
318 2517 438 2575 sacrilepie'
450 2515 770 2576 disdiapaanturaecuracltm
784 2527 823 2560 rea
832 2527 925 2562 sacros.

155 2642 187 2692 dd
204 2642 295 2692 tertium
311 2643 344 2694 sic
363 2643 502 2709 proceditur.
515 2643 609 2694 Videtur
626 2642 687 2707 qudd
704 2641 794 2706 specics
807 2642 926 2708 sacrilegii

124 2726 170 2763 non
182 2711 349 2776 distinguantur
362 2716 486 2767 secundum
495 2729 531 2766 res
545 2727 630 2766 saeuas.
642 2713 763 2764 llatcrialis
771 2713 833 2764 enim
846 2714 926 2766 diver·

124 2781 179 2834 sitas
193 2797 238 2834 noa
251 2786 390 2838 diversificat
404 2787 513 2852 speciem,
523 2787 543 2837 si
552 2786 582 2835 sit
594 2786 674 2836 eadem
684 2786 742 2835 ratio
751 2785 861 2835 formalis.
873 2786 923 2836 Sed

123 2853 148 2903 in
164 2853 285 2907 uiolatione
303 2857 494 2922 quarimcumque
516 2870 591 2908 rerum
612 2869 738 2917 sacrarum,
759 2856 927 2908 videturesse

124 2927 203 2978 eadem
215 2928 273 2980 ratio
291 2929 390 2980 formalis
403 2930 507 3010 peceati,
524 2926 621 2992 etquid
634 2939 680 2978 non
693 2927 723 2978 sit
739 2926 862 2979 diversitas
878 2927 926 2980 uisi
