1934 3284
128 193 177 253 tw
239 210 349 251 ommno
362 204 495 259 mourut.
511 206 606 258 onnon.
622 210 699 260 ooxrr,
716 209 776 249 nr.
792 209 824 248 v.

127 304 175 342 non
186 289 212 340 in
224 288 360 338 immensum
371 287 529 352 gloriabitur,
544 287 585 338 red
598 286 722 338 seeundum
740 301 877 339 mensnram
893 302 933 352 qua

128 375 221 414 memor
236 364 272 411 ast
287 361 354 412 notris
371 361 438 411 oeno.
452 377 467 408 o
484 361 514 410 iit
531 360 583 412 irino
602 359 683 410 dicitnr
698 360 807 418 Erotes„
828 361 866 424 X,
878 362 934 426 qudd

129 432 248 483 «initium
261 432 374 496 superbire
384 432 486 482 hominia
496 435 531 482 est
543 434 670 495 apostatare
684 430 778 494 ilino,
794 447 809 478 ι
827 433 881 496 qnia
894 433 933 482 sri-

127 503 181 554 lioet
194 504 218 553 in
234 505 279 554 troo
291 504 357 554 radin
373 504 486 569 nepertia
500 503 670 564 consideratur,
684 501 748 565 quot
763 505 837 554 homo
851 505 933 568 atiqua-
949 549 950 552 ,

126 575 181 625 liter
190 587 236 626 non
246 575 367 640 subjicitur
374 576 421 627 lieo
430 580 454 626 et
464 575 548 638 repnte
556 574 640 639 ipsius.
649 574 802 626 Manifestum
814 579 854 626 est
862 581 932 626 antem

127 646 188 712 q‘ndd
207 648 250 697 froc
264 646 342 710 iprum
358 647 419 712 qood
437 650 473 697 ent
493 659 540 696 non
556 645 638 709 subjici
656 645 717 707 lieo,
731 646 804 698 habet
827 648 932 699 rationem

127 719 216 785 peremi
228 719 329 770 mortalis
343 735 350 768 ε
362 721 407 769 hoe
420 718 481 769 enim
495 721 531 769 est
542 717 614 768 aveni
625 717 701 768 diieo.
713 718 781 768 Unde
796 732 933 782 ronmqnens
949 773 950 776 Ἴ

128 795 164 842 att
182 791 242 855 qnid
256 791 362 855 aopariia
378 789 506 842 secundnm
520 803 592 853 genus
605 802 671 838 sunm
690 788 721 840 sit
735 793 867 853 peecatum
880 805 933 841 mor·

127 863 183 914 mlo.
195 863 259 913 Sient
269 866 347 913 nmen
359 863 385 912 in
394 862 445 912 atiia
455 874 506 925 qna
520 874 550 911 ex
560 873 601 910 sno
611 871 696 922 genero
705 865 764 910 sont
772 867 872 924 peecata
882 877 933 912 mor·
949 887 950 908 3

128 935 182 986 tatia
196 934 264 1000 (poti
273 934 297 984 iu
308 933 469 995 fornicatione,
482 936 506 982 et
514 930 640 994 adulterio)
658 935 712 980 runt
723 931 797 996 aliqui
810 939 889 984 motus
900 935 931 997 qui
949 971 950 974 ,

130 1010 186 1057 onnt
196 1005 398 1070 pematavaniriia
408 1006 503 1069 propter
513 1015 591 1054 eornm
602 1001 818 1068 imperfectionem,
835 1007 933 1070 quiasoi-
949 999 950 1058 ἶ

129 1077 184 1129 linet
203 1078 351 1142 meroniunt
364 1076 460 1127 rationis
471 1075 599 1140 indicium,
613 1079 638 1125 et
653 1078 706 1124 snut
718 1080 807 1139 praeter
820 1080 877 1142 ejns
888 1092 934 1128 cor-

130 1161 221 1201 monum
238 1163 245 1197 :
260 1147 293 1198 ita
313 1148 381 1200 eiam
402 1151 425 1199 et
440 1148 501 1198 eirca
520 1147 648 1210 snperbiam
670 1145 768 1208 accidit,
785 1149 854 1213 qndd
874 1141 950 1220 aliqui}

129 1226 206 1274 motuo
218 1221 331 1286 snperbia
343 1223 398 1271 nont
408 1224 502 1286 peecata
512 1219 618 1281 ueniala,
630 1219 683 1270 dum
698 1218 733 1269 eis
743 1221 807 1272 ratio
821 1235 873 1274 non
887 1236 933 1273 con·

131 1294 209 1347 nutu.

160 1367 194 1417 td
211 1365 309 1430 primum
328 1377 382 1429 ergo
399 1363 536 1423 dicendum,
555 1361 616 1428 qndd
635 1361 694 1412 mont
710 1375 781 1427 snpra
797 1363 892 1416 dietum
905 1371 932 1415 est

130 1437 193 1502 (art.
207 1439 241 1501 f)
253 1476 260 1501 ,
274 1435 379 1502 snperbia
397 1448 445 1487 non
465 1437 501 1486 ent
521 1434 651 1484 universate
667 1437 791 1498 pennatum
812 1449 860 1500 per
880 1443 950 1490 suani

132 1506 264 1569 mantiam,
275 1509 314 1559 sed
323 1507 492 1572 perquamdam
504 1505 685 1567 redundantiam,
696 1505 848 1570 inquantum
859 1511 934 1560 scilicet

131 1592 161 1630 ou
174 1579 280 1644 superbia
297 1579 374 1630 omnia
387 1583 482 1643 peecata
496 1577 549 1629 oriri
562 1581 667 1642 ponunt,
685 1578 752 1628 Unde
773 1591 827 1630 non
841 1583 934 1646 sequior
949 1569 950 1648 i

132 1650 277 1717 quodomnir
291 1653 382 1715 pennata
394 1649 566 1713 ointmortalia3
583 1649 622 1700 uod
638 1648 710 1699 solim
721 1651 819 1714 qnando
839 1653 934 1703 oriuntur

131 1736 160 1774 ex
173 1722 279 1787 superbia
294 1723 408 1786 compieta
422 1736 490 1786 qnam
510 1721 607 1772 diximus
626 1733 678 1771 esso
690 1725 816 1784 peecatum
835 1725 933 1775 mortain.

164 1793 197 1844 io
206 1795 330 1845 secundnm
340 1793 473 1856 dicendum,
485 1792 546 1858 qndd
560 1793 665 1858 snperbia
675 1805 766 1856 semper
777 1795 882 1856 quidem
893 1810 934 1846 con-

133 1866 241 1917 trariatur
253 1864 369 1916 diteotioui
388 1865 486 1925 divium
500 1864 649 1928 inquantum
663 1864 751 1914 soiiioat
765 1866 890 1928 superbus
901 1881 933 1916 non

135 1951 161 1990 oo
180 1936 272 2002 subjicit
291 1935 374 1987 divinae
387 1936 472 2000 require
492 1940 558 2002 prout
576 1935 651 1986 debet.
666 1935 695 1984 Et
709 1935 854 2000 quandoque
877 1941 950 1990 etiam}

134 2009 284 2061 contrariatur
295 2008 411 2059 dilectioni
421 2007 520 2072 proximi
528 2008 552 2058 in
562 2009 670 2072 qnantum
683 2006 771 2057 scilieet
782 2007 876 2074 aliquis
885 2011 934 2060 inor·

135 2080 212 2133 diroti
221 2093 246 2130 ee
259 2080 351 2143 prefert
360 2080 478 2145 proximo,
489 2084 529 2130 aut
545 2079 573 2129 ab
585 2078 636 2143 ejus
653 2077 798 2142 subjectione
814 2093 841 2131 se
857 2082 950 2132 onom-n

134 2152 184 2215 hit3
198 2152 223 2200 in
237 2165 282 2216 qno
295 2151 364 2201 edam
378 2152 497 2211 derogatur
510 2151 592 2201 divine
605 2150 704 2213 repnte,
720 2163 751 2200 ex·
764 2161 812 2213 qna
833 2160 891 2204 runt
902 2156 934 2202 oo·

135 2224 222 2274 ninum
241 2223 332 2274 ordines
346 2222 461 2285 instituti,
473 2225 543 2287 prout
562 2221 649 2274 ooiiioet
664 2235 724 2272 nnus
743 2235 828 2274 eorum
842 2227 887 2277 suh
900 2225 934 2274 dio

136 2303 188 2348 ome
202 2295 279 2347 dotet.

165 2369 199 2419 td
215 2366 308 2418 tortium
320 2366 458 2430 dicendum,
472 2365 532 2430 quod
550 2366 655 2434 snperbia
675 2377 722 2416 non
734 2363 813 2416 oritur
828 2381 861 2420 ex
875 2370 934 2419 virtu
949 2409 950 2428 ,

134 2439 195 2492 tous
209 2439 269 2490 sicut
283 2451 311 2489 er
325 2451 393 2490 muer
403 2452 444 2504 pen
456 2451 495 2503 se,
509 2440 549 2490 sed
564 2439 623 2489 sicut
635 2449 745 2488 excausa
761 2450 806 2502 per
822 2441 931 2492 anaidem:
949 2451 950 2470 ³

135 2511 160 2562 in
176 2516 287 2576 qnantum
297 2509 384 2562 ooifioet
396 2511 476 2574 aliquis
487 2523 516 2562 eu
530 2510 649 2561 virtutihus
667 2509 814 2562 occasionem
829 2515 933 2578 superbie

136 2585 215 2634 uomit.
229 2582 291 2634 Nitrif
300 2585 376 2634 autem
389 2583 495 2647 prohibet
503 2583 559 2647 quin
573 2595 643 2632 unum
655 2581 824 2633 contrariorum
840 2586 872 2636 sit
885 2586 933 2634 atte-

135 2655 183 2704 rius
195 2667 263 2705 ranna
275 2666 317 2718 per
329 2654 447 2717 arridens;
457 2657 482 2704 nt
497 2655 579 2705 diriter
592 2655 617 2703 in
627 2652 685 2703 titt.
697 2651 795 2716 Pdprio.
811 2655 890 2721 (text.
900 2654 930 2718 t).

139 2723 204 2774 tinde
218 2725 287 2775 etiam
297 2727 326 2776 de
338 2725 390 2789 ipra
403 2725 532 2776 hnmilitate
546 2724 617 2790 aliqui
630 2723 772 2790 superbiunt.
