1934 3284
354 190 385 244 us
402 204 553 246 annaneane.
809 198 855 248 lat

52 282 119 349 nis,n
132 287 158 335 ut
172 282 259 349 legitur
273 281 372 344 Gens,
382 281 451 334 lllll.
467 284 501 333 lix
513 281 676 339 consuetudine
690 282 757 337 etiam
765 286 856 353 juratus

50 370 87 419 ρετ
99 356 263 420 Evangelium,
278 358 302 406 et
317 369 359 421 ρετ
369 355 477 421 reliquias
490 361 514 407 et
524 371 567 422 ρετ
575 361 675 414 senciot.

78 428 241 492 (coucnusro.
254 454 285 465 -
296 428 451 477 loramentum
467 439 509 493 ρετ
524 428 649 493 simplicem
660 430 850 483 contestationem

4 548 5 565 ,
50 499 144 550 nonnisi
153 512 196 563 ρετ
205 501 278 550 lienm
287 498 725 567 principaliter,seeundartbautemper
735 506 850 557 creaturas

4 580 5 585 ’
49 571 108 620 utin
121 570 181 635 ipsis
200 570 278 620 diuina
290 572 366 621 eluoet
379 570 471 633 ueritas,
483 572 611 635 perdoitur3
619 572 645 623 in
651 573 780 637 juramento
799 574 856 625 τετὸ

48 655 87 705 ρετ
98 640 272 693 execrationem
286 641 364 693 induci
381 642 455 693 solent
468 656 525 709 quas
535 642 648 707 diligimus
661 648 776 706 creature,
791 646 817 694 ut
830 642 855 699 in

48 713 128 777 quibus
140 712 248 763 diuinum
270 716 402 763 exerceatur
416 712 557 780 judicium.)

78 785 220 849 despondeo
231 786 364 847 dicendum,
380 784 441 849 qudd
458 784 516 835 sieut
536 786 603 851 supra
619 786 704 837 dietum
716 790 760 849 est,
770 787 855 851 duplex

4 884 5 887 =
49 860 80 907 est
87 858 255 921 juramentum.
267 858 342 907 Unum
357 858 448 921 quidem
463 858 522 920 quod
532 858 558 907 dt
568 871 610 922 per
620 857 745 921 simplicem
763 861 855 909 contes-

48 930 173 990 tationem,
187 928 213 977 in
231 932 342 991 quantum
356 927 443 979 scilieet
458 928 614 980 testimonium
630 929 671 979 liei
685 928 818 991 invocatum
832 934 856 980 et

4 1014 6 1061 3
49 1000 88 1049 hoc
96 1001 257 1063 juramentum
268 1000 375 1050 innititur
388 998 471 1051 diuinae
485 999 589 1061 veritati,
601 1000 661 1049 sicin
671 1003 694 1049 et
709 1000 773 1049 tides.
787 1000 855 1051 Fides

4 1116 5 1119 ,
49 1074 120 1121 autem
133 1074 173 1121 est
185 1084 230 1135 ρετ
243 1084 269 1121 se
282 1070 375 1133 quidem
392 1074 416 1121 et
428 1069 584 1135 pdncipaliter
591 1072 621 1121 de
634 1072 694 1133 beo,
705 1070 744 1134 qui
756 1075 792 1121 est
804 1070 855 1135 ipsa

4 1140 5 1143 ’
49 1142 146 1205 remma,
160 1142 299 1193 secundarie
313 1146 388 1194 autern
402 1143 429 1193 de
445 1143 567 1206 creaturis,
582 1146 606 1191 ln
618 1143 701 1207 quibus
711 1142 800 1193 ueritas
814 1144 855 1193 liei

4 1208 5 1257 l
48 1215 149 1274 ieiunet,
165 1218 192 1265 nt
203 1208 273 1277 suunt
287 1213 391 1264 hobitum
405 1216 448 1265 esi.
464 1216 491 1264 ldt
505 1213 610 1264 similiter
620 1216 772 1279 juramentum
786 1215 855 1278 prin·

4 1296 5 1325 t
49 1286 149 1349 cipaliter
170 1286 272 1337 retertur
286 1288 314 1337 ad
332 1285 408 1349 ipsum
427 1288 514 1345 ileum,
531 1286 597 1350 eujus
616 1284 771 1337 testimoninm
790 1286 854 1337 inno

48 1364 119 1421 catum
137 1356 278 1407 semndarid
295 1360 371 1408 anatem
392 1361 540 1408 assumuntur
555 1360 583 1408 ad
600 1358 754 1423 jurameutum
772 1357 854 1422 alique

49 1433 169 1490 creaturas,
187 1428 370 1479 nonseounddm
394 1442 433 1491 se,
452 1431 492 1479 sed
510 1429 533 1479 iu
554 1433 664 1494 quantum
684 1428 758 1479 ineis
776 1428 853 1479 diuina

52 1501 128 1551 ueritm
137 1501 303 1552 manitestatur
313 1518 318 1549 :
329 1500 389 1551 siout
397 1502 500 1565 jurannus
511 1515 552 1566 ρετ
561 1501 723 1564 Euangelium,
736 1500 759 1550 id
770 1503 805 1550 est
814 1512 855 1565 ρετ

55 1573 128 1639 licum,
140 1575 212 1639 cujus
223 1572 309 1624 ueritas
318 1572 341 1623 in
352 1572 477 1637 Evangelio
485 1574 655 1635 manifestatur,
667 1577 692 1623 et
701 1586 742 1637 ρετ
752 1576 852 1636 sanctos,

50 1645 88 1707 uui
99 1647 155 1697 dane
169 1644 293 1695 veritatem
307 1642 450 1694 crediderunt
467 1646 490 1694 et
503 1646 687 1695 observaverunt.
700 1644 763 1695 llius
775 1648 852 1694 autem

48 1719 123 1768 modus
131 1716 230 1783 jurandi
244 1718 279 1766 est
293 1728 335 1781 ρετ
346 1716 527 1779 execrationem,
542 1720 567 1767 et
579 1716 604 1766 in
616 1718 661 1767 hoc
671 1716 803 1781 juramento
818 1716 854 1768 iu-

47 1789 134 1839 ducitur
142 1792 253 1839 creatura
262 1787 339 1851 aliqua
349 1789 376 1835 ut
385 1787 459 1856 inqua
468 1786 571 1838 diuinum
579 1787 690 1854 judicium
703 1790 834 1838 exerceatur
846 1803 852 1837 τ

46 1866 66 1910 ει
74 1864 108 1911 sio
117 1862 180 1912 solet
188 1862 259 1910 homo
268 1858 347 1922 jurare
362 1872 404 1923 ρετ
417 1862 484 1925 eaput
497 1872 577 1920 suum,
590 1863 630 1912 aut
641 1872 683 1923 ρετ
693 1858 765 1908 fllium
776 1872 851 1922 suum,

47 1937 80 1981 aut
90 1946 135 1998 ρετ
154 1932 257 1995 aliquam
276 1930 345 1980 aliam
361 1942 411 1981 rem
428 1944 496 1995 qnam
515 1930 610 1997 diligit:
625 1929 854 1993 sioutetdpostulus

43 2003 137 2067 iuravit,
152 2004 183 2054 ll.
202 2002 240 2052 ad
256 2002 328 2063 Gor„
340 1998 365 2063 i,
382 2002 481 2052 dicens:
500 2002 575 2067 «Ego
591 2006 675 2052 testem
688 2002 758 2051 lteum
772 2000 854 2051 invoco

46 2075 65 2123 in
81 2076 188 2125 animam
198 2086 284 2124 meam.
296 2090 310 2120 τ
321 2072 387 2133 Qudd
396 2076 472 2123 autem
481 2074 564 2137 loseph
575 2088 616 2139 ρετ
624 2074 722 2122 salutem
729 2072 854 2122 Pharaonis

4 2174 5 2177 =
45 2146 143 2208 iuravit,
157 2149 258 2209 utroque
268 2146 335 2196 modo
347 2144 447 2209 intelligi
461 2148 551 2211 ρειεεε,
565 2146 603 2195 vel
609 2158 650 2209 ρετ
660 2146 751 2193 modum
761 2155 853 2193 execra-

47 2217 121 2280 tionis,
132 2216 203 2283 quasi
212 2216 313 2267 salutem
322 2214 448 2267 Pharaonis
458 2214 592 2279 obligaverit
600 2214 656 2277 lieo,
664 2214 700 2264 uel
712 2226 753 2277 ρετ
763 2214 853 2264 modum

47 2288 234 2351 contestationis,
250 2286 315 2350 quasi
337 2287 487 2337 contestando
507 2288 626 2337 ueritatem
644 2285 727 2336 diuinae
745 2283 853 2350 justitiae,

49 2358 72 2406 ad
80 2360 149 2424 cujus
161 2358 323 2410 executionem
337 2356 453 2425 pdueipes
467 2362 533 2410 terrae
546 2356 722 2409 constituuntur.

75 2432 108 2481 td
125 2431 229 2495 mmmm
242 2430 444 2494 medicandum,
458 2430 519 2493 qudd
529 2431 640 2482 Dominus
652 2427 768 2493 prohubuit
775 2429 852 2494 jurare

47 2515 84 2562 ρετ
95 2506 232 2563 creaturas,
243 2500 275 2550 ita
285 2500 346 2566 qudd
358 2500 393 2551 eis
403 2500 538 2553 exhibeatur
550 2500 679 2553 reuerentia
693 2499 777 2551 diuina.
790 2501 854 2552 Unde

4 2584 5 2593 ¹
47 2573 200 2637 hieronymus
213 2573 297 2623 ibidem
308 2572 394 2636 subdit,
405 2570 465 2637 qudd
481 2572 574 2623 andaei
584 2585 625 2637 ρετ
634 2572 726 2637 angelos
737 2576 760 2621 et
773 2576 854 2623 cetera

48 2644 178 2706 hujusmodi
189 2644 309 2709 jurantes,
324 2648 445 2695 creaturas
456 2645 621 2711 venerabantur
634 2642 672 2694 ltei
687 2645 808 2695 honore»
825 2644 853 2693 tat

4 2714 5 2725 ²
46 2714 854 2781 eademrationepuniturseconddmCanonesoleniouspermeaturam

45 2786 216 2851 jurans,r1uod
235 2787 264 2837 ad
286 2786 455 2853 blasphemiam
469 2786 611 2838 inddehtatis
620 2785 729 2850 pertinet.
747 2786 811 2833 liudo
830 2783 855 2830 in

4 2862 5 2925 ρ
47 2860 151 2921 sequenti
164 2858 241 2924 mpite
254 2860 338 2911 dicitur
355 2863 398 2924 (ex
411 2858 536 2927 hispana)
554 2875 560 2908 ε
573 2857 682 2923 «Siquis
695 2868 737 2920 ρετ
749 2853 855 2918 capillum

4 2936 5 2955 ³
48 2929 85 2979 liei
93 2930 132 2981 sel
147 2936 220 2995 caput
226 2932 349 2997 juraverit,
358 2932 397 2983 uel
410 2930 455 2981 alio
466 2925 685 2995 modoblaspbenit
696 2922 855 2977 contrahendi
