1934 3284
412 168 442 205 ue
457 166 529 207 roro.
825 158 871 208 lt'l

67 245 139 296 temen
147 246 245 309 propter
255 244 344 294 nature
353 242 526 307 dispositionem
533 281 540 304 ,
546 255 596 308 que
609 242 698 307 uptus
707 244 814 295 humanis
825 258 872 297 nen

67 317 175 377 sublitur,
191 318 217 367 in
234 314 350 379 aliquibus
363 313 433 379 (licit
448 314 545 379 paucis)
557 315 679 366 accelerari
693 316 786 367 rntiunis
794 331 870 381 usum,

66 388 103 452 uui
116 390 146 439 ob
156 390 203 439 truc
213 386 321 438 dicuutur
333 386 391 436 dcli
405 400 519 450 capacem
533 399 576 436 uec
593 391 670 437 tamen
684 392 776 453 propter
787 391 830 440 hoc
845 390 871 443 itt

67 457 370 524 aiquoeximumurtcure
380 461 574 522 parentumque
586 458 688 522 subjacet
696 460 741 524 legi
753 461 872 524 humane,

65 530 200 595 respicienti
213 530 243 579 ael
256 528 279 579 it
291 528 352 593 quod
363 527 507 592 frequentiis
520 529 609 579 accidit.
624 530 665 579 list
674 544 728 594 ergo
737 531 871 595 dicendum,

66 602 124 665 quid
141 602 160 653 si
174 614 235 667 puer
246 602 285 651 uel
296 600 373 665 puella
387 602 440 650 aute
451 600 576 663 pubertatis
592 612 665 651 anuos
677 603 776 652 noudum
790 603 873 653 habeat

68 686 133 723 usum
147 673 263 733 rationis,
277 671 340 722 nullu
353 670 420 721 murlo
434 672 545 735 potestat
560 671 644 737 aliquit
657 684 682 722 se
695 676 747 723 uoto
758 673 870 736 obligare3

66 746 85 795 si
97 744 154 795 ueri
164 748 220 795 ante
233 744 362 809 pubertatis
378 754 450 793 eunus
460 743 533 806 attigit
541 757 607 793 usum
616 744 718 809 rationis,
733 748 807 810 petest
820 744 872 809 qui-

67 818 116 869 dem
136 818 269 881 (quantum
282 818 308 864 lu
321 816 373 879 ipso
387 814 437 877 esti
453 828 477 865 se
497 816 612 878 obligare3
626 816 752 866 seductum
766 817 818 879 ejus
830 831 872 881 po-

67 892 111 939 test
129 886 217 937 irritari
232 901 275 951 per
289 890 396 950 parentes
417 899 513 951 quorum
528 901 589 937 cure
610 892 713 937 remanet
726 889 799 938 adhuc
818 890 872 940 sub·

4 970 6 1007 r
64 960 140 1024 jectus
150 977 157 1021 3
168 962 379 1023 quantumcumque
391 962 467 1009 tamen
482 958 511 1008 sit
524 958 569 1009 doli
583 971 671 1023 capax,
682 962 733 1009 aute
746 972 818 1011 annus
831 976 873 1025 pu·

66 1032 161 1083 mitam
180 1042 230 1081 uon
246 1033 326 1093 petest
341 1030 437 1093 obligari
456 1034 509 1080 voto
525 1029 621 1080 solemni
637 1029 768 1093 religionis,
782 1036 874 1096 propter

67 1102 177 1153 Ecclesia
192 1104 319 1163 statutum,
335 1101 395 1164 quod
413 1101 506 1165 respicit
518 1099 541 1150 id
554 1101 615 1164 qued
630 1099 655 1150 iu
668 1100 770 1164 pluribus
781 1103 871 1153 accidit.

68 1176 119 1225 Pust
140 1186 218 1223 annus
236 1176 314 1223 autem
327 1171 453 1237 pubertatis
469 1176 567 1236 pessunt
582 1174 630 1237 jam
649 1186 675 1222 se
690 1175 745 1223 vote
758 1173 874 1238 religionis

4 1260 5 1265 ¹
67 1248 184 1311 obligare,
200 1246 240 1295 uel
259 1244 358 1309 simplici
377 1244 416 1294 vet
431 1243 542 1308 solemni,
556 1244 643 1307 absque
658 1244 774 1295 voluntate
794 1259 876 1309 pareu-

68 1324 123 1369 tum.

98 1391 242 1455 ltprimum
254 1402 308 1452 ergo
318 1388 438 1440 dicendum
446 1427 452 1450 ‚
460 1388 520 1453 quiri
529 1388 587 1439 ratio
598 1387 635 1437 iila
648 1389 787 1452 proceditis
797 1389 875 1453 pueris

69 1463 104 1526 qui
115 1463 223 1513 nundum
238 1460 364 1523 attigerunt
373 1474 439 1509 usum
453 1460 556 1524 rationis,
574 1473 668 1524 quorum
681 1464 734 1511 vota
747 1464 801 1511 sunt
810 1462 876 1511 inva-

72 1534 121 1598 itta,
137 1538 166 1583 ut
176 1533 268 1583 dictum
281 1535 317 1581 est
329 1530 368 1595 (iu
383 1544 446 1594 corp.
462 1532 530 1595 ert).

99 1607 131 1656 td
145 1604 279 1655 secuudum
297 1603 418 1653 dicendum
428 1641 435 1664 ,
444 1602 505 1667 quiri
518 1605 572 1653 ruta
582 1616 660 1653 eurum
670 1604 708 1669 qui
722 1606 776 1655 sunt
788 1604 812 1654 iu
829 1617 875 1669 po-

70 1680 148 1728 ttstate
166 1676 281 1737 aliorum,
296 1674 382 1724 habent
403 1674 556 1725 conditionem
577 1672 724 1740 implicitam,
747 1675 832 1726 scilicet
855 1676 875 1725 si

68 1762 112 1799 uun
126 1750 270 1798 reuocentur
280 1745 293 1795 l
304 1745 431 1809 superiori3
447 1758 475 1795 ex
489 1758 534 1810 qua
546 1745 608 1795 licita
622 1747 745 1797 redduntur
758 1749 781 1796 et
791 1745 874 1808 relide,

68 1818 88 1868 si
100 1819 206 1870 munitio
211 1817 309 1881 existat,
324 1821 350 1867 ut
364 1816 448 1867 dictum
458 1821 494 1868 est
504 1817 557 1881 (nrt.
570 1816 602 1881 t).

99 1893 134 1941 tel
148 1890 245 1939 tertium
263 1888 398 1949 dicendum,
411 1887 470 1951 quil
484 1889 542 1939 ratio
554 1888 592 1938 ilia
609 1890 751 1954 proceditis
766 1892 821 1939 voto
839 1900 877 1939 sn-

67 1961 152 2025 lemui‚
166 1960 229 2024 quui
240 1958 266 2010 tt
278 1973 321 2025 per
331 1958 507 2025 professionem.

380 2136 537 2193 inuectus
547 2142 582 2192 X.

272 2266 358 2311 Utrrtm
369 2264 442 2322 possit
452 2266 478 2309 in
487 2269 540 2310 voto
549 2264 691 2323 «imperaturi.

100 2399 133 2449 tu
144 2394 262 2447 decimum
276 2393 310 2443 sic
320 2390 450 2456 proceditur
460 2393 503 2457 (lt.
516 2392 611 2442 Videtur
619 2390 678 2455 quid
690 2390 715 2441 lu
725 2393 778 2441 rota
789 2390 880 2455 dispen-

68 2469 114 2520 sari
128 2480 177 2519 uun
190 2464 275 2529 possit.
287 2464 363 2514 Minus
373 2462 435 2513 enim
446 2467 482 2514 est
492 2463 625 2514 commutari
635 2466 721 2527 votum,
731 2462 799 2525 quim
810 2462 833 2511 iu
848 2476 877 2513 eu

70 2538 211 2605 dispensari.
227 2537 271 2587 Sed
291 2540 371 2586 rutum
392 2548 436 2585 nun
457 2539 533 2600 potest
553 2535 700 2597 commutari3
722 2533 879 2585 diciturenim

71 2614 166 2669 teuit,
180 2608 262 2659 xxvtt
277 2622 284 2657 ε
303 2624 317 2654 u
333 2606 422 2657 Animal
435 2608 497 2671 quui
514 2606 624 2656 immolari
638 2610 715 2671 petest
735 2605 845 2668 Domino,
859 2605 878 2655 si

70 2681 122 2747 quis
135 2678 244 2740 vovent,
255 2681 361 2729 sanctum
372 2678 429 2741 erit3
443 2682 467 2728 et
481 2678 563 2727 mumri
575 2690 620 2728 nun
632 2677 727 2742 peterit,
738 2692 781 2729 uec
798 2676 880 2727 meiius

107 2824 139 2887 tit
156 2828 190 2871 lie
199 2823 317 2871 bisetium
328 2825 372 2885 tv,
383 2824 462 2875 Sarute
473 2822 528 2869 list.
543 2820 588 2882 88,
601 2835 642 2880 qn.
659 2824 672 2869 i
685 2856 691 2882 ‚
706 2827 749 2869 ert.
763 2820 794 2880 t,
805 2832 883 2880 quies·

71 2889 146 2935 tinne.
160 2886 188 2948 1,
203 2892 253 2935 tum
264 2887 289 2933 in
300 2900 380 2949 corp,
389 2892 437 2933 tum
449 2888 478 2934 at
488 2886 515 2943 ²3
527 2891 553 2932 ut
563 2891 587 2933 et
597 2887 733 2946 quntimc.
746 2886 770 2945 2,
779 2885 803 2929 in
815 2894 880 2939 eorp.
