1934 3284
351 153 383 191 un
397 151 534 194 murm.
797 149 845 198 dib

30 227 126 291 majora
142 227 274 279 mimmius.
288 243 302 277 n
318 229 362 280 sed
374 232 417 281 boc
430 231 531 296 pertinet
546 231 575 282 ad
588 231 713 297 quamlibet
724 233 843 288 muntem.

29 301 95 362 Ergo
116 301 210 351 castitas
222 305 256 351 est
274 301 386 364 generalis
399 302 483 353 virtus.

67 375 93 420 a.
113 371 241 434 Preterea,
257 385 341 424 nomen
357 375 470 425 camimtis
487 375 664 439 acastigatione
680 378 785 430 sumitur.
798 377 845 431 sed
864 381 878 410 ⁶

28 441 133 507 quilibet
147 448 222 494 motus
232 444 361 508 appetitiva
375 445 445 509 partis
456 446 523 497 debet
535 447 642 512 castigari
653 448 667 498 i
678 449 772 501 ratione.
786 449 844 501 Cim

28 527 89 577 ergo
104 527 147 577 per
160 513 283 578 quamlibet
295 515 400 566 virtutem
414 517 523 568 moralem
535 519 670 570 reiranetur
678 520 760 584 aliquis
774 534 845 586 appe-

27 587 118 636 titruns
128 592 218 648 motus,
228 587 317 644 uidetur
328 586 389 650 qudd
399 589 508 652 qnalibet
517 589 590 640 uirtus
598 591 691 641 moralis
700 594 731 641 sit
739 595 840 643 castitas.

66 663 92 708 3.
114 653 242 720 iraeterea,
264 658 363 708 castitati
382 658 503 711 loruicatio
517 661 648 724 opponitur.
667 663 710 712 Sed
725 663 844 714 fornicatio

31 729 131 780 videtur
149 730 178 780 ad
199 743 266 781 omne
283 743 356 793 genus
376 731 464 795 peccati
483 733 597 796 pertinere
612 749 620 783 r
635 734 717 784 dicitur
736 736 798 784 enirn
819 736 846 786 iu

33 801 139 854 Psalm.
164 803 242 852 bilbili
258 815 264 852 ι
282 803 392 853 «Perdes
411 800 547 868 omnesqui
564 805 704 858 fornicantem
722 807 763 858 abs
781 811 813 858 te.
828 823 844 856 a

33 877 100 938 Ergo
118 875 212 925 castitas
221 878 257 926 est
268 874 379 938 generalis
389 874 472 925 rimus.

70 947 119 997 Sed
135 949 214 997 eontra
229 950 277 1010 est,
292 945 352 1010 quod
366 947 491 996 Macrobius
511 947 564 1012 (lib.
584 949 602 998 i.
620 948 703 1012 Super
715 951 844 1001 menmium

33 1019 180 1084 Scipionis,
192 1023 219 1069 ut
232 1019 300 1082 supra
310 1020 319 1081 )
329 1019 394 1083 ponit
407 1033 458 1070 eam
469 1023 571 1082 partem
585 1024 763 1083 temperantia.

73 1093 237 1158 (Conuoosno.
252 1117 282 1128 -
294 1091 389 1141 castitas
402 1085 493 1155 proprii
504 1091 582 1153 dicta,
596 1106 646 1156 qua
659 1092 683 1142 in
692 1093 796 1144 venereis
804 1095 845 1145 de-

34 1162 204 1216 lectationibus
217 1160 358 1214 moderandis
369 1166 480 1226 uersatur,
496 1163 602 1225 specialis
618 1165 690 1214 vimus
700 1169 743 1214 est
753 1166 782 1214 rit
793 1178 845 1217 cas·

34 1237 95 1286 titas
110 1233 265 1299 metaphorice
279 1234 352 1296 dicia,
367 1245 417 1296 quae
432 1232 455 1282 iu
475 1234 613 1297 quibuslibet
631 1234 700 1284 animi
713 1236 845 1288 delectatio·

35 1309 111 1358 nibus
130 1303 283 1370 temperandis
296 1306 414 1366 versatm,
428 1304 503 1354 virtum
512 1314 548 1355 est
560 1305 679 1368 generalis
693 1305 702 1370 )

72 1377 212 1442 Respondco
222 1376 342 1427 dicendum
351 1415 358 1436 ,
368 1375 429 1440 qubd
439 1388 523 1427 nomen
536 1377 644 1428 metitatis
657 1378 778 1441 dupliciter
787 1378 846 1429 teci·

36 1452 114 1518 pitur.
127 1451 175 1500 tino
189 1451 255 1500 modo
268 1447 358 1512 proprii
374 1454 415 1499 zet
430 1449 463 1498 sic
476 1453 513 1499 est
529 1450 634 1514 quondm
652 1452 758 1514 specialis
773 1452 846 1503 sutus
934 1495 938 1500 .

37 1525 132 1575 habens
150 1520 270 1586 specialem
284 1521 413 1585 materiam,
427 1521 514 1572 scilicet
532 1523 729 1588 concupiscentias
747 1524 846 1578 deleu-

39 1597 126 1648 bilium
140 1607 190 1658 que
204 1597 258 1644 sunt
270 1593 294 1642 in
307 1592 420 1645 venereis.
433 1593 482 1644 ilio
493 1595 558 1644 modo
569 1608 653 1645 nomen
664 1596 775 1648 emutatis
787 1597 847 1648 acci·

38 1669 108 1734 pitur
123 1663 285 1730 metaphorice.
298 1664 362 1714 Sicut
379 1664 440 1716 eninr
459 1665 484 1714 in
501 1665 601 1730 corporis
614 1668 776 1721 commixtione
791 1682 847 1720 con·

39 1740 106 1795 sistit
118 1737 237 1788 delectatio
253 1749 417 1800 venerearum,
432 1737 491 1786 circa
507 1750 574 1800 quum
589 1738 679 1802 proprie
692 1743 727 1790 est
739 1741 844 1805 candus,

39 1820 65 1867 et
90 1809 221 1876 oppositum
243 1807 335 1870 vitium,
350 1807 437 1858 scilicet
457 1807 560 1872 luxuria,
572 1808 604 1858 ita
619 1809 688 1859 etiarn
704 1811 729 1860 in
747 1813 846 1876 quedam

39 1881 160 1953 spirituali
172 1880 332 1944 conjunctione
346 1879 428 1929 mentis
441 1879 516 1928 adres
527 1880 616 1944 aliquas
625 1881 730 1932 consistit
740 1885 844 1946 quedam

39 1955 178 2017 delectatio,
193 1954 251 2003 circa
261 1963 329 2017 quam
337 1955 374 2002 est
385 1951 489 2016 quadam
500 1952 762 2015 spiritualiscuerttue
774 1960 846 2008 meta-

39 2027 140 2101 phorice
152 2026 226 2088 diem,
239 2025 277 2076 uel
290 2025 359 2075 otiam
371 2024 519 2088 spiritualia
529 2025 666 2086 fornicatio
681 2023 785 2077 similiter
797 2041 848 2081 me·

40 2100 164 2172 mphoricd
178 2099 247 2150 dcta.
261 2097 284 2148 Si
297 2097 358 2148 erim
368 2109 433 2147 mens
443 2097 545 2147 bominis
557 2097 682 2147 delectetur
694 2099 717 2148 in
731 2099 845 2163 spirituaii

42 2173 208 2242 conjunctione
225 2171 253 2222 ud
266 2171 290 2220 id
308 2170 345 2221 cui
361 2170 428 2219 debet
441 2168 565 2232 conjungi,
579 2169 808 2235 scitamentorum,
823 2178 848 2226 et

43 2249 161 2304 abstineat
174 2257 198 2295 se
211 2257 240 2294 ne
255 2242 417 2294 delectabiliter
433 2240 483 2291 aliis
495 2241 645 2304 conjungatur
653 2246 733 2292 contra
745 2243 848 2298 debitum

45 2320 122 2376 divini
136 2315 237 2376 ordinis,
250 2315 337 2366 dicetur
351 2316 444 2365 castitas
461 2313 596 2378 spiritualis,
611 2314 735 2365 seeundum
750 2317 848 2372 illudit.

46 2395 84 2446 od
100 2388 256 2448 Corinthios,
264 2388 310 2437 ill:
322 2385 458 2451 «despondi
467 2400 509 2436 ros
521 2386 561 2435 uni
572 2386 636 2450 uirgo
644 2387 757 2451 uirginem
764 2395 850 2442 cuum

46 2465 159 2520 exhibere
178 2460 277 2511 Cbrbto.
298 2474 312 2506 u
330 2458 355 2508 st
373 2463 450 2509 antem
471 2457 635 2508 delectabiliter
655 2471 733 2510 eontra
751 2461 852 2514 debitum

48 2535 126 2591 diuini
146 2531 232 2584 ordinis
253 2531 404 2594 conjungatur
422 2543 487 2580 mens
506 2529 685 2594 quibuscumque
705 2530 756 2581 aliis
775 2535 853 2598 rebus,

48 2611 140 2663 dicetur
155 2603 273 2655 iomimuo
285 2601 423 2667 spiritualis,
436 2601 562 2652 secundum
570 2602 625 2652 illud
638 2603 721 2659 liter„
732 2604 763 2655 ill
775 2621 782 2656 ε
794 2621 808 2653 u
820 2605 855 2656 Tu

49 2686 129 2734 autem
145 2675 253 2727 iornicata
267 2687 292 2726 es
305 2688 356 2739 qum
370 2674 509 2726 amatoribus
520 2674 604 2724 mutu,
616 2689 630 2721 n
641 2675 668 2723 ot
680 2676 723 2725 boc
734 2679 801 2729 modo
814 2690 855 2728 ac-

49 2750 161 2819 cipiendo
183 2747 326 2811 castitatem,
346 2746 438 2796 castitas
454 2749 490 2796 est
508 2745 621 2808 generalis
639 2745 726 2810 uirtus3
741 2749 795 2812 quia
815 2761 857 2814 per

50 2822 179 2892 quamlibet
195 2820 301 2870 virtutem
314 2819 437 2869 retrahitur
455 2830 519 2867 mens
532 2820 631 2867 humana
647 2831 675 2868 ne
690 2820 758 2869 rebus
771 2819 857 2871 illicitis

51 2891 217 2950 delectabiliter
227 2891 385 2955 conjungatur.
397 2887 558 2954 Principaiit'er
567 2894 644 2942 morea
657 2890 716 2943 ratio
729 2891 800 2957 hujus
808 2903 859 2943 aas·
917 2959 922 2968 ι

719 2985 762 3042 l't·
