1934 3284
284 161 315 198 nu
329 159 409 198 ceusu
424 160 573 198 enornuma.
786 151 832 199 ιιιι

21 234 76 298 ejus
93 233 212 284 virtutem.
227 235 292 285 llude
311 238 444 300 quandoque
464 237 574 288 revelatio
588 238 722 301 prophetica
737 242 772 289 est
790 239 834 288 im-

21 317 104 368 pressa
118 305 223 368 quadam
238 304 364 356 similitudo
379 307 462 357 diune
481 307 643 372 praescientiae,
659 312 727 372 prout
741 309 835 372 respicit

21 390 74 440 ipsa
92 377 172 426 lutura
183 378 341 439 contingentia
353 378 378 427 in
391 378 473 442 scipsis
488 395 493 428 :
507 387 530 429 et
543 379 595 428 talis
610 379 643 429 sic
656 381 764 431 eveniunt
775 381 834 431 sicut

21 449 209 512 prophetantem
224 448 283 498 sicut
295 448 353 498 illud
364 451 485 510 Ioui.,llll
497 466 502 499 :
515 467 528 498 ι(
538 451 595 501 Ecce
605 451 669 514 uirgo
683 451 832 516 concipiet.»

21 519 168 582 Quandoque
181 519 236 569 uerd
250 521 384 583 prophetica
403 521 512 573 revelatio
530 527 565 572 est
581 522 692 585 impressa
708 523 831 574 similitudo

21 590 114 640 livium
124 591 286 654 prescientia,
299 596 367 654 prout
377 592 463 643 scilicet
473 593 591 656 cognoscit
601 593 703 644 ordinem
713 607 833 644 caumrum

21 663 48 711 nd
66 662 180 718 effectus:
193 667 215 712 et
227 666 282 712 tuuc
290 664 425 727 quandoque
435 663 500 716 aliter
509 665 586 715 euenit
595 663 664 728 qutun
674 667 831 728 prophetetur.

21 735 71 783 lec
93 737 171 782 tamen
183 734 314 798 'prophetiae
334 736 412 785 subest
426 735 509 786 falsum
527 751 533 784 :
548 749 601 785 nam
614 749 695 786 sensus
707 735 832 800 prophetiae

21 810 75 865 est,
93 803 156 868 quod
171 805 303 856 inferiorum
322 820 440 856 causarum
456 808 578 872 dispositio
593 808 602 872 (
617 807 664 858 siue
686 805 831 869 naturalium,

21 879 73 928 sive
89 877 241 926 humanorum
255 878 364 942 actuum)
375 880 418 928 hoc
429 879 498 930 hahet
509 883 534 928 ut
548 879 599 928 talis
609 877 707 928 effectus
720 877 811 928 eveniat
824 893 830 926 :

21 954 42 1000 et
58 947 191 999 secuudlrm
204 949 248 998 hoc
258 949 394 1012 intelligitur
407 950 501 1000 verbum
514 949 579 1000 Isaiae
594 950 709 1004 dicentis:
726 966 739 996 u
751 949 832 999 lllorie·

21 1021 69 1082 ιε,
88 1023 113 1070 ει
126 1033 173 1070 nou
185 1020 260 1082 uires,
274 1037 289 1071 n
303 1021 325 1070 id
341 1025 384 1084 est,
400 1022 520 1086 dispositio
536 1023 637 1086 corporis
651 1023 683 1072 tui
698 1023 725 1072 ad
737 1025 831 1070 mortem

21 1093 158 1155 ordinatum
179 1095 202 1142 et
215 1093 275 1155 qood
288 1093 372 1144 dicitur
391 1095 472 1151 Joooe,
488 1096 517 1144 lll
534 1111 540 1144 ι
558 1112 571 1142 o
586 1096 665 1144 Adhuc
684 1091 832 1156 quadraginta

21 1168 86 1225 lies,
101 1168 126 1214 et
140 1165 224 1215 Niniue
238 1165 395 1229 subvertetur3
412 1167 517 1230 oldest,
531 1165 575 1216 hoc
585 1167 666 1216 merita
678 1165 833 1229 ejusexigunt

21 1241 45 1286 nt
62 1236 221 1286 subvertatur.
233 1237 322 1286 llicitur
333 1242 409 1296 autem
421 1239 482 1288 Deus
493 1239 616 1302 poenitere
633 1234 794 1300 metaphoricd,
808 1235 833 1284 in

21 1312 142 1374 quantum
156 1309 184 1359 ad
201 1309 293 1359 modum
306 1309 439 1374 paenitentis
453 1322 478 1361 se
493 1309 573 1372 habet3
584 1313 651 1372 prout
664 1307 751 1358 scilieet
760 1310 833 1356 mutat

21 1380 177 1443 sententiam,
192 1381 236 1431 elsi
253 1393 301 1431 non
318 1386 392 1433 mutet
407 1381 535 1432 consilium.

54 1452 95 1503 nd
110 1452 200 1502 tertium
223 1453 361 1515 dicendum,
378 1453 438 1518 quod
455 1453 509 1518 quia
527 1453 607 1505 eedem
625 1458 668 1509 est
679 1452 765 1504 ueritas
781 1465 834 1517 pro-

21 1523 114 1593 phetiae
133 1528 156 1573 ει
172 1524 256 1576 divine
272 1526 437 1590 plasmantis,
450 1531 476 1576 ut
489 1525 575 1576 dictum
592 1530 635 1588 εει,
650 1528 695 1580 hcc
708 1527 774 1575 modo
790 1524 835 1574 iste

21 1595 188 1651 conditionalis
201 1601 237 1647 est
252 1611 306 1648 rere
322 1613 327 1646 :
345 1597 395 1647 «Si
411 1598 496 1661 aliquid
514 1602 550 1649 εει
560 1599 733 1663 prophetatum,
746 1597 802 1659 erit,
817 1611 831 1642 n

21 1672 89 1723 sicut
100 1669 145 1717 ista
156 1683 161 1717 :
174 1686 188 1716 u
198 1668 224 1718 Si
235 1670 319 1733 aliquid
333 1675 368 1721 cst
381 1671 510 1733 presulum
516 1707 524 1733 ,
535 1671 586 1720 erit.
599 1687 612 1717 u
627 1670 653 1720 lu
665 1673 760 1733 utreque
771 1668 833 1719 enim

21 1740 166 1805 rntecedens
178 1746 214 1791 est
226 1741 366 1804 impossibile
380 1755 427 1791 non
440 1755 492 1792 esse
507 1758 513 1790 :
528 1744 588 1792 unde
603 1747 627 1792 ει
639 1754 781 1804 consequeus
795 1745 831 1792 est

21 1812 199 1874 necessarium,
211 1827 257 1864 nou
271 1811 394 1864 secuuddm
405 1811 465 1876 qudd
476 1817 510 1864 εει
519 1812 619 1863 futurum
631 1817 736 1877 respectu
749 1813 830 1876 nostri,

21 1889 65 1942 red
92 1889 119 1934 ut
140 1883 295 1935 consideratur
314 1885 339 1934 in
355 1898 396 1945 suo
417 1885 544 1948 praesenti,
557 1889 624 1948 proul
646 1884 750 1934 subditur
773 1898 832 1948 prm·

21 1955 132 2014 scientie
143 1955 241 2021 diuino,
250 1961 277 2007 ut
290 1957 315 2006 in
326 1958 347 2008 1.
357 1956 505 2020 dictumest(
515 1957 613 2020 lpum„
630 1971 669 2020 qu.
680 1959 719 2020 ll,
735 1958 778 2006 art.
790 1958 830 2018 1³,

21 2029 116 2139 rd'2).

263 2259 431 2330 dodillo
450 2259 600 2325 CLXXII.

123 2397 157 2443 De
169 2410 243 2444 cocto
256 2398 404 2456 prophetie,
418 2399 448 2442 io
461 2411 505 2444 eoas
517 2398 636 2444 orttoadoa
648 2396 740 2446 diuiso.

56 2539 148 2593 Deinde
162 2539 349 2590 musiderandum
363 2542 399 2589 εει
408 2539 436 2588 de
451 2551 520 2588 cause
533 2539 673 2602 prophetice.

56 2615 94 2665 Et
113 2609 172 2660 circe
189 2613 234 2662 hoc
254 2614 387 2674 quaeruntur
401 2623 442 2659 sex
459 2624 466 2659 ε
483 2613 510 2657 1⁰
523 2609 602 2659 Utrlrm
617 2610 735 2675 prophetie
750 2610 780 2660 sit
794 2623 839 2662 na·

21 2683 122 2751 ruralis.
138 2674 255 2732 ilidii-lum
267 2681 298 2732 sit
311 2680 382 2730 ilico
396 2680 548 2730 mediantibus
561 2682 657 2744 angelis.
673 2687 700 2731 3ι
715 2681 795 2733 Uirium
810 2682 840 2732 ed

21 2752 174 2828 prophetiam
186 2753 313 2818 requiratur
322 2751 443 2816 dispositio
452 2751 572 2802 naturalis.
581 2755 607 2802 ιο
618 2752 699 2804 Utrdm
709 2753 842 2818 requiratur
901 2796 906 2811 ,

21 2827 124 2886 nouitas
135 2839 232 2875 morum.
249 2830 276 2875 ⁵⁰
288 2824 368 2876 lltrlum
384 2824 413 2874 sit
428 2823 504 2887 alique
523 2825 646 2888 prophetia
659 2825 672 2874 l
686 2825 838 2877 damonibus.

21 2913 51 2960 so
70 2898 157 2952 utrum
169 2899 286 2963 prophete
297 2897 427 2951 demonum
439 2895 561 2963 aliquando
574 2895 650 2948 dicam
670 2911 759 2950 rerum.

130 3008 157 3050 l·
713 3001 744 3050 26
