1934 3284
335 155 368 192 ll!
383 151 516 196 mmm.
775 141 823 191 ΒΗ

29 235 106 300 rrimae
118 230 227 296 soperbia
243 229 343 294 speeies,
359 229 444 282 scilicet
459 246 473 278 u
486 227 537 279 edm
549 227 601 291 quir
614 227 628 278 l
639 227 762 292 semelipoo
781 229 823 280 lua·

29 320 80 358 tere
97 303 189 356 estimat
204 302 264 366 quod
277 299 292 353 i
304 302 350 351 lieo
365 302 450 363 habet3
460 318 474 348 n
489 300 525 352 uel
540 316 553 348 u
562 299 612 350 edm
626 299 722 364 propriis
736 298 821 350 monilis

29 378 70 428 ribi
86 377 162 427 dutum
175 374 271 437 desuper
283 372 363 422 credit.
373 370 477 422 nTertio
495 372 574 433 modo,
592 383 621 420 ex
638 375 701 435 parto
715 371 775 422 modi
784 372 826 422 lra-
883 376 903 388 ¹·

29 448 113 512 rendi,
126 451 191 511 prout
203 445 350 496 excellentior
363 443 446 506 adquis
459 441 559 496 redditur
573 455 600 492 cx
611 444 655 494 troc
665 442 725 506 qudd
739 443 824 494 bouum

29 521 120 585 iliqucd
130 516 276 581 excellentiis
285 517 372 567 ceteris
382 516 484 582 possidet
495 531 500 565 :
511 514 572 564 unde
581 528 609 565 ex
619 516 662 566 lroc
671 515 741 566 etiam
753 515 826 566 lerlur

30 589 155 644 nordinatd
169 589 284 654 appetitus
303 588 364 638 illius
383 589 407 638 iu
427 585 541 652 propriam
557 585 724 652 expedientiam.
744 587 773 638 nt
789 599 826 637 ae-

29 661 127 716 nudum
141 663 182 715 lroc
196 660 292 712 sumitur
305 663 385 724 quarta
397 659 509 724 superbia
524 657 625 722 species,
636 671 686 722 quac
697 663 733 710 est
746 675 762 706 u
771 657 824 710 adm

29 733 113 799 uliquis
124 732 235 797 despectis
248 732 338 782 ceteris
356 731 499 794 singulariter
513 731 563 779 vult
575 728 655 780 videri.
664 747 680 778 n

54 807 96 858 Ad
106 806 202 868 primum
215 817 269 866 ergo
280 803 414 866 dicendum,
426 802 487 866 putu
496 814 550 852 uera
561 801 683 852 estimatio
693 803 768 866 polest
777 815 827 852 cor

29 877 106 941 nmpi
119 875 245 939 dupliciter.
262 875 310 926 lluo
329 872 432 925 modain
447 873 584 938 uniuersali3
604 877 628 922 et
640 873 672 924 sic
686 873 710 924 in
725 874 762 924 liis
775 886 826 938 que

29 954 50 1004 ul
72 949 143 998 fidem
155 947 283 1011 pertinent,
295 947 443 1010 corrumpitur
458 957 511 996 uera
522 945 641 996 aeslintatio
653 959 694 1010 per
707 945 828 998 infidelita-

30 1036 85 1074 em.
98 1019 146 1070 illio
159 1019 225 1069 modo
240 1018 263 1067 iu
276 1015 352 1082 aliquo
365 1018 496 1082 particulari
509 1016 600 1079 eligitill
610 1034 617 1080 ;
628 1021 651 1066 et
659 1019 703 1068 hoc
716 1031 761 1068 nou
771 1015 825 1068 lacit

29 1090 190 1144 nfidelitutem.
205 1089 268 1141 Sicut
288 1084 327 1140 ille
344 1089 383 1155 qui
400 1090 536 1152 fornicatur,
558 1087 657 1138 estimat
671 1101 711 1152 pro
725 1093 826 1152 tenpore

29 1167 61 1216 llo
80 1165 166 1214 bonum
182 1175 233 1212 esse
246 1161 289 1210 siti
302 1159 424 1223 fornicari3
440 1174 482 1210 nec
497 1164 574 1212 lamen
586 1165 620 1210 est
637 1160 752 1220 indulelis,
766 1159 828 1214 sicul
843 1185 849 1204 .

29 1240 93 1288 isset
102 1233 153 1284 siin
169 1231 293 1295 universali
306 1232 392 1282 diceret
399 1231 572 1283 fornicationem
586 1229 635 1282 esse
648 1231 739 1282 bonnm
753 1231 784 1280 tit
793 1230 827 1282 ila

29 1314 59 1359 st
80 1306 108 1356 in
120 1304 244 1370 proposito.
257 1305 314 1354 Nam
323 1303 397 1355 dicere
406 1305 431 1353 in
442 1303 566 1354 universali
580 1304 670 1367 aliquod
680 1303 765 1354 bonum
776 1315 828 1354 csse

29 1379 91 1446 [uod
105 1391 150 1428 nou
162 1376 221 1428 asli
235 1378 299 1437 Deo,
314 1375 351 1426 uel
364 1376 459 1440 gratiam
471 1374 600 1426 homiuibus
614 1373 750 1440 promeritis
764 1373 827 1437 dari,

29 1450 130 1503 tertinel
138 1449 166 1499 ad
177 1447 348 1512 infidelitatem
364 1448 404 1498 sed
416 1447 476 1512 qudo
490 1447 573 1511 aliquis
585 1447 712 1498 inordinato
726 1445 830 1511 appetitu

29 1521 130 1587 ›ropriae
146 1519 286 1571 excellentia
298 1520 331 1570 ita
346 1521 374 1570 de
391 1518 456 1571 bonis
472 1519 521 1570 suis
534 1519 642 1582 glorietur
652 1532 679 1570 ac
691 1517 712 1568 si
724 1531 751 1570 ea
761 1531 792 1568 ex
804 1529 830 1568 se

29 1596 135 1656 ruberet,
147 1591 184 1641 rel
193 1604 222 1641 ex
231 1591 319 1642 meritis
328 1591 435 1656 propriis,
448 1591 548 1656 pertinet
556 1591 585 1640 ad
596 1590 738 1655 supertiam,
749 1593 773 1640 el
783 1601 830 1640 non
850 1619 853 1628 ·

29 1671 49 1720 d
66 1664 244 1728 infidelitatem,
258 1665 349 1730 proprie
361 1665 483 1728 loquendo.

53 1736 100 1790 Ad'
105 1736 229 1789 secuudum
239 1736 370 1798 dicendum,
379 1733 439 1798 quoa
448 1735 560 1799 jactantia
567 1735 661 1798 ponitur
668 1734 758 1797 species
766 1746 830 1784 men*

30 1808 89 1863 acii
101 1812 212 1873 qnanlum
226 1809 254 1858 ad
269 1806 405 1858 cutenorem
419 1811 495 1858 actum
514 1820 559 1870 quo
572 1807 624 1870 quis
634 1806 690 1858 folco
701 1807 746 1858 sibi
760 1806 831 1856 attri-

29 1883 78 1934 iuit
96 1879 158 1943 quod
169 1893 216 1937 uon
229 1879 307 1931 habel.
321 1879 365 1930 Sed
378 1882 488 1943 mutum
503 1879 532 1928 ad
544 1878 676 1928 interiorem
686 1875 831 1929 cordisarro·

29 1951 147 2013 ‘antiam‚
161 1951 253 2016 ponitur
264 1950 278 2000 l
291 1949 397 2015 Gregorio
411 1949 500 2015 species
511 1949 632 2012 superinice.
678 1987 682 1996 .

52 2023 203 2077 Ad'tertiom
217 2023 354 2085 dicendum,
367 2021 429 2086 qudd
441 2022 545 2085 ingratos
560 2025 596 2072 est
612 2021 653 2084 qui
667 2019 712 2072 eibi
728 2019 833 2072 attribuit

29 2096 90 2164 uod
109 2095 139 2144 alr
156 2094 201 2144 alio
218 2095 287 2144 trahet
303 2109 310 2143 ι
324 2095 385 2144 uude
404 2094 454 2144 duae
473 2093 551 2156 prima
570 2091 681 2156 superata
701 2091 791 2156 speeies
803 2091 833 2140 ad

29 2166 219 2234 ngratitudiuem
239 2164 366 2229 pertinent.
381 2165 446 2224 Qudd
461 2169 537 2214 autem
557 2165 638 2228 aliquis
657 2177 681 2214 se
698 2165 794 2216 emuset
805 2161 833 2212 de

29 2243 126 2296 occulo
142 2239 204 2302 quod
223 2238 308 2299 habat,
326 2238 425 2301 pertinet
438 2238 471 2294 ,ad
488 2237 580 2289 tertiam
595 2235 709 2301 speciem,
723 2235 779 2300 cuia
792 2247 835 2300 per

29 2327 72 2366 roc
88 2310 174 2373 aliquis
188 2309 350 2360 ocubuitsitti
365 2311 449 2361 bonurn
464 2309 600 2362 innocentia
617 2303 677 2372 ouod
694 2321 741 2361 nnn
756 2309 834 2358 natet.

29 2383 96 2448 tudrd
117 2385 198 2432 autem
214 2380 296 2446 aliquis
314 2378 493 2445 presumptuose
511 2381 592 2431 tendat
604 2379 631 2429 in
648 2379 671 2430 id
687 2379 748 2443 quod
766 2390 836 2444 supra

29 2468 108 2523 psum
125 2456 176 2514 est,
193 2453 306 2519 precipue
319 2452 410 2504 uidetur
423 2455 450 2504 ad
469 2455 573 2516 orarum
582 2452 691 2518 {speciem
705 2451 834 2516 putrem,

29 2524 162 2580 ecunddm
172 2539 241 2588 qoam
255 2525 337 2588 aliquis
351 2526 400 2576 uult
415 2525 467 2575 aliis
480 2524 591 2588 prelerri.

54 2598 95 2648 Ad
110 2602 220 2660 quamam
233 2597 368 2658 dicendum,
379 2596 439 2660 qudd
452 2597 492 2647 illa
506 2596 548 2646 tria
558 2610 609 2660 quae
622 2595 689 2660 ponit
702 2594 833 2656 inanimus,

29 2668 182 2734 ccipiuntur
201 2668 327 2720 eacunddm
349 2681 493 2732 progressum
515 2667 603 2732 peccati
625 2667 759 2732 cujuslibet,
777 2665 838 2730 quod

29 2741 107 2793 rrimd
123 2741 199 2791 ‘corde
216 2740 354 2805 concipitur,
369 2739 469 2791 secundo
484 2752 522 2790 ore
542 2739 665 2804 profertur,
683 2737 750 2790 lertid
771 2750 839 2803 opere

29 2813 165 2868 rerficilur.
177 2813 218 2863 llla
229 2818 303 2864 autem
318 2812 434 2863 duodecim
448 2825 500 2876 quae
513 2811 578 2876 ponit
591 2811 729 2874 Romamne,
746 2821 840 2862 comou-

29 2901 65 2940 ur
76 2899 124 2951 per
137 2883 270 2951 oppositum
284 2885 314 2937 ad
328 2884 446 2939 duodecim
458 2884 700 2948 nrdmuumitutm
712 2885 741 2935 dc
757 2881 841 2948 quitur

702 2979 746 3036 „a
