1934 3284
118 137 164 189 tot
219 152 327 191 sucum
345 149 472 202 securos,
487 149 581 198 onssr.
597 149 685 199 ercnr,
699 147 755 187 nur.
769 147 813 187 rur.

116 227 178 278 hona
187 223 226 277 hel
240 228 307 278 roala.
322 226 388 278 Finis
403 230 479 278 anum
492 225 591 276 mannii
605 225 735 290 appehhllis
749 230 786 277 est
801 223 918 276 beatitudo
948 251 949 280 r

118 299 156 348 rel
169 297 280 360 felicitas,
293 299 333 362 qui
346 303 382 349 est
393 299 488 350 ultimus
498 297 550 348 linis
564 297 669 348 humanae
681 297 734 348 uita
744 335 751 359 ,
762 301 789 346 ut
801 295 869 360 sopri
881 297 921 346 ha·
948 287 949 368 l

118 368 192 418 bitum
201 372 236 419 est
247 371 255 430 l
266 373 327 433 Μ,
337 380 376 434 ou.
389 373 414 431 l,
426 373 470 420 an.
481 371 506 429 l,
519 371 586 418 tete
597 367 615 430 ).
624 369 653 418 Et
664 367 724 430 ileo,
737 365 822 431 quarti
835 367 923 431 aliqnirl
948 375 949 424 r

120 441 192 504 magis
205 440 323 505 participat
338 441 481 493 conditiones
494 439 622 501 felicitatis,
639 439 702 490 tanti
717 438 791 504 magis
806 442 842 488 est
851 449 923 503 appe·
948 425 949 472 l

119 511 191 561 tihile.
206 512 247 562 list
261 517 338 563 autem
351 526 397 563 nna
409 513 437 563 cle
450 511 619 562 conditionibus
634 509 750 562 felicitatis
761 512 786 559 ut
801 510 831 560 sit
843 523 885 574 per
899 525 924 560 sa
948 479 949 566 i

120 583 251 647 sufficiens3
267 585 369 650 alioquin
382 599 427 636 non
438 585 551 648 quietaret
564 584 691 648 appetitum
706 587 815 647 unquam
827 582 926 632 ultimus

120 654 181 705 linis.
198 656 243 706 Sed
260 670 302 720 pcr
320 670 346 706 se
357 656 518 708 sufficientiam
529 653 631 706 maximi
645 653 808 718 repromittunt
820 652 925 713 diuitiae,

120 730 147 775 nt
159 727 253 778 Boetius
273 729 328 778 dicit
341 727 366 778 in
381 729 411 778 lll
423 729 459 777 De
468 728 590 778 coruolot.
611 725 695 790 (Prosl
712 725 765 784 llll.
776 723 850 786 Cujus
866 723 926 774 ratio

121 801 170 860 est,
184 797 238 862 qnia
257 799 316 849 sicut
334 800 486 863 Philosophus
505 799 559 850 (licit
575 798 599 847 in
620 798 639 844 V
653 797 779 851 Ethicor„
796 793 927 844 u'clenario

121 868 207 918 utimur
221 871 285 933 quasi
299 871 432 934 fidejussore
446 873 474 920 ad
487 870 563 922 omnia
575 869 713 920 habenda.»
729 867 757 916 Et
770 864 878 921 Eccles„
895 867 923 926 ll,

122 940 205 991 dicitur
214 941 403 1007 quhdupecnniae
417 943 525 993 obediunt
535 941 618 992 omnia.
631 956 644 987 n
654 939 741 990 Elidos
751 936 856 996 auaritia,
871 953 923 1001 qua

122 1013 226 1064 consistit
242 1014 266 1063 in
275 1015 379 1079 appetitu
390 1014 508 1080 pecunie,
521 1017 556 1064 est
569 1011 650 1063 vitium
662 1010 767 1075 capitale.

128 1099 132 1110 ·
156 1085 189 1134 lltl
199 1086 296 1149 primum
307 1100 361 1149 ergo
372 1087 503 1150 dicendum,
511 1085 571 1149 quod
584 1085 656 1134 uirtus
668 1082 784 1146 perficitur
797 1083 925 1133 secundini

124 1157 249 1220 rationem,
267 1157 347 1208 vitiam
372 1163 448 1208 autern
471 1158 586 1222 perlinitur
606 1153 730 1206 secunclhm
753 1153 927 1205 inclinationem

124 1228 238 1291 appetitis
257 1229 370 1280 sensitiui.
389 1231 439 1280 Non
457 1235 533 1279 autern
555 1230 581 1278 acl
600 1227 660 1278 idem
683 1239 754 1289 genus
772 1223 928 1288 principaliter

124 1298 220 1362 respicit
232 1301 290 1350 ratio
298 1306 323 1350 et
331 1302 446 1365 appetitus
460 1299 582 1350 sensitirns
592 1315 599 1348 ε
611 1302 633 1349 et
642 1299 693 1348 ideo
702 1307 748 1347 non
762 1300 852 1360 oportet
864 1295 925 1359 quod

124 1370 249 1435 principale
262 1371 343 1421 uitium
362 1378 489 1438 opponatur
502 1371 622 1437 principali
637 1369 723 1420 virtuti.
738 1369 814 1428 Unde,
823 1365 881 1417 lieet
901 1367 929 1416 li-

27 1461 36 1483 s
125 1440 231 1491 heralitas
247 1455 293 1493 non
306 1444 337 1493 sit
350 1444 482 1508 principalis
494 1444 581 1506 uirtus,
597 1441 705 1506 quianon
715 1437 808 1502 respicit
822 1439 849 1488 ad
861 1437 926 1501 prin-

28 2228 41 2252 ⁰
129 2232 159 2281 Et
168 2233 219 2284 ideo
226 2235 295 2286 habet
302 2235 423 2299 quamdam
434 2233 604 2285 similitudinem
612 2229 737 2293 felicitatis,
747 2232 773 2277 nt
788 2226 929 2276 dictumest.

125 1511 197 1575 cipale
209 1513 294 1563 honum
313 1517 420 1580 rationis,
435 1515 529 1565 auaritia
549 1521 623 1566 tamen
645 1517 679 1563 est
691 1508 816 1576 principale
831 1508 926 1571 vitium,

125 1581 180 1645 quia
199 1585 292 1649 respicit
310 1589 338 1638 ad
352 1589 489 1652 pecuniam,
507 1601 557 1652 qna
576 1587 645 1636 habet
659 1584 779 1648 quamdam
797 1579 931 1646 principali·

125 1656 195 1704 tatem
213 1656 274 1708 inter
292 1659 352 1709 hona
373 1659 505 1720 sensibilia,
524 1659 612 1709 ratione
629 1651 759 1721 jamdicti.
779 1650 930 1714 Prodigalitns

126 1728 202 1775 nutem
224 1741 268 1778 non
285 1729 402 1781 ordinatur
417 1732 445 1781 ad
463 1732 562 1796 aliquem
581 1729 648 1779 finem
670 1723 827 1792 principaliter
839 1723 930 1786 appeti·

126 1797 211 1863 bilem,
227 1803 267 1852 sed
281 1804 353 1866 magis
364 1805 456 1854 ridetur·
463 1805 582 1868 procedere
596 1817 626 1852 ex
639 1803 728 1852 defectu
741 1795 852 1860 rationis;
868 1797 928 1846 unde

128 1869 280 1936 Philosophus
292 1875 347 1924 dicit
362 1875 387 1925 in
398 1877 427 1924 lv
442 1877 536 1933 Ettric„
548 1865 632 1938 quhl'«
640 1871 749 1936 prodigus
759 1867 833 1931 magis
847 1865 929 1917 dicitur

126 1944 284 2008 unusquam
301 1947 383 1999 malus.
393 1965 407 1995 n

160 2017 194 2066 hd
206 2019 330 2068 nennium
342 2020 470 2080 (licendum,
485 2019 546 2083 quhd
560 2015 656 2082 pecnnia
668 2015 785 2066 ordinatur
798 2010 892 2074 quidem
904 2008 930 2059 ad
948 2053 949 2074 ,

128 2087 190 2138 aliucl
206 2091 264 2139 sieut
277 2092 304 2140 ad
319 2094 400 2156 hnem3
412 2093 437 2141 in
455 2095 564 2156 quantum
582 2095 658 2140 tamen
674 2086 737 2140 utilis
756 2087 792 2134 est
805 2084 834 2134 ad
854 2081 930 2133 omnia

129 2161 245 2212 sensibilia
262 2163 413 2228 acquirenda,
435 2164 537 2214 continet
556 2159 721 2227 quodaminodo
742 2156 827 2206 virtute
845 2154 928 2204 omnia·

161 2306 194 2354 nn
209 2307 301 2356 cccrum
317 2307 452 2363 asnorum,
469 2305 529 2368 quon
550 2304 606 2354 nonu
623 2299 824 2367 poenitetntiam
836 2297 930 2362 capione

129 2374 242 2425 interdum
259 2377 273 2427 'a
285 2378 419 2442 quibusdam
431 2377 483 2426 aliis
492 2377 557 2440 oriri,
565 2380 590 2425 ut
600 2375 684 2425 dictum
694 2376 728 2423 est
738 2372 787 2435 (qu.
798 2373 839 2432 26,
853 2371 898 2418 art.
907 2368 928 2426 l,

129 2445 157 2495 ad
166 2444 202 2509 f),
213 2448 352 2499 dumtanren
362 2463 390 2499 eu
404 2459 431 2499 eo
445 2449 489 2499 alia
508 2449 564 2499 uitia
574 2448 662 2498 soleant
674 2445 807 2508 plerumque
823 2438 887 2491 oriri.
