<?xml version="1.0" encoding="UTF-8"?>
<!DOCTYPE html PUBLIC "-//W3C//DTD XHTML 1.0 Transitional//EN"
    "http://www.w3.org/TR/xhtml1/DTD/xhtml1-transitional.dtd">
<html xmlns="http://www.w3.org/1999/xhtml" xml:lang="en" lang="en">
 <head>
  <title>
</title>
<meta http-equiv="Content-Type" content="text/html;charset=utf-8" />
  <meta name='ocr-system' content='tesseract 3.04.00' />
  <meta name='ocr-capabilities' content='ocr_page ocr_carea ocr_par ocr_line ocrx_word'/>
</head>
<body>
  <div class='ocr_page' id='page_1' title='image "./summatheologica05nicogoog_0174.png"; bbox 0 0 1934 3284; ppageno 0'>
   <div class='ocr_carea' id='block_1_1' title="bbox 325 177 835 235">
    <p class='ocr_par' dir='ltr' id='par_1_1' title="bbox 325 177 835 235">
     <span class='ocr_line' id='line_1_1' title="bbox 325 177 835 235; baseline 0.008 -5"><span class='ocrx_word' id='word_1_1' title='bbox 325 182 355 230; x_wconf 84' lang='lat' dir='ltr'><strong>bn</strong></span> <span class='ocrx_word' id='word_1_2' title='bbox 371 178 537 232; x_wconf 70' lang='lat' dir='ltr'><strong>inormitatis.</strong></span> <span class='ocrx_word' id='word_1_3' title='bbox 788 177 835 235; x_wconf 62' lang='lat'><strong>169</strong></span> 
     </span>
    </p>
   </div>
   <div class='ocr_carea' id='block_1_2' title="bbox 19 268 839 549">
    <p class='ocr_par' dir='ltr' id='par_1_2' title="bbox 19 268 839 549">
     <span class='ocr_line' id='line_1_2' title="bbox 20 268 835 333; baseline 0.011 -17"><span class='ocrx_word' id='word_1_4' title='bbox 20 270 53 319; x_wconf 83' lang='lat' dir='ltr'><strong>loli</strong></span> <span class='ocrx_word' id='word_1_5' title='bbox 69 271 158 323; x_wconf 80' lang='lat' dir='ltr'><strong>mondo</strong></span> <span class='ocrx_word' id='word_1_6' title='bbox 176 274 203 321; x_wconf 89' lang='lat' dir='ltr'><strong>et</strong></span> <span class='ocrx_word' id='word_1_7' title='bbox 219 268 331 321; x_wconf 89' lang='lat' dir='ltr'><strong>omnihus</strong></span> <span class='ocrx_word' id='word_1_8' title='bbox 347 269 450 333; x_wconf 89' lang='lat' dir='ltr'><strong>partibus</strong></span> <span class='ocrx_word' id='word_1_9' title='bbox 468 269 520 333; x_wconf 74' lang='lat' dir='ltr'><strong>eius</strong></span> <span class='ocrx_word' id='word_1_10' title='bbox 538 282 589 322; x_wconf 87' lang='lat' dir='ltr'><strong>esse</strong></span> <span class='ocrx_word' id='word_1_11' title='bbox 605 268 692 322; x_wconf 82' lang='lat' dir='ltr'><strong>onllunr</strong></span> <span class='ocrx_word' id='word_1_12' title='bbox 706 270 835 325; x_wconf 83' lang='lat' dir='ltr'><strong>divinitalis</strong></span> 
     </span>
     <span class='ocr_line' id='line_1_3' title="bbox 19 340 834 408; baseline 0.011 -21"><span class='ocrx_word' id='word_1_13' title='bbox 19 341 181 407; x_wconf 78' lang='lat' dir='ltr'><strong>exhibendum,</strong></span> <span class='ocrx_word' id='word_1_14' title='bbox 196 340 272 403; x_wconf 80' lang='lat' dir='ltr'><strong>ooeto,</strong></span> <span class='ocrx_word' id='word_1_15' title='bbox 284 340 340 404; x_wconf 88' lang='lat' dir='ltr'><strong>aeri,</strong></span> <span class='ocrx_word' id='word_1_16' title='bbox 351 353 415 404; x_wconf 82' lang='lat' dir='ltr'><strong>aqua</strong></span> <span class='ocrx_word' id='word_1_17' title='bbox 427 344 451 391; x_wconf 88' lang='lat' dir='ltr'><strong>et</strong></span> <span class='ocrx_word' id='word_1_18' title='bbox 462 341 566 394; x_wconf 87' lang='lat' dir='ltr'><strong>omnibns</strong></span> <span class='ocrx_word' id='word_1_19' title='bbox 579 342 713 407; x_wconf 83' lang='lat' dir='ltr'><strong>hujusmodi</strong></span> <span class='ocrx_word' id='word_1_20' title='bbox 722 344 834 408; x_wconf 71' lang='lat' dir='ltr'><strong>partibus</strong></span> 
     </span>
     <span class='ocr_line' id='line_1_4' title="bbox 19 412 839 477; baseline 0.006 -17"><span class='ocrx_word' id='word_1_21' title='bbox 19 418 36 460; x_wconf 81' lang='lat' dir='ltr'><strong>rt</strong></span> <span class='ocrx_word' id='word_1_22' title='bbox 46 414 135 467; x_wconf 79' lang='lat' dir='ltr'><strong>adhaec</strong></span> <span class='ocrx_word' id='word_1_23' title='bbox 145 412 288 470; x_wconf 75' lang='lat' dir='ltr'>referebant</span> <span class='ocrx_word' id='word_1_24' title='bbox 297 412 392 463; x_wconf 89' lang='lat' dir='ltr'><strong>nomina</strong></span> <span class='ocrx_word' id='word_1_25' title='bbox 402 416 425 463; x_wconf 86' lang='lat' dir='ltr'><strong>el</strong></span> <span class='ocrx_word' id='word_1_26' title='bbox 436 412 548 477; x_wconf 78' lang='lat' dir='ltr'>imagines</span> <span class='ocrx_word' id='word_1_27' title='bbox 558 426 653 465; x_wconf 86' lang='lat' dir='ltr'><strong>suornm</strong></span> <span class='ocrx_word' id='word_1_28' title='bbox 664 416 757 467; x_wconf 86' lang='lat' dir='ltr'><strong>deorum</strong></span> <span class='ocrx_word' id='word_1_29' title='bbox 764 453 771 475; x_wconf 92' lang='lat'><strong>,</strong></span> <span class='ocrx_word' id='word_1_30' title='bbox 779 415 839 467; x_wconf 74' lang='lat' dir='ltr'><strong>ment</strong></span> 
     </span>
     <span class='ocr_line' id='line_1_5' title="bbox 20 484 839 549; baseline 0.007 -19"><span class='ocrx_word' id='word_1_31' title='bbox 20 485 80 537; x_wconf 85' lang='lat' dir='ltr'><strong>t&#39;urro</strong></span> <span class='ocrx_word' id='word_1_32' title='bbox 99 486 216 549; x_wconf 78' lang='lat' dir='ltr'><strong>dicebat,</strong></span> <span class='ocrx_word' id='word_1_33' title='bbox 236 488 262 535; x_wconf 90' lang='lat' dir='ltr'><strong>et</strong></span> <span class='ocrx_word' id='word_1_34' title='bbox 282 486 363 535; x_wconf 89' lang='lat' dir='ltr'><strong>narrat</strong></span> <span class='ocrx_word' id='word_1_35' title='bbox 383 484 560 549; x_wconf 78' lang='lat' dir='ltr'><strong>hugustinnsin</strong></span> <span class='ocrx_word' id='word_1_36' title='bbox 577 485 617 536; x_wconf 84' lang='lat' dir='ltr'><strong>Vll</strong></span> <span class='ocrx_word' id='word_1_37' title='bbox 639 487 676 538; x_wconf 86' lang='lat' dir='ltr'><strong>De</strong></span> <span class='ocrx_word' id='word_1_38' title='bbox 693 486 772 538; x_wconf 74' lang='lat' dir='ltr'><strong>civil.</strong></span> <span class='ocrx_word' id='word_1_39' title='bbox 787 488 839 537; x_wconf 86' lang='lat' dir='ltr'><strong>Dei</strong></span> 
     </span>
    </p>
   </div>
   <div class='ocr_carea' id='block_1_3' title="bbox 20 556 838 768">
    <p class='ocr_par' dir='ltr' id='par_1_3' title="bbox 20 556 838 768">
     <span class='ocr_line' id='line_1_6' title="bbox 21 556 835 622; baseline 0.009 -18"><span class='ocrx_word' id='word_1_40' title='bbox 21 563 79 621; x_wconf 75' lang='lat' dir='ltr'><strong>jcup.</strong></span> <span class='ocrx_word' id='word_1_41' title='bbox 92 563 108 607; x_wconf 74' lang='lat'>2</span> <span class='ocrx_word' id='word_1_42' title='bbox 124 562 151 609; x_wconf 89' lang='lat' dir='ltr'><strong>et</strong></span> <span class='ocrx_word' id='word_1_43' title='bbox 161 562 197 610; x_wconf 74' lang='lat'><strong>23</strong></span> <span class='ocrx_word' id='word_1_44' title='bbox 206 559 227 619; x_wconf 74' lang='lat' dir='ltr'><strong>l.</strong></span> <span class='ocrx_word' id='word_1_45' title='bbox 244 556 291 606; x_wconf 80' lang='lat' dir='ltr'><strong>lilii</strong></span> <span class='ocrx_word' id='word_1_46' title='bbox 303 556 358 607; x_wconf 85' lang='lat' dir='ltr'><strong>verb</strong></span> <span class='ocrx_word' id='word_1_47' title='bbox 369 556 475 621; x_wconf 82' lang='lat' dir='ltr'><strong>(scilieet</strong></span> <span class='ocrx_word' id='word_1_48' title='bbox 488 556 613 618; x_wconf 71' lang='lat' dir='ltr'><strong>Platonici)</strong></span> <span class='ocrx_word' id='word_1_49' title='bbox 623 563 750 622; x_wconf 85' lang='lat' dir='ltr'><strong>posuerunt</strong></span> <span class='ocrx_word' id='word_1_50' title='bbox 762 572 835 611; x_wconf 84' lang='lat' dir='ltr'><strong>unum</strong></span> 
     </span>
     <span class='ocr_line' id='line_1_7' title="bbox 20 627 838 696; baseline 0.005 -19"><span class='ocrx_word' id='word_1_51' title='bbox 20 643 64 679; x_wconf 82' lang='lat' dir='ltr'><strong>osse</strong></span> <span class='ocrx_word' id='word_1_52' title='bbox 85 644 213 681; x_wconf 85' lang='lat' dir='ltr'><strong>summam</strong></span> <span class='ocrx_word' id='word_1_53' title='bbox 231 629 307 679; x_wconf 84' lang='lat' dir='ltr'><strong>Deum</strong></span> <span class='ocrx_word' id='word_1_54' title='bbox 327 641 420 679; x_wconf 87' lang='lat' dir='ltr'><strong>eausam</strong></span> <span class='ocrx_word' id='word_1_55' title='bbox 434 627 553 690; x_wconf 86' lang='lat' dir='ltr'><strong>omnium,</strong></span> <span class='ocrx_word' id='word_1_56' title='bbox 566 632 619 693; x_wconf 90' lang='lat' dir='ltr'><strong>post</strong></span> <span class='ocrx_word' id='word_1_57' title='bbox 640 644 707 694; x_wconf 85' lang='lat' dir='ltr'><strong>quem</strong></span> <span class='ocrx_word' id='word_1_58' title='bbox 722 631 838 696; x_wconf 86' lang='lat' dir='ltr'><strong>ponebant</strong></span> 
     </span>
     <span class='ocr_line' id='line_1_8' title="bbox 20 698 836 768; baseline 0.009 -20"><span class='ocrx_word' id='word_1_59' title='bbox 20 715 63 751; x_wconf 76' lang='lat' dir='ltr'><strong>usse</strong></span> <span class='ocrx_word' id='word_1_60' title='bbox 72 701 223 753; x_wconf 84' lang='lat' dir='ltr'><strong>snbstantias</strong></span> <span class='ocrx_word' id='word_1_61' title='bbox 233 700 347 765; x_wconf 87' lang='lat' dir='ltr'><strong>quasdam</strong></span> <span class='ocrx_word' id='word_1_62' title='bbox 356 698 484 765; x_wconf 74' lang='lat' dir='ltr'><strong>spirituales</strong></span> <span class='ocrx_word' id='word_1_63' title='bbox 496 700 660 753; x_wconf 81' lang='lat' dir='ltr'><strong>dsmnmolieo</strong></span> <span class='ocrx_word' id='word_1_64' title='bbox 669 708 765 767; x_wconf 80' lang='lat' dir='ltr'><strong>creatas,</strong></span> <span class='ocrx_word' id='word_1_65' title='bbox 777 717 836 768; x_wconf 82' lang='lat' dir='ltr'><strong>quas</strong></span> 
     </span>
    </p>
   </div>
   <div class='ocr_carea' id='block_1_4' title="bbox 19 770 910 3067">
    <p class='ocr_par' dir='ltr' id='par_1_4' title="bbox 19 770 910 1339">
     <span class='ocr_line' id='line_1_9' title="bbox 20 770 837 836; baseline 0.007 -17"><span class='ocrx_word' id='word_1_66' title='bbox 20 772 76 822; x_wconf 82' lang='lat' dir='ltr'><strong>ileos</strong></span> <span class='ocrx_word' id='word_1_67' title='bbox 89 772 262 831; x_wconf 77' lang='lat' dir='ltr'><strong>nominabant,</strong></span> <span class='ocrx_word' id='word_1_68' title='bbox 271 770 448 834; x_wconf 77' lang='lat' dir='ltr'><strong>participatione</strong></span> <span class='ocrx_word' id='word_1_69' title='bbox 461 770 550 822; x_wconf 76' lang='lat' dir='ltr'><strong>seilicet</strong></span> <span class='ocrx_word' id='word_1_70' title='bbox 556 772 749 836; x_wconf 85' lang='lat' dir='ltr'><strong>diuinitatis,nos</strong></span> <span class='ocrx_word' id='word_1_71' title='bbox 760 779 837 825; x_wconf 87' lang='lat' dir='ltr'><strong>antem</strong></span> 
     </span>
     <span class='ocr_line' id='line_1_10' title="bbox 19 842 836 910; baseline 0.009 -19"><span class='ocrx_word' id='word_1_72' title='bbox 19 858 52 894; x_wconf 78' lang='lat' dir='ltr'><strong>uos</strong></span> <span class='ocrx_word' id='word_1_73' title='bbox 66 846 172 910; x_wconf 74' lang='lat' dir='ltr'><strong>ampelos</strong></span> <span class='ocrx_word' id='word_1_74' title='bbox 193 842 315 907; x_wconf 88' lang='lat' dir='ltr'><strong>dieimns;</strong></span> <span class='ocrx_word' id='word_1_75' title='bbox 330 845 384 906; x_wconf 89' lang='lat' dir='ltr'><strong>post</strong></span> <span class='ocrx_word' id='word_1_76' title='bbox 396 855 453 907; x_wconf 86' lang='lat' dir='ltr'><strong>quos</strong></span> <span class='ocrx_word' id='word_1_77' title='bbox 472 845 587 908; x_wconf 86' lang='lat' dir='ltr'><strong>ponebant</strong></span> <span class='ocrx_word' id='word_1_78' title='bbox 608 844 697 896; x_wconf 85' lang='lat' dir='ltr'><strong>animas</strong></span> <span class='ocrx_word' id='word_1_79' title='bbox 710 846 836 899; x_wconf 78' lang='lat' dir='ltr'><strong>celestium</strong></span> 
     </span>
     <span class='ocr_line' id='line_1_11' title="bbox 19 914 838 981; baseline 0.009 -19"><span class='ocrx_word' id='word_1_80' title='bbox 19 929 144 980; x_wconf 83' lang='lat' dir='ltr'><strong>uorpumm,</strong></span> <span class='ocrx_word' id='word_1_81' title='bbox 160 920 188 967; x_wconf 90' lang='lat' dir='ltr'><strong>el</strong></span> <span class='ocrx_word' id='word_1_82' title='bbox 200 914 296 966; x_wconf 83' lang='lat' dir='ltr'><strong>sabbis</strong></span> <span class='ocrx_word' id='word_1_83' title='bbox 310 914 426 965; x_wconf 85' lang='lat' dir='ltr'><strong>daemones</strong></span> <span class='ocrx_word' id='word_1_84' title='bbox 435 952 443 975; x_wconf 91' lang='lat'><strong>,</strong></span> <span class='ocrx_word' id='word_1_85' title='bbox 451 928 508 978; x_wconf 86' lang='lat' dir='ltr'><strong>qnos</strong></span> <span class='ocrx_word' id='word_1_86' title='bbox 517 914 623 967; x_wconf 87' lang='lat' dir='ltr'><strong>dioebant</strong></span> <span class='ocrx_word' id='word_1_87' title='bbox 635 928 685 968; x_wconf 82' lang='lat' dir='ltr'><strong>esse</strong></span> <span class='ocrx_word' id='word_1_88' title='bbox 695 930 762 968; x_wconf 83' lang='lat' dir='ltr'><strong>aenea</strong></span> <span class='ocrx_word' id='word_1_89' title='bbox 773 931 838 981; x_wconf 81' lang='lat' dir='ltr'><strong>qae-</strong></span> 
     </span>
     <span class='ocr_line' id='line_1_12' title="bbox 19 985 835 1052; baseline 0.005 -17"><span class='ocrx_word' id='word_1_90' title='bbox 19 990 64 1037; x_wconf 84' lang='lat' dir='ltr'><strong>dam</strong></span> <span class='ocrx_word' id='word_1_91' title='bbox 84 988 217 1052; x_wconf 89' lang='lat' dir='ltr'><strong>animalia;</strong></span> <span class='ocrx_word' id='word_1_92' title='bbox 233 990 261 1038; x_wconf 88' lang='lat' dir='ltr'><strong>et</strong></span> <span class='ocrx_word' id='word_1_93' title='bbox 278 985 323 1037; x_wconf 89' lang='lat' dir='ltr'><strong>snb</strong></span> <span class='ocrx_word' id='word_1_94' title='bbox 341 986 506 1050; x_wconf 83' lang='lat' dir='ltr'><strong>disponebant</strong></span> <span class='ocrx_word' id='word_1_95' title='bbox 525 988 613 1039; x_wconf 87' lang='lat' dir='ltr'><strong>animas</strong></span> <span class='ocrx_word' id='word_1_96' title='bbox 628 988 760 1050; x_wconf 91' lang='lat' dir='ltr'><strong>hominnm,</strong></span> <span class='ocrx_word' id='word_1_97' title='bbox 777 1001 835 1052; x_wconf 78' lang='lat' dir='ltr'><strong>quas</strong></span> 
     </span>
     <span class='ocr_line' id='line_1_13' title="bbox 19 1058 838 1119; baseline 0.005 -13"><span class='ocrx_word' id='word_1_98' title='bbox 19 1072 54 1119; x_wconf 86' lang='lat' dir='ltr'><strong>per</strong></span> <span class='ocrx_word' id='word_1_99' title='bbox 74 1060 171 1111; x_wconf 82' lang='lat' dir='ltr'><strong>virtutis</strong></span> <span class='ocrx_word' id='word_1_100' title='bbox 193 1058 309 1117; x_wconf 83' lang='lat' dir='ltr'><strong>meritum</strong></span> <span class='ocrx_word' id='word_1_101' title='bbox 331 1058 360 1107; x_wconf 88' lang='lat' dir='ltr'><strong>ad</strong></span> <span class='ocrx_word' id='word_1_102' title='bbox 383 1058 476 1109; x_wconf 88' lang='lat' dir='ltr'><strong>deorum</strong></span> <span class='ocrx_word' id='word_1_103' title='bbox 494 1060 532 1110; x_wconf 86' lang='lat' dir='ltr'><strong>rel</strong></span> <span class='ocrx_word' id='word_1_104' title='bbox 551 1059 680 1111; x_wconf 61' lang='lat' dir='ltr'><strong>wmonum</strong></span> <span class='ocrx_word' id='word_1_105' title='bbox 704 1059 838 1111; x_wconf 64' lang='lat' dir='ltr'><strong>moisem</strong></span> 
     </span>
     <span class='ocr_line' id='line_1_14' title="bbox 20 1126 837 1193; baseline 0.009 -18"><span class='ocrx_word' id='word_1_106' title='bbox 20 1132 98 1180; x_wconf 78' lang='lat' dir='ltr'><strong>assumi</strong></span> <span class='ocrx_word' id='word_1_107' title='bbox 116 1130 267 1193; x_wconf 81' lang='lat' dir='ltr'><strong>credebant3</strong></span> <span class='ocrx_word' id='word_1_108' title='bbox 283 1126 359 1181; x_wconf 87' lang='lat' dir='ltr'><strong>ethis</strong></span> <span class='ocrx_word' id='word_1_109' title='bbox 370 1128 483 1181; x_wconf 87' lang='lat' dir='ltr'><strong>omnibns</strong></span> <span class='ocrx_word' id='word_1_110' title='bbox 497 1130 583 1183; x_wconf 82' lang='lat' dir='ltr'><strong>anitum</strong></span> <span class='ocrx_word' id='word_1_111' title='bbox 597 1130 723 1181; x_wconf 84' lang='lat' dir='ltr'><strong>divinitatis</strong></span> <span class='ocrx_word' id='word_1_112' title='bbox 735 1130 837 1182; x_wconf 81' lang='lat' dir='ltr'><strong>exbibe-</strong></span> 
     </span>
     <span class='ocr_line' id='line_1_15' title="bbox 21 1201 835 1269; baseline 0.005 -21"><span class='ocrx_word' id='word_1_113' title='bbox 21 1204 80 1264; x_wconf 83' lang='lat' dir='ltr'><strong>lnnt,</strong></span> <span class='ocrx_word' id='word_1_114' title='bbox 94 1208 121 1255; x_wconf 87' lang='lat' dir='ltr'><strong>ut</strong></span> <span class='ocrx_word' id='word_1_115' title='bbox 136 1201 290 1267; x_wconf 75' lang='lat' dir='ltr'><strong>Augustiana</strong></span> <span class='ocrx_word' id='word_1_116' title='bbox 304 1205 382 1252; x_wconf 86' lang='lat' dir='ltr'><strong>narrat</strong></span> <span class='ocrx_word' id='word_1_117' title='bbox 395 1201 420 1252; x_wconf 91' lang='lat' dir='ltr'><strong>in</strong></span> <span class='ocrx_word' id='word_1_118' title='bbox 435 1202 483 1253; x_wconf 86' lang='lat' dir='ltr'><strong>lllll</strong></span> <span class='ocrx_word' id='word_1_119' title='bbox 500 1203 535 1252; x_wconf 81' lang='lat' dir='ltr'><strong>De</strong></span> <span class='ocrx_word' id='word_1_120' title='bbox 549 1203 604 1254; x_wconf 80' lang='lat' dir='ltr'><strong>Cin.</strong></span> <span class='ocrx_word' id='word_1_121' title='bbox 619 1204 666 1253; x_wconf 82' lang='lat' dir='ltr'><strong>Dei</strong></span> <span class='ocrx_word' id='word_1_122' title='bbox 678 1204 745 1269; x_wconf 76' lang='lat' dir='ltr'><strong>(esp.</strong></span> <span class='ocrx_word' id='word_1_123' title='bbox 763 1206 794 1253; x_wconf 82' lang='lat' dir='ltr'><strong>lt</strong></span> <span class='ocrx_word' id='word_1_124' title='bbox 808 1216 835 1252; x_wconf 84' lang='lat' dir='ltr'><strong>ue</strong></span> 
     </span>
     <span class='ocr_line' id='line_1_16' title="bbox 21 1275 910 1339; baseline 0.008 -19"><span class='ocrx_word' id='word_1_125' title='bbox 21 1275 153 1339; x_wconf 61' lang='lat' dir='ltr'><strong>deinceps).</strong></span> <span class='ocrx_word' id='word_1_126' title='bbox 908 1332 910 1336; x_wconf 17' lang='lat'><strong>¹</strong></span> 
     </span>
    </p>

    <p class='ocr_par' dir='ltr' id='par_1_5' title="bbox 22 1344 838 2201">
     <span class='ocr_line' id='line_1_17' title="bbox 47 1344 838 1412; baseline 0.006 -17"><span class='ocrx_word' id='word_1_127' title='bbox 47 1347 192 1399; x_wconf 68' lang='lat' dir='ltr'><strong>{insaniem</strong></span> <span class='ocrx_word' id='word_1_128' title='bbox 213 1346 275 1397; x_wconf 89' lang='lat' dir='ltr'><strong>duas</strong></span> <span class='ocrx_word' id='word_1_129' title='bbox 292 1344 386 1397; x_wconf 86' lang='lat' dir='ltr'><strong>ultimas</strong></span> <span class='ocrx_word' id='word_1_130' title='bbox 408 1344 529 1410; x_wconf 81' lang='lat' dir='ltr'><strong>opiniones</strong></span> <span class='ocrx_word' id='word_1_131' title='bbox 548 1346 655 1399; x_wconf 83' lang='lat' dir='ltr'><strong>dicebant</strong></span> <span class='ocrx_word' id='word_1_132' title='bbox 674 1346 789 1412; x_wconf 83' lang='lat' dir='ltr'><strong>pertinere</strong></span> <span class='ocrx_word' id='word_1_133' title='bbox 808 1350 838 1400; x_wconf 89' lang='lat' dir='ltr'><strong>ad</strong></span> 
     </span>
     <span class='ocr_line' id='line_1_18' title="bbox 22 1417 836 1483; baseline 0.006 -17"><span class='ocrx_word' id='word_1_134' title='bbox 22 1420 136 1481; x_wconf 80' lang='lat' dir='ltr'><strong>phpsieam</strong></span> <span class='ocrx_word' id='word_1_135' title='bbox 164 1417 333 1481; x_wconf 71' lang='lat' dir='ltr'><strong>theologiam,</strong></span> <span class='ocrx_word' id='word_1_136' title='bbox 362 1430 430 1481; x_wconf 82' lang='lat' dir='ltr'><strong>qnam</strong></span> <span class='ocrx_word' id='word_1_137' title='bbox 456 1419 587 1483; x_wconf 85' lang='lat' dir='ltr'><strong>philosophi</strong></span> <span class='ocrx_word' id='word_1_138' title='bbox 614 1419 785 1471; x_wconf 80' lang='lat' dir='ltr'><strong>mosiderabant</strong></span> <span class='ocrx_word' id='word_1_139' title='bbox 809 1420 836 1471; x_wconf 90' lang='lat' dir='ltr'><strong>in</strong></span> 
     </span>
     <span class='ocr_line' id='line_1_19' title="bbox 24 1487 836 1551; baseline 0.009 -16"><span class='ocrx_word' id='word_1_140' title='bbox 24 1492 115 1551; x_wconf 74' lang='lat' dir='ltr'><strong>inundo,</strong></span> <span class='ocrx_word' id='word_1_141' title='bbox 136 1496 161 1543; x_wconf 88' lang='lat' dir='ltr'><strong>et</strong></span> <span class='ocrx_word' id='word_1_142' title='bbox 176 1490 299 1543; x_wconf 79' lang='lat' dir='ltr'><strong>docebant</strong></span> <span class='ocrx_word' id='word_1_143' title='bbox 310 1487 334 1537; x_wconf 86' lang='lat' dir='ltr'><strong>in</strong></span> <span class='ocrx_word' id='word_1_144' title='bbox 346 1488 436 1539; x_wconf 86' lang='lat' dir='ltr'><strong>sobolis.</strong></span> <span class='ocrx_word' id='word_1_145' title='bbox 452 1490 525 1539; x_wconf 82' lang='lat' dir='ltr'><strong>hlium</strong></span> <span class='ocrx_word' id='word_1_146' title='bbox 535 1490 592 1541; x_wconf 83' lang='lat' dir='ltr'><strong>rerd</strong></span> <span class='ocrx_word' id='word_1_147' title='bbox 603 1491 631 1541; x_wconf 90' lang='lat' dir='ltr'><strong>de</strong></span> <span class='ocrx_word' id='word_1_148' title='bbox 642 1492 704 1542; x_wconf 90' lang='lat' dir='ltr'><strong>eultn</strong></span> <span class='ocrx_word' id='word_1_149' title='bbox 718 1491 836 1543; x_wconf 84' lang='lat' dir='ltr'><strong>honrioum</strong></span> 
     </span>
     <span class='ocr_line' id='line_1_20' title="bbox 24 1558 835 1629; baseline 0.009 -23"><span class='ocrx_word' id='word_1_150' title='bbox 24 1560 123 1613; x_wconf 77' lang='lat' dir='ltr'><strong>dicebant</strong></span> <span class='ocrx_word' id='word_1_151' title='bbox 142 1563 270 1629; x_wconf 90' lang='lat' dir='ltr'><strong>pertinere</strong></span> <span class='ocrx_word' id='word_1_152' title='bbox 292 1558 322 1609; x_wconf 90' lang='lat' dir='ltr'><strong>ad</strong></span> <span class='ocrx_word' id='word_1_153' title='bbox 338 1560 473 1623; x_wconf 81' lang='lat' dir='ltr'><strong>theologiam</strong></span> <span class='ocrx_word' id='word_1_154' title='bbox 488 1561 626 1625; x_wconf 74' lang='lat' dir='ltr'><strong>tabulatam,</strong></span> <span class='ocrx_word' id='word_1_155' title='bbox 645 1576 698 1626; x_wconf 79' lang='lat' dir='ltr'><strong>qna</strong></span> <span class='ocrx_word' id='word_1_156' title='bbox 711 1562 835 1615; x_wconf 86' lang='lat' dir='ltr'><strong>seeundirm</strong></span> 
     </span>
     <span class='ocr_line' id='line_1_21' title="bbox 24 1632 835 1699; baseline 0.007 -22"><span class='ocrx_word' id='word_1_157' title='bbox 24 1632 125 1692; x_wconf 72' lang='lat' dir='ltr'><strong>ligorenta</strong></span> <span class='ocrx_word' id='word_1_158' title='bbox 142 1637 272 1699; x_wconf 85' lang='lat' dir='ltr'><strong>poetaram</strong></span> <span class='ocrx_word' id='word_1_159' title='bbox 292 1632 497 1695; x_wconf 78' lang='lat' dir='ltr'><strong>repraesentabatur</strong></span> <span class='ocrx_word' id='word_1_160' title='bbox 516 1632 541 1683; x_wconf 90' lang='lat' dir='ltr'><strong>in</strong></span> <span class='ocrx_word' id='word_1_161' title='bbox 561 1633 666 1684; x_wconf 83' lang='lat' dir='ltr'><strong>theatris.</strong></span> <span class='ocrx_word' id='word_1_162' title='bbox 687 1633 761 1685; x_wconf 70' lang='lat' dir='ltr'><strong>ibam</strong></span> <span class='ocrx_word' id='word_1_163' title='bbox 780 1634 835 1685; x_wconf 84' lang='lat' dir='ltr'><strong>uerd</strong></span> 
     </span>
     <span class='ocr_line' id='line_1_22' title="bbox 24 1702 837 1769; baseline 0.007 -18"><span class='ocrx_word' id='word_1_164' title='bbox 24 1704 154 1766; x_wconf 84' lang='lat' dir='ltr'><strong>opinionem</strong></span> <span class='ocrx_word' id='word_1_165' title='bbox 169 1708 200 1757; x_wconf 91' lang='lat' dir='ltr'><strong>de</strong></span> <span class='ocrx_word' id='word_1_166' title='bbox 214 1702 356 1767; x_wconf 75' lang='lat' dir='ltr'><strong>imaginibus</strong></span> <span class='ocrx_word' id='word_1_167' title='bbox 378 1702 481 1755; x_wconf 84' lang='lat' dir='ltr'><strong>dicebant</strong></span> <span class='ocrx_word' id='word_1_168' title='bbox 492 1704 607 1769; x_wconf 87' lang='lat' dir='ltr'><strong>pertinere</strong></span> <span class='ocrx_word' id='word_1_169' title='bbox 621 1706 650 1757; x_wconf 91' lang='lat' dir='ltr'><strong>ad</strong></span> <span class='ocrx_word' id='word_1_170' title='bbox 664 1705 756 1757; x_wconf 81' lang='lat' dir='ltr'><strong>civilem</strong></span> <span class='ocrx_word' id='word_1_171' title='bbox 768 1707 837 1757; x_wconf 88' lang='lat' dir='ltr'><strong>thee-</strong></span> 
     </span>
     <span class='ocr_line' id='line_1_23' title="bbox 23 1774 836 1843; baseline 0.006 -21"><span class='ocrx_word' id='word_1_172' title='bbox 23 1776 114 1843; x_wconf 70' lang='lat' dir='ltr'><strong>logiam,</strong></span> <span class='ocrx_word' id='word_1_173' title='bbox 128 1792 185 1843; x_wconf 78' lang='lat' dir='ltr'><strong>que</strong></span> <span class='ocrx_word' id='word_1_174' title='bbox 200 1791 243 1842; x_wconf 88' lang='lat' dir='ltr'><strong>per</strong></span> <span class='ocrx_word' id='word_1_175' title='bbox 253 1774 375 1841; x_wconf 85' lang='lat' dir='ltr'><strong>pontifices</strong></span> <span class='ocrx_word' id='word_1_176' title='bbox 384 1775 509 1827; x_wconf 79' lang='lat' dir='ltr'><strong>eebhratm</strong></span> <span class='ocrx_word' id='word_1_177' title='bbox 516 1776 540 1827; x_wconf 94' lang='lat' dir='ltr'><strong>in</strong></span> <span class='ocrx_word' id='word_1_178' title='bbox 548 1778 649 1842; x_wconf 88' lang='lat' dir='ltr'><strong>templis.</strong></span> <span class='ocrx_word' id='word_1_179' title='bbox 660 1778 744 1829; x_wconf 84' lang='lat' dir='ltr'><strong>Omnia</strong></span> <span class='ocrx_word' id='word_1_180' title='bbox 757 1781 836 1828; x_wconf 86' lang='lat' dir='ltr'><strong>autem</strong></span> 
     </span>
     <span class='ocr_line' id='line_1_24' title="bbox 24 1846 834 1915; baseline 0.005 -20"><span class='ocrx_word' id='word_1_181' title='bbox 24 1849 64 1899; x_wconf 79' lang='lat' dir='ltr'><strong>hee</strong></span> <span class='ocrx_word' id='word_1_182' title='bbox 77 1852 105 1903; x_wconf 85' lang='lat' dir='ltr'><strong>ad</strong></span> <span class='ocrx_word' id='word_1_183' title='bbox 118 1850 320 1915; x_wconf 85' lang='lat' dir='ltr'><strong>superstitionem</strong></span> <span class='ocrx_word' id='word_1_184' title='bbox 331 1846 464 1900; x_wconf 82' lang='lat' dir='ltr'><strong>idololatriae</strong></span> <span class='ocrx_word' id='word_1_185' title='bbox 478 1848 637 1912; x_wconf 80' lang='lat' dir='ltr'><strong>pertinebant3</strong></span> <span class='ocrx_word' id='word_1_186' title='bbox 650 1849 710 1901; x_wconf 89' lang='lat' dir='ltr'><strong>unde</strong></span> <span class='ocrx_word' id='word_1_187' title='bbox 727 1848 834 1912; x_wconf 73' lang='lat' dir='ltr'><strong>Angusti-</strong></span> 
     </span>
     <span class='ocr_line' id='line_1_25' title="bbox 24 1918 835 1985; baseline 0.002 -18"><span class='ocrx_word' id='word_1_188' title='bbox 24 1934 60 1971; x_wconf 86' lang='lat' dir='ltr'><strong>nns</strong></span> <span class='ocrx_word' id='word_1_189' title='bbox 74 1922 136 1975; x_wconf 87' lang='lat' dir='ltr'><strong>dioil</strong></span> <span class='ocrx_word' id='word_1_190' title='bbox 154 1922 179 1971; x_wconf 92' lang='lat' dir='ltr'><strong>in</strong></span> <span class='ocrx_word' id='word_1_191' title='bbox 194 1922 215 1971; x_wconf 90' lang='lat'><strong>11</strong></span> <span class='ocrx_word' id='word_1_192' title='bbox 234 1922 274 1970; x_wconf 88' lang='lat' dir='ltr'><strong>De</strong></span> <span class='ocrx_word' id='word_1_193' title='bbox 288 1918 409 1969; x_wconf 78' lang='lat' dir='ltr'><strong>doctrina</strong></span> <span class='ocrx_word' id='word_1_194' title='bbox 422 1919 510 1971; x_wconf 81' lang='lat' dir='ltr'><strong>christ.</strong></span> <span class='ocrx_word' id='word_1_195' title='bbox 528 1920 594 1985; x_wconf 90' lang='lat' dir='ltr'><strong>(eap.</strong></span> <span class='ocrx_word' id='word_1_196' title='bbox 612 1921 675 1985; x_wconf 72' lang='lat' dir='ltr'><strong>at):</strong></span> <span class='ocrx_word' id='word_1_197' title='bbox 692 1919 835 1984; x_wconf 82' lang='lat' dir='ltr'><strong>«Supersti-</strong></span> 
     </span>
     <span class='ocr_line' id='line_1_26' title="bbox 25 1990 835 2057; baseline 0.001 -17"><span class='ocrx_word' id='word_1_198' title='bbox 25 1992 100 2044; x_wconf 70' lang='lat' dir='ltr'><strong>tiosum</strong></span> <span class='ocrx_word' id='word_1_199' title='bbox 111 1998 154 2046; x_wconf 89' lang='lat' dir='ltr'><strong>est</strong></span> <span class='ocrx_word' id='word_1_200' title='bbox 166 1992 280 2057; x_wconf 84' lang='lat' dir='ltr'><strong>quiequid</strong></span> <span class='ocrx_word' id='word_1_201' title='bbox 297 1990 428 2041; x_wconf 87' lang='lat' dir='ltr'><strong>institutum</strong></span> <span class='ocrx_word' id='word_1_202' title='bbox 450 1992 478 2049; x_wconf 87' lang='lat' dir='ltr'><strong>ab</strong></span> <span class='ocrx_word' id='word_1_203' title='bbox 489 1991 618 2043; x_wconf 87' lang='lat' dir='ltr'><strong>hominibus</strong></span> <span class='ocrx_word' id='word_1_204' title='bbox 636 1996 672 2042; x_wconf 93' lang='lat' dir='ltr'><strong>est</strong></span> <span class='ocrx_word' id='word_1_205' title='bbox 684 1993 712 2043; x_wconf 91' lang='lat' dir='ltr'><strong>ad</strong></span> <span class='ocrx_word' id='word_1_206' title='bbox 730 1991 835 2043; x_wconf 86' lang='lat' dir='ltr'><strong>iacienda</strong></span> 
     </span>
     <span class='ocr_line' id='line_1_27' title="bbox 25 2062 833 2129; baseline -0.001 -15"><span class='ocrx_word' id='word_1_207' title='bbox 25 2068 41 2109; x_wconf 88' lang='lat' dir='ltr'><strong>el</strong></span> <span class='ocrx_word' id='word_1_208' title='bbox 58 2067 161 2117; x_wconf 82' lang='lat' dir='ltr'><strong>colenda</strong></span> <span class='ocrx_word' id='word_1_209' title='bbox 179 2065 243 2115; x_wconf 89' lang='lat' dir='ltr'><strong>idola</strong></span> <span class='ocrx_word' id='word_1_210' title='bbox 261 2062 398 2129; x_wconf 87' lang='lat' dir='ltr'><strong>pertinens,</strong></span> <span class='ocrx_word' id='word_1_211' title='bbox 414 2062 452 2113; x_wconf 79' lang='lat' dir='ltr'><strong>net</strong></span> <span class='ocrx_word' id='word_1_212' title='bbox 469 2062 498 2112; x_wconf 89' lang='lat' dir='ltr'><strong>ad</strong></span> <span class='ocrx_word' id='word_1_213' title='bbox 519 2064 655 2125; x_wconf 80' lang='lat' dir='ltr'><strong>colendam,</strong></span> <span class='ocrx_word' id='word_1_214' title='bbox 670 2064 730 2114; x_wconf 86' lang='lat' dir='ltr'><strong>siout</strong></span> <span class='ocrx_word' id='word_1_215' title='bbox 745 2063 833 2125; x_wconf 17' lang='lat' dir='ltr'><strong>noem,</strong></span> 
     </span>
     <span class='ocr_line' id='line_1_28' title="bbox 25 2133 607 2201; baseline 0.005 -21"><span class='ocrx_word' id='word_1_216' title='bbox 25 2144 168 2197; x_wconf 72' lang='lat' dir='ltr'><strong>ereaturam,</strong></span> <span class='ocrx_word' id='word_1_217' title='bbox 186 2139 310 2201; x_wconf 85' lang='lat' dir='ltr'><strong>partemve</strong></span> <span class='ocrx_word' id='word_1_218' title='bbox 325 2133 394 2185; x_wconf 87' lang='lat' dir='ltr'><strong>ullam</strong></span> <span class='ocrx_word' id='word_1_219' title='bbox 407 2137 526 2197; x_wconf 78' lang='lat' dir='ltr'><strong>ereatura,</strong></span> <span class='ocrx_word' id='word_1_220' title='bbox 536 2138 581 2187; x_wconf 90' lang='lat' dir='ltr'><strong>ete.</strong></span> <span class='ocrx_word' id='word_1_221' title='bbox 592 2152 607 2183; x_wconf 87' lang='lat'>»</span> 
     </span>
    </p>

    <p class='ocr_par' dir='ltr' id='par_1_6' title="bbox 26 2204 837 2697">
     <span class='ocr_line' id='line_1_29' title="bbox 52 2204 834 2273; baseline -0.001 -16"><span class='ocrx_word' id='word_1_222' title='bbox 52 2210 83 2258; x_wconf 78' lang='lat' dir='ltr'><strong>hd</strong></span> <span class='ocrx_word' id='word_1_223' title='bbox 96 2209 205 2273; x_wconf 90' lang='lat' dir='ltr'><strong>primum</strong></span> <span class='ocrx_word' id='word_1_224' title='bbox 219 2220 275 2271; x_wconf 85' lang='lat' dir='ltr'><strong>ergo</strong></span> <span class='ocrx_word' id='word_1_225' title='bbox 289 2206 427 2265; x_wconf 83' lang='lat' dir='ltr'><strong>dicendum,</strong></span> <span class='ocrx_word' id='word_1_226' title='bbox 437 2204 498 2269; x_wconf 87' lang='lat' dir='ltr'><strong>qudd</strong></span> <span class='ocrx_word' id='word_1_227' title='bbox 510 2206 570 2257; x_wconf 88' lang='lat' dir='ltr'><strong>sieut</strong></span> <span class='ocrx_word' id='word_1_228' title='bbox 579 2205 658 2271; x_wconf 82' lang='lat' dir='ltr'><strong>religio</strong></span> <span class='ocrx_word' id='word_1_229' title='bbox 668 2208 762 2256; x_wconf 88' lang='lat' dir='ltr'><strong>nonest</strong></span> <span class='ocrx_word' id='word_1_230' title='bbox 771 2204 834 2269; x_wconf 85' lang='lat' dir='ltr'><strong>fides,</strong></span> 
     </span>
     <span class='ocr_line' id='line_1_30' title="bbox 27 2276 836 2344; baseline 0.001 -18"><span class='ocrx_word' id='word_1_231' title='bbox 27 2280 60 2328; x_wconf 83' lang='lat' dir='ltr'><strong>sed</strong></span> <span class='ocrx_word' id='word_1_232' title='bbox 72 2280 130 2331; x_wconf 90' lang='lat' dir='ltr'><strong>tidei</strong></span> <span class='ocrx_word' id='word_1_233' title='bbox 145 2278 287 2344; x_wconf 84' lang='lat' dir='ltr'><strong>protestatio</strong></span> <span class='ocrx_word' id='word_1_234' title='bbox 301 2290 343 2342; x_wconf 90' lang='lat' dir='ltr'><strong>per</strong></span> <span class='ocrx_word' id='word_1_235' title='bbox 353 2276 428 2341; x_wconf 87' lang='lat' dir='ltr'><strong>aliqua</strong></span> <span class='ocrx_word' id='word_1_236' title='bbox 440 2279 551 2329; x_wconf 82' lang='lat' dir='ltr'><strong>exteriora</strong></span> <span class='ocrx_word' id='word_1_237' title='bbox 567 2278 648 2340; x_wconf 67' lang='lat' dir='ltr'><strong>siena,</strong></span> <span class='ocrx_word' id='word_1_238' title='bbox 662 2276 694 2330; x_wconf 84' lang='lat' dir='ltr'><strong>ita</strong></span> <span class='ocrx_word' id='word_1_239' title='bbox 704 2277 836 2341; x_wconf 86' lang='lat' dir='ltr'><strong>superstitio</strong></span> 
     </span>
     <span class='ocr_line' id='line_1_31' title="bbox 26 2348 833 2416; baseline 0.001 -18"><span class='ocrx_word' id='word_1_240' title='bbox 26 2356 56 2398; x_wconf 85' lang='lat' dir='ltr'><strong>est</strong></span> <span class='ocrx_word' id='word_1_241' title='bbox 73 2352 185 2416; x_wconf 78' lang='lat' dir='ltr'><strong>quaedam</strong></span> <span class='ocrx_word' id='word_1_242' title='bbox 201 2348 347 2401; x_wconf 78' lang='lat' dir='ltr'><strong>infidelitatis</strong></span> <span class='ocrx_word' id='word_1_243' title='bbox 367 2348 501 2413; x_wconf 87' lang='lat' dir='ltr'><strong>protestatio</strong></span> <span class='ocrx_word' id='word_1_244' title='bbox 519 2362 559 2413; x_wconf 88' lang='lat' dir='ltr'><strong>per</strong></span> <span class='ocrx_word' id='word_1_245' title='bbox 579 2348 714 2402; x_wconf 80' lang='lat' dir='ltr'><strong>exteriorem</strong></span> <span class='ocrx_word' id='word_1_246' title='bbox 732 2348 833 2412; x_wconf 79' lang='lat' dir='ltr'><strong>eultum3</strong></span> 
     </span>
     <span class='ocr_line' id='line_1_32' title="bbox 28 2418 836 2487; baseline 0.002 -18"><span class='ocrx_word' id='word_1_247' title='bbox 28 2436 89 2483; x_wconf 76' lang='lat' dir='ltr'><strong>quum</strong></span> <span class='ocrx_word' id='word_1_248' title='bbox 100 2422 199 2487; x_wconf 86' lang='lat' dir='ltr'><strong>quidem</strong></span> <span class='ocrx_word' id='word_1_249' title='bbox 211 2421 401 2487; x_wconf 85' lang='lat' dir='ltr'><strong>protestationem</strong></span> <span class='ocrx_word' id='word_1_250' title='bbox 415 2432 497 2471; x_wconf 90' lang='lat' dir='ltr'><strong>nomen</strong></span> <span class='ocrx_word' id='word_1_251' title='bbox 508 2419 639 2471; x_wconf 79' lang='lat' dir='ltr'><strong>idololatriae</strong></span> <span class='ocrx_word' id='word_1_252' title='bbox 650 2418 777 2485; x_wconf 75' lang='lat' dir='ltr'><strong>significat,</strong></span> <span class='ocrx_word' id='word_1_253' title='bbox 788 2433 836 2471; x_wconf 86' lang='lat' dir='ltr'><strong>non</strong></span> 
     </span>
     <span class='ocr_line' id='line_1_33' title="bbox 28 2490 837 2556; baseline 0.002 -15"><span class='ocrx_word' id='word_1_254' title='bbox 28 2502 99 2545; x_wconf 84' lang='lat' dir='ltr'><strong>sulem</strong></span> <span class='ocrx_word' id='word_1_255' title='bbox 118 2508 207 2545; x_wconf 89' lang='lat' dir='ltr'><strong>nomen</strong></span> <span class='ocrx_word' id='word_1_256' title='bbox 221 2492 333 2556; x_wconf 78' lang='lat' dir='ltr'><strong>heresis,</strong></span> <span class='ocrx_word' id='word_1_257' title='bbox 349 2492 387 2543; x_wconf 87' lang='lat' dir='ltr'><strong>sed</strong></span> <span class='ocrx_word' id='word_1_258' title='bbox 403 2490 476 2543; x_wconf 88' lang='lat' dir='ltr'><strong>soldm</strong></span> <span class='ocrx_word' id='word_1_259' title='bbox 493 2492 572 2545; x_wconf 61' lang='lat' dir='ltr'><strong>samm</strong></span> <span class='ocrx_word' id='word_1_260' title='bbox 585 2491 725 2555; x_wconf 86' lang='lat' dir='ltr'><strong>opinionem.</strong></span> <span class='ocrx_word' id='word_1_261' title='bbox 740 2492 770 2543; x_wconf 79' lang='lat' dir='ltr'><strong>nt</strong></span> <span class='ocrx_word' id='word_1_262' title='bbox 786 2491 837 2543; x_wconf 91' lang='lat' dir='ltr'><strong>ideo</strong></span> 
     </span>
     <span class='ocr_line' id='line_1_34' title="bbox 30 2563 837 2631; baseline 0.005 -20"><span class='ocrx_word' id='word_1_263' title='bbox 30 2567 120 2617; x_wconf 77' lang='lat' dir='ltr'><strong>rraeresis</strong></span> <span class='ocrx_word' id='word_1_264' title='bbox 133 2570 173 2617; x_wconf 85' lang='lat' dir='ltr'><strong>est</strong></span> <span class='ocrx_word' id='word_1_265' title='bbox 184 2565 276 2631; x_wconf 87' lang='lat' dir='ltr'><strong>speeies</strong></span> <span class='ocrx_word' id='word_1_266' title='bbox 289 2563 445 2627; x_wconf 80' lang='lat' dir='ltr'><strong>infidelitatis,</strong></span> <span class='ocrx_word' id='word_1_267' title='bbox 459 2564 500 2615; x_wconf 91' lang='lat' dir='ltr'><strong>sed</strong></span> <span class='ocrx_word' id='word_1_268' title='bbox 514 2563 642 2615; x_wconf 88' lang='lat' dir='ltr'><strong>idolotatria</strong></span> <span class='ocrx_word' id='word_1_269' title='bbox 650 2568 686 2616; x_wconf 89' lang='lat' dir='ltr'><strong>est</strong></span> <span class='ocrx_word' id='word_1_270' title='bbox 698 2563 788 2629; x_wconf 88' lang='lat' dir='ltr'><strong>speeies</strong></span> <span class='ocrx_word' id='word_1_271' title='bbox 797 2578 837 2615; x_wconf 88' lang='lat' dir='ltr'><strong>su·</strong></span> 
     </span>
     <span class='ocr_line' id='line_1_35' title="bbox 31 2638 182 2697; baseline 0.02 -13"><span class='ocrx_word' id='word_1_272' title='bbox 31 2638 182 2697; x_wconf 73' lang='lat' dir='ltr'><strong>perstitionis.</strong></span> 
     </span>
    </p>

    <p class='ocr_par' dir='ltr' id='par_1_7' title="bbox 30 2706 839 2991">
     <span class='ocr_line' id='line_1_36' title="bbox 56 2706 837 2772; baseline -0.003 -13"><span class='ocrx_word' id='word_1_273' title='bbox 56 2711 90 2760; x_wconf 83' lang='lat' dir='ltr'><strong>ltd</strong></span> <span class='ocrx_word' id='word_1_274' title='bbox 102 2710 235 2761; x_wconf 86' lang='lat' dir='ltr'><strong>seeundum</strong></span> <span class='ocrx_word' id='word_1_275' title='bbox 245 2709 383 2770; x_wconf 89' lang='lat' dir='ltr'><strong>dieendnm,</strong></span> <span class='ocrx_word' id='word_1_276' title='bbox 394 2708 456 2772; x_wconf 81' lang='lat' dir='ltr'><strong>prod</strong></span> <span class='ocrx_word' id='word_1_277' title='bbox 469 2720 555 2761; x_wconf 83' lang='lat' dir='ltr'><strong>nomen</strong></span> <span class='ocrx_word' id='word_1_278' title='bbox 571 2707 643 2760; x_wconf 82' lang='lat' dir='ltr'><strong>latria</strong></span> <span class='ocrx_word' id='word_1_279' title='bbox 656 2706 776 2772; x_wconf 76' lang='lat' dir='ltr'><strong>dupliciter</strong></span> <span class='ocrx_word' id='word_1_280' title='bbox 794 2720 837 2771; x_wconf 91' lang='lat' dir='ltr'><strong>po-</strong></span> 
     </span>
     <span class='ocr_line' id='line_1_37' title="bbox 30 2780 838 2846; baseline 0 -19"><span class='ocrx_word' id='word_1_281' title='bbox 30 2785 69 2829; x_wconf 81' lang='lat' dir='ltr'><strong>tesl</strong></span> <span class='ocrx_word' id='word_1_282' title='bbox 85 2781 174 2846; x_wconf 77' lang='lat' dir='ltr'><strong>accipi.</strong></span> <span class='ocrx_word' id='word_1_283' title='bbox 191 2780 241 2833; x_wconf 84' lang='lat' dir='ltr'><strong>Uno</strong></span> <span class='ocrx_word' id='word_1_284' title='bbox 253 2782 315 2833; x_wconf 86' lang='lat' dir='ltr'><strong>enim</strong></span> <span class='ocrx_word' id='word_1_285' title='bbox 325 2781 394 2834; x_wconf 88' lang='lat' dir='ltr'><strong>modo</strong></span> <span class='ocrx_word' id='word_1_286' title='bbox 405 2784 479 2845; x_wconf 86' lang='lat' dir='ltr'><strong>polest</strong></span> <span class='ocrx_word' id='word_1_287' title='bbox 490 2780 618 2845; x_wconf 71' lang='lat' dir='ltr'><strong>significare</strong></span> <span class='ocrx_word' id='word_1_288' title='bbox 627 2782 754 2831; x_wconf 87' lang='lat' dir='ltr'><strong>humanum</strong></span> <span class='ocrx_word' id='word_1_289' title='bbox 762 2783 838 2828; x_wconf 88' lang='lat' dir='ltr'><strong>aetum</strong></span> 
     </span>
     <span class='ocr_line' id='line_1_38' title="bbox 30 2848 837 2927; baseline -0.005 -28"><span class='ocrx_word' id='word_1_290' title='bbox 30 2853 54 2901; x_wconf 79' lang='lat' dir='ltr'><strong>ud</strong></span> <span class='ocrx_word' id='word_1_291' title='bbox 72 2854 163 2905; x_wconf 83' lang='lat' dir='ltr'><strong>cultum</strong></span> <span class='ocrx_word' id='word_1_292' title='bbox 177 2854 218 2905; x_wconf 85' lang='lat' dir='ltr'><strong>liei</strong></span> <span class='ocrx_word' id='word_1_293' title='bbox 238 2855 416 2919; x_wconf 85' lang='lat' dir='ltr'><strong>pertinentem:</strong></span> <span class='ocrx_word' id='word_1_294' title='bbox 432 2856 455 2904; x_wconf 89' lang='lat' dir='ltr'><strong>et</strong></span> <span class='ocrx_word' id='word_1_295' title='bbox 471 2851 596 2905; x_wconf 84' lang='lat' dir='ltr'><strong>seeundlum</strong></span> <span class='ocrx_word' id='word_1_296' title='bbox 613 2854 656 2903; x_wconf 89' lang='lat' dir='ltr'><strong>hoe</strong></span> <span class='ocrx_word' id='word_1_297' title='bbox 671 2864 718 2903; x_wconf 90' lang='lat' dir='ltr'><strong>non</strong></span> <span class='ocrx_word' id='word_1_298' title='bbox 736 2848 837 2927; x_wconf 80' lang='lat' dir='ltr'><strong>sadatur</strong></span> 
     </span>
     <span class='ocr_line' id='line_1_39' title="bbox 31 2923 839 2991; baseline -0.005 -16"><span class='ocrx_word' id='word_1_299' title='bbox 31 2924 170 2986; x_wconf 63' lang='lat' dir='ltr'><strong>significatio</strong></span> <span class='ocrx_word' id='word_1_300' title='bbox 180 2924 250 2991; x_wconf 79' lang='lat' dir='ltr'><strong>hujus</strong></span> <span class='ocrx_word' id='word_1_301' title='bbox 260 2926 372 2991; x_wconf 84' lang='lat' dir='ltr'><strong>nominis,</strong></span> <span class='ocrx_word' id='word_1_302' title='bbox 380 2924 472 2981; x_wconf 73' lang='lat' dir='ltr'><strong>teleta.</strong></span> <span class='ocrx_word' id='word_1_303' title='bbox 485 2925 620 2988; x_wconf 74' lang='lat' dir='ltr'><strong>enbamnue</strong></span> <span class='ocrx_word' id='word_1_304' title='bbox 630 2923 839 2982; x_wconf 65' lang='lat' dir='ltr'><strong>semiermes</strong></span> 
     </span>
    </p>

    <p class='ocr_par' dir='ltr' id='par_1_8' title="bbox 701 3018 730 3067">
     <span class='ocr_line' id='line_1_40' title="bbox 701 3018 730 3067; baseline 0 -21"><span class='ocrx_word' id='word_1_305' title='bbox 701 3018 730 3067; x_wconf 56' lang='lat'><strong>5}</strong></span> 
     </span>
    </p>
   </div>
   <div class='ocr_carea' id='block_1_5' title="bbox 0 0 974 3284">
    <p class='ocr_par' dir='ltr' id='par_1_9' title="bbox 0 0 974 3284">
     <span class='ocr_line' id='line_1_41' title="bbox 0 0 974 3284; baseline 0 0"><span class='ocrx_word' id='word_1_306' title='bbox 0 0 974 3284; x_wconf 95' lang='lat' dir='ltr'><strong> </strong></span> 
     </span>
    </p>
   </div>
  </div>
 </body>
</html>
