<?xml version="1.0" encoding="UTF-8"?>
<!DOCTYPE html PUBLIC "-//W3C//DTD XHTML 1.0 Transitional//EN"
    "http://www.w3.org/TR/xhtml1/DTD/xhtml1-transitional.dtd">
<html xmlns="http://www.w3.org/1999/xhtml" xml:lang="en" lang="en">
 <head>
  <title>
</title>
<meta http-equiv="Content-Type" content="text/html;charset=utf-8" />
  <meta name='ocr-system' content='tesseract 3.04.00' />
  <meta name='ocr-capabilities' content='ocr_page ocr_carea ocr_par ocr_line ocrx_word'/>
</head>
<body>
  <div class='ocr_page' id='page_1' title='image "./summatheologica05nicogoog_0807.png"; bbox 0 0 1934 3284; ppageno 0'>
   <div class='ocr_carea' id='block_1_1' title="bbox 126 125 813 186">
    <p class='ocr_par' dir='ltr' id='par_1_1' title="bbox 126 125 813 186">
     <span class='ocr_line' id='line_1_1' title="bbox 126 125 813 186; baseline -0.001 -12"><span class='ocrx_word' id='word_1_1' title='bbox 126 125 176 177; x_wconf 76' lang='grc' dir='ltr'><strong>ιιι</strong></span> <span class='ocrx_word' id='word_1_2' title='bbox 246 135 353 174; x_wconf 73' lang='lat' dir='ltr'><strong>monna</strong></span> <span class='ocrx_word' id='word_1_3' title='bbox 371 135 813 186; x_wconf 74' lang='lat' dir='ltr'><strong>sruurmt,on1ar.cnxn,arr.n</strong></span> 
     </span>
    </p>
   </div>
   <div class='ocr_carea' id='block_1_2' title="bbox 114 211 948 2916">
    <p class='ocr_par' dir='ltr' id='par_1_2' title="bbox 119 211 928 922">
     <span class='ocr_line' id='line_1_2' title="bbox 154 211 925 278; baseline 0 -14"><span class='ocrx_word' id='word_1_4' title='bbox 154 218 179 264; x_wconf 73' lang='lat'><strong>2.</strong></span> <span class='ocrx_word' id='word_1_5' title='bbox 193 213 321 272; x_wconf 75' lang='grc' dir='ltr'><strong>Ρεειεεεε,</strong></span> <span class='ocrx_word' id='word_1_6' title='bbox 335 216 443 278; x_wconf 83' lang='lat' dir='ltr'><strong>appetere</strong></span> <span class='ocrx_word' id='word_1_7' title='bbox 456 213 554 264; x_wconf 82' lang='lat' dir='ltr'><strong>divinem</strong></span> <span class='ocrx_word' id='word_1_8' title='bbox 571 211 750 263; x_wconf 81' lang='lat' dir='ltr'><strong>similitudinem</strong></span> <span class='ocrx_word' id='word_1_9' title='bbox 762 226 812 264; x_wconf 85' lang='lat' dir='ltr'><strong>nou</strong></span> <span class='ocrx_word' id='word_1_10' title='bbox 830 216 867 264; x_wconf 90' lang='lat' dir='ltr'><strong>est</strong></span> <span class='ocrx_word' id='word_1_11' title='bbox 877 226 925 278; x_wconf 82' lang='lat' dir='ltr'><strong>pes·</strong></span> 
     </span>
     <span class='ocr_line' id='line_1_3' title="bbox 122 283 924 348; baseline -0.002 -14"><span class='ocrx_word' id='word_1_12' title='bbox 122 287 210 347; x_wconf 78' lang='lat' dir='ltr'><strong>eatnm3</strong></span> <span class='ocrx_word' id='word_1_13' title='bbox 223 285 267 334; x_wconf 86' lang='lat' dir='ltr'><strong>hoo</strong></span> <span class='ocrx_word' id='word_1_14' title='bbox 280 283 341 334; x_wconf 90' lang='lat' dir='ltr'><strong>enim</strong></span> <span class='ocrx_word' id='word_1_15' title='bbox 354 285 486 336; x_wconf 71' lang='lat' dir='ltr'><strong>naturaliter</strong></span> <span class='ocrx_word' id='word_1_16' title='bbox 497 285 583 348; x_wconf 87' lang='lat' dir='ltr'><strong>appetit</strong></span> <span class='ocrx_word' id='word_1_17' title='bbox 599 283 852 348; x_wconf 63' lang='lat' dir='ltr'><strong>remuneremini,</strong></span> <span class='ocrx_word' id='word_1_18' title='bbox 867 291 889 335; x_wconf 85' lang='lat' dir='ltr'><strong>ot</strong></span> <span class='ocrx_word' id='word_1_19' title='bbox 904 286 924 332; x_wconf 89' lang='lat' dir='ltr'><strong>in</strong></span> 
     </span>
     <span class='ocr_line' id='line_1_4' title="bbox 122 355 925 420; baseline -0.004 -15"><span class='ocrx_word' id='word_1_20' title='bbox 122 358 166 406; x_wconf 88' lang='lat' dir='ltr'><strong>hoo</strong></span> <span class='ocrx_word' id='word_1_21' title='bbox 175 357 284 420; x_wconf 85' lang='lat' dir='ltr'><strong>optimum</strong></span> <span class='ocrx_word' id='word_1_22' title='bbox 294 357 345 420; x_wconf 83' lang='lat' dir='ltr'><strong>ejus</strong></span> <span class='ocrx_word' id='word_1_23' title='bbox 359 356 477 406; x_wconf 73' lang='lat' dir='ltr'><strong>consistit:</strong></span> <span class='ocrx_word' id='word_1_24' title='bbox 489 359 513 406; x_wconf 89' lang='grc' dir='ltr'><strong>ει</strong></span> <span class='ocrx_word' id='word_1_25' title='bbox 520 357 633 419; x_wconf 82' lang='lat' dir='ltr'><strong>praeoipue</strong></span> <span class='ocrx_word' id='word_1_26' title='bbox 646 357 691 406; x_wconf 88' lang='lat' dir='ltr'><strong>hoo</strong></span> <span class='ocrx_word' id='word_1_27' title='bbox 702 357 819 406; x_wconf 87' lang='lat' dir='ltr'><strong>convenit</strong></span> <span class='ocrx_word' id='word_1_28' title='bbox 828 355 925 405; x_wconf 76' lang='lat' dir='ltr'>rationali</span> 
     </span>
     <span class='ocr_line' id='line_1_5' title="bbox 122 427 924 491; baseline -0.004 -14"><span class='ocrx_word' id='word_1_29' title='bbox 122 432 244 490; x_wconf 80' lang='lat' dir='ltr'><strong>creature,</strong></span> <span class='ocrx_word' id='word_1_30' title='bbox 254 443 305 491; x_wconf 79' lang='lat' dir='ltr'><strong>qne</strong></span> <span class='ocrx_word' id='word_1_31' title='bbox 314 429 375 478; x_wconf 79' lang='lat' dir='ltr'><strong>taeta</strong></span> <span class='ocrx_word' id='word_1_32' title='bbox 385 433 422 478; x_wconf 88' lang='grc' dir='ltr'><strong>εει</strong></span> <span class='ocrx_word' id='word_1_33' title='bbox 429 429 456 478; x_wconf 89' lang='lat' dir='ltr'><strong>ad</strong></span> <span class='ocrx_word' id='word_1_34' title='bbox 471 427 594 490; x_wconf 72' lang='lat' dir='ltr'><strong>imaginem</strong></span> <span class='ocrx_word' id='word_1_35' title='bbox 604 431 627 477; x_wconf 88' lang='lat' dir='ltr'><strong>et</strong></span> <span class='ocrx_word' id='word_1_36' title='bbox 635 427 818 478; x_wconf 85' lang='lat' dir='ltr'><strong>similitudinem</strong></span> <span class='ocrx_word' id='word_1_37' title='bbox 831 428 878 478; x_wconf 80' lang='lat' dir='ltr'><strong>Dei.</strong></span> <span class='ocrx_word' id='word_1_38' title='bbox 887 427 924 476; x_wconf 82' lang='lat' dir='ltr'><strong>Sed</strong></span> 
     </span>
     <span class='ocr_line' id='line_1_6' title="bbox 121 499 927 563; baseline -0.005 -15"><span class='ocrx_word' id='word_1_39' title='bbox 121 499 179 548; x_wconf 78' lang='lat' dir='ltr'><strong>siem</strong></span> <span class='ocrx_word' id='word_1_40' title='bbox 190 499 272 550; x_wconf 86' lang='lat' dir='ltr'><strong>dieitur</strong></span> <span class='ocrx_word' id='word_1_41' title='bbox 284 501 308 550; x_wconf 93' lang='lat' dir='ltr'><strong>in</strong></span> <span class='ocrx_word' id='word_1_42' title='bbox 322 500 362 550; x_wconf 85' lang='lat' dir='ltr'><strong>tib.</strong></span> <span class='ocrx_word' id='word_1_43' title='bbox 377 501 487 550; x_wconf 80' lang='lat' dir='ltr'><strong>sentent.</strong></span> <span class='ocrx_word' id='word_1_44' title='bbox 502 499 609 562; x_wconf 84' lang='lat' dir='ltr'><strong>Prosperi</strong></span> <span class='ocrx_word' id='word_1_45' title='bbox 622 499 704 563; x_wconf 76' lang='lat' dir='ltr'><strong>(Seni.</strong></span> <span class='ocrx_word' id='word_1_46' title='bbox 717 499 821 550; x_wconf 78' lang='lat' dir='ltr'><strong>ccxcu</strong></span> <span class='ocrx_word' id='word_1_47' title='bbox 830 501 849 560; x_wconf 76' lang='grc' dir='ltr'><strong>ι,</strong></span> <span class='ocrx_word' id='word_1_48' title='bbox 864 517 878 546; x_wconf 79' lang='grc' dir='ltr'><strong>ε</strong></span> <span class='ocrx_word' id='word_1_49' title='bbox 891 513 927 546; x_wconf 87' lang='lat' dir='ltr'><strong>sn-</strong></span> 
     </span>
     <span class='ocr_line' id='line_1_7' title="bbox 120 570 926 635; baseline -0.004 -14"><span class='ocrx_word' id='word_1_50' title='bbox 120 571 197 635; x_wconf 83' lang='lat' dir='ltr'><strong>perbia</strong></span> <span class='ocrx_word' id='word_1_51' title='bbox 214 576 251 623; x_wconf 90' lang='lat' dir='ltr'><strong>est</strong></span> <span class='ocrx_word' id='word_1_52' title='bbox 263 585 326 624; x_wconf 89' lang='lat' dir='ltr'><strong>amor</strong></span> <span class='ocrx_word' id='word_1_53' title='bbox 339 571 434 635; x_wconf 79' lang='lat' dir='ltr'><strong>proprio</strong></span> <span class='ocrx_word' id='word_1_54' title='bbox 450 570 605 634; x_wconf 79' lang='lat' dir='ltr'><strong>excedentiae3</strong></span> <span class='ocrx_word' id='word_1_55' title='bbox 619 586 633 617; x_wconf 82' lang='lat' dir='ltr'><strong>o</strong></span> <span class='ocrx_word' id='word_1_56' title='bbox 647 584 689 634; x_wconf 90' lang='lat' dir='ltr'><strong>per</strong></span> <span class='ocrx_word' id='word_1_57' title='bbox 703 583 776 634; x_wconf 79' lang='lat' dir='ltr'><strong>quam</strong></span> <span class='ocrx_word' id='word_1_58' title='bbox 796 573 869 622; x_wconf 79' lang='lat' dir='ltr'><strong>nomo</strong></span> <span class='ocrx_word' id='word_1_59' title='bbox 884 572 926 619; x_wconf 82' lang='lat' dir='ltr'><strong>Deo</strong></span> 
     </span>
     <span class='ocr_line' id='line_1_8' title="bbox 121 642 923 706; baseline 0 -15"><span class='ocrx_word' id='word_1_60' title='bbox 121 642 265 700; x_wconf 74' lang='lat' dir='ltr'><strong>assimilatur,</strong></span> <span class='ocrx_word' id='word_1_61' title='bbox 281 644 320 706; x_wconf 87' lang='lat' dir='ltr'><strong>qui</strong></span> <span class='ocrx_word' id='word_1_62' title='bbox 338 647 374 694; x_wconf 88' lang='lat' dir='ltr'><strong>est</strong></span> <span class='ocrx_word' id='word_1_63' title='bbox 389 642 599 693; x_wconf 81' lang='lat' dir='ltr'><strong>exrellentissimus.</strong></span> <span class='ocrx_word' id='word_1_64' title='bbox 623 643 687 692; x_wconf 86' lang='lat' dir='ltr'><strong>Unde</strong></span> <span class='ocrx_word' id='word_1_65' title='bbox 702 642 763 694; x_wconf 82' lang='lat' dir='ltr'><strong>dicit</strong></span> <span class='ocrx_word' id='word_1_66' title='bbox 783 643 923 706; x_wconf 73' lang='lat' dir='ltr'><strong>angustinus</strong></span> 
     </span>
     <span class='ocr_line' id='line_1_9' title="bbox 119 711 928 779; baseline -0.004 -17"><span class='ocrx_word' id='word_1_67' title='bbox 119 711 144 762; x_wconf 87' lang='lat' dir='ltr'><strong>in</strong></span> <span class='ocrx_word' id='word_1_68' title='bbox 157 715 187 764; x_wconf 87' lang='grc' dir='ltr'><strong>ιι.</strong></span> <span class='ocrx_word' id='word_1_69' title='bbox 200 716 310 779; x_wconf 69' lang='lat' dir='ltr'><strong>Consors.</strong></span> <span class='ocrx_word' id='word_1_70' title='bbox 330 717 394 778; x_wconf 80' lang='lat' dir='ltr'><strong>(esp.</strong></span> <span class='ocrx_word' id='word_1_71' title='bbox 411 713 460 777; x_wconf 77' lang='lat'><strong>⁶):</strong></span> <span class='ocrx_word' id='word_1_72' title='bbox 476 732 490 761; x_wconf 87' lang='lat' dir='ltr'><strong>u</strong></span> <span class='ocrx_word' id='word_1_73' title='bbox 504 713 614 776; x_wconf 76' lang='lat' dir='ltr'>Superbia</span> <span class='ocrx_word' id='word_1_74' title='bbox 627 713 791 764; x_wconf 80' lang='lat' dir='ltr'>celsitudinem</span> <span class='ocrx_word' id='word_1_75' title='bbox 812 713 928 773; x_wconf 76' lang='lat' dir='ltr'><strong>imitatur,</strong></span> 
     </span>
     <span class='ocr_line' id='line_1_10' title="bbox 120 784 925 851; baseline -0.005 -14"><span class='ocrx_word' id='word_1_76' title='bbox 120 784 173 836; x_wconf 76' lang='lat' dir='ltr'><strong>eim</strong></span> <span class='ocrx_word' id='word_1_77' title='bbox 184 791 210 837; x_wconf 92' lang='lat' dir='ltr'><strong>tu</strong></span> <span class='ocrx_word' id='word_1_78' title='bbox 222 788 255 837; x_wconf 88' lang='lat' dir='ltr'><strong>sis</strong></span> <span class='ocrx_word' id='word_1_79' title='bbox 268 801 329 836; x_wconf 89' lang='lat' dir='ltr'><strong>unus</strong></span> <span class='ocrx_word' id='word_1_80' title='bbox 342 800 410 850; x_wconf 87' lang='lat' dir='ltr'><strong>super</strong></span> <span class='ocrx_word' id='word_1_81' title='bbox 423 785 501 836; x_wconf 87' lang='lat' dir='ltr'><strong>omniu</strong></span> <span class='ocrx_word' id='word_1_82' title='bbox 514 786 573 836; x_wconf 84' lang='lat' dir='ltr'><strong>Dens</strong></span> <span class='ocrx_word' id='word_1_83' title='bbox 588 785 699 836; x_wconf 82' lang='lat' dir='ltr'><strong>exoelsus.</strong></span> <span class='ocrx_word' id='word_1_84' title='bbox 714 802 729 833; x_wconf 82' lang='lat' dir='ltr'><strong>n</strong></span> <span class='ocrx_word' id='word_1_85' title='bbox 746 786 812 850; x_wconf 78' lang='lat' dir='ltr'><strong>Ergo</strong></span> <span class='ocrx_word' id='word_1_86' title='bbox 827 786 925 851; x_wconf 84' lang='lat' dir='ltr'><strong>superbia</strong></span> 
     </span>
     <span class='ocr_line' id='line_1_11' title="bbox 120 861 359 922; baseline 0 -15"><span class='ocrx_word' id='word_1_87' title='bbox 120 870 167 908; x_wconf 89' lang='lat' dir='ltr'><strong>non</strong></span> <span class='ocrx_word' id='word_1_88' title='bbox 184 861 220 908; x_wconf 89' lang='lat' dir='ltr'><strong>est</strong></span> <span class='ocrx_word' id='word_1_89' title='bbox 233 863 359 922; x_wconf 76' lang='lat' dir='ltr'><strong>pecaniam.</strong></span> 
     </span>
    </p>

    <p class='ocr_par' dir='ltr' id='par_1_3' title="bbox 119 927 926 1208">
     <span class='ocr_line' id='line_1_12' title="bbox 152 927 926 993; baseline -0.005 -14"><span class='ocrx_word' id='word_1_90' title='bbox 152 933 175 979; x_wconf 82' lang='grc' dir='ltr'><strong>ι.</strong></span> <span class='ocrx_word' id='word_1_91' title='bbox 191 931 317 993; x_wconf 78' lang='lat' dir='ltr'><strong>Preterer,</strong></span> <span class='ocrx_word' id='word_1_92' title='bbox 332 933 450 993; x_wconf 83' lang='lat' dir='ltr'><strong>peceatum</strong></span> <span class='ocrx_word' id='word_1_93' title='bbox 461 941 508 980; x_wconf 91' lang='lat' dir='ltr'><strong>non</strong></span> <span class='ocrx_word' id='word_1_94' title='bbox 519 927 592 980; x_wconf 81' lang='lat' dir='ltr'><strong>solum</strong></span> <span class='ocrx_word' id='word_1_95' title='bbox 604 928 756 978; x_wconf 73' lang='lat' dir='ltr'><strong>contrariatur</strong></span> <span class='ocrx_word' id='word_1_96' title='bbox 774 929 877 992; x_wconf 78' lang='lat' dir='ltr'><strong>virtmi,</strong></span> <span class='ocrx_word' id='word_1_97' title='bbox 893 927 926 977; x_wconf 87' lang='lat' dir='ltr'><strong>sed</strong></span> 
     </span>
     <span class='ocr_line' id='line_1_13' title="bbox 119 1000 924 1066; baseline -0.005 -15"><span class='ocrx_word' id='word_1_98' title='bbox 119 1002 188 1051; x_wconf 86' lang='lat' dir='ltr'><strong>eiiam</strong></span> <span class='ocrx_word' id='word_1_99' title='bbox 200 1000 305 1066; x_wconf 92' lang='lat' dir='ltr'><strong>opposito</strong></span> <span class='ocrx_word' id='word_1_100' title='bbox 317 1001 391 1062; x_wconf 80' lang='lat' dir='ltr'><strong>nitio,</strong></span> <span class='ocrx_word' id='word_1_101' title='bbox 409 1005 436 1050; x_wconf 94' lang='lat' dir='ltr'><strong>ut</strong></span> <span class='ocrx_word' id='word_1_102' title='bbox 450 1005 513 1065; x_wconf 85' lang='lat' dir='ltr'><strong>patet</strong></span> <span class='ocrx_word' id='word_1_103' title='bbox 524 1012 566 1064; x_wconf 91' lang='lat' dir='ltr'><strong>per</strong></span> <span class='ocrx_word' id='word_1_104' title='bbox 576 1000 741 1063; x_wconf 81' lang='lat' dir='ltr'><strong>Philosophum</strong></span> <span class='ocrx_word' id='word_1_105' title='bbox 756 1001 784 1050; x_wconf 92' lang='lat' dir='ltr'><strong>in</strong></span> <span class='ocrx_word' id='word_1_106' title='bbox 799 1002 833 1051; x_wconf 81' lang='lat'><strong>11.</strong></span> <span class='ocrx_word' id='word_1_107' title='bbox 846 1001 924 1051; x_wconf 76' lang='lat' dir='ltr'><strong>Retio.</strong></span> 
     </span>
     <span class='ocr_line' id='line_1_14' title="bbox 121 1070 925 1138; baseline -0.002 -16"><span class='ocrx_word' id='word_1_108' title='bbox 121 1072 183 1138; x_wconf 81' lang='lat' dir='ltr'><strong>(esp.</strong></span> <span class='ocrx_word' id='word_1_109' title='bbox 200 1073 320 1133; x_wconf 74' lang='lat' dir='ltr'><strong>enolto).</strong></span> <span class='ocrx_word' id='word_1_110' title='bbox 333 1072 378 1122; x_wconf 81' lang='lat' dir='ltr'><strong>Sed</strong></span> <span class='ocrx_word' id='word_1_111' title='bbox 392 1071 479 1122; x_wconf 85' lang='lat' dir='ltr'><strong>nullum</strong></span> <span class='ocrx_word' id='word_1_112' title='bbox 495 1071 575 1121; x_wconf 82' lang='lat' dir='ltr'><strong>vitium</strong></span> <span class='ocrx_word' id='word_1_113' title='bbox 588 1070 708 1120; x_wconf 85' lang='lat' dir='ltr'><strong>invenitur</strong></span> <span class='ocrx_word' id='word_1_114' title='bbox 724 1071 865 1136; x_wconf 88' lang='lat' dir='ltr'><strong>oppositum</strong></span> <span class='ocrx_word' id='word_1_115' title='bbox 882 1083 925 1121; x_wconf 81' lang='lat' dir='ltr'><strong>esse</strong></span> 
     </span>
     <span class='ocr_line' id='line_1_15' title="bbox 122 1143 677 1208; baseline -0.005 -13"><span class='ocrx_word' id='word_1_116' title='bbox 122 1143 243 1208; x_wconf 81' lang='lat' dir='ltr'><strong>superbie.</strong></span> <span class='ocrx_word' id='word_1_117' title='bbox 259 1145 317 1207; x_wconf 73' lang='lat' dir='ltr'><strong>Ergo</strong></span> <span class='ocrx_word' id='word_1_118' title='bbox 325 1144 430 1208; x_wconf 74' lang='lat' dir='ltr'><strong>soperbia</strong></span> <span class='ocrx_word' id='word_1_119' title='bbox 442 1156 490 1193; x_wconf 90' lang='lat' dir='ltr'><strong>nou</strong></span> <span class='ocrx_word' id='word_1_120' title='bbox 501 1146 537 1192; x_wconf 88' lang='grc' dir='ltr'><strong>εει</strong></span> <span class='ocrx_word' id='word_1_121' title='bbox 549 1147 677 1206; x_wconf 78' lang='lat' dir='ltr'><strong>pennatum.</strong></span> 
     </span>
    </p>

    <p class='ocr_par' dir='ltr' id='par_1_4' title="bbox 118 1212 927 1350">
     <span class='ocr_line' id='line_1_16' title="bbox 150 1212 927 1278; baseline -0.005 -13"><span class='ocrx_word' id='word_1_122' title='bbox 150 1215 194 1265; x_wconf 83' lang='lat' dir='ltr'><strong>Sed</strong></span> <span class='ocrx_word' id='word_1_123' title='bbox 207 1219 287 1265; x_wconf 83' lang='lat' dir='ltr'><strong>eontra</strong></span> <span class='ocrx_word' id='word_1_124' title='bbox 305 1218 358 1274; x_wconf 90' lang='grc' dir='ltr'><strong>εει,</strong></span> <span class='ocrx_word' id='word_1_125' title='bbox 373 1216 434 1278; x_wconf 83' lang='lat' dir='ltr'><strong>qnod</strong></span> <span class='ocrx_word' id='word_1_126' title='bbox 446 1214 530 1265; x_wconf 82' lang='lat' dir='ltr'><strong>dieitur</strong></span> <span class='ocrx_word' id='word_1_127' title='bbox 544 1213 610 1268; x_wconf 73' lang='lat' dir='ltr'><strong>Tod„</strong></span> <span class='ocrx_word' id='word_1_128' title='bbox 622 1214 652 1261; x_wconf 86' lang='lat' dir='ltr'><strong>lv</strong></span> <span class='ocrx_word' id='word_1_129' title='bbox 668 1229 674 1262; x_wconf 75' lang='grc' dir='ltr'><strong><em>ι</em></strong></span> <span class='ocrx_word' id='word_1_130' title='bbox 692 1212 862 1277; x_wconf 77' lang='lat' dir='ltr'><strong>«snperbiam</strong></span> <span class='ocrx_word' id='word_1_131' title='bbox 874 1228 927 1264; x_wconf 85' lang='lat' dir='ltr'><strong>nnn·</strong></span> 
     </span>
     <span class='ocr_line' id='line_1_17' title="bbox 118 1283 870 1350; baseline -0.003 -14"><span class='ocrx_word' id='word_1_132' title='bbox 118 1299 187 1350; x_wconf 80' lang='lat' dir='ltr'><strong>quem</strong></span> <span class='ocrx_word' id='word_1_133' title='bbox 196 1286 221 1336; x_wconf 92' lang='lat' dir='ltr'><strong>in</strong></span> <span class='ocrx_word' id='word_1_134' title='bbox 230 1290 272 1337; x_wconf 85' lang='lat' dir='ltr'><strong>tuo</strong></span> <span class='ocrx_word' id='word_1_135' title='bbox 281 1299 354 1338; x_wconf 87' lang='lat' dir='ltr'><strong>sensu</strong></span> <span class='ocrx_word' id='word_1_136' title='bbox 363 1286 435 1336; x_wconf 87' lang='lat' dir='ltr'><strong>autin</strong></span> <span class='ocrx_word' id='word_1_137' title='bbox 448 1290 488 1336; x_wconf 84' lang='lat' dir='ltr'><strong>tuo</strong></span> <span class='ocrx_word' id='word_1_138' title='bbox 497 1283 567 1334; x_wconf 86' lang='lat' dir='ltr'><strong>uerbo</strong></span> <span class='ocrx_word' id='word_1_139' title='bbox 582 1283 695 1334; x_wconf 87' lang='lat' dir='ltr'><strong>dominari</strong></span> <span class='ocrx_word' id='word_1_140' title='bbox 707 1285 844 1349; x_wconf 87' lang='lat' dir='ltr'><strong>permittas.</strong></span> <span class='ocrx_word' id='word_1_141' title='bbox 855 1303 870 1334; x_wconf 81' lang='lat' dir='ltr'><strong>n</strong></span> 
     </span>
    </p>

    <p class='ocr_par' dir='ltr' id='par_1_5' title="bbox 118 1356 925 1563">
     <span class='ocr_line' id='line_1_18' title="bbox 153 1356 924 1420; baseline -0.009 -10"><span class='ocrx_word' id='word_1_142' title='bbox 153 1359 310 1420; x_wconf 83' lang='lat' dir='ltr'><strong>(Coucnusro.</strong></span> <span class='ocrx_word' id='word_1_143' title='bbox 320 1385 353 1396; x_wconf 91' lang='lat'><em>-</em></span> <span class='ocrx_word' id='word_1_144' title='bbox 364 1357 529 1420; x_wconf 75' lang='lat' dir='ltr'><strong>superbiaque</strong></span> <span class='ocrx_word' id='word_1_145' title='bbox 540 1356 608 1406; x_wconf 85' lang='lat' dir='ltr'><strong>homo</strong></span> <span class='ocrx_word' id='word_1_146' title='bbox 619 1358 699 1406; x_wconf 85' lang='lat' dir='ltr'><strong>eontra</strong></span> <span class='ocrx_word' id='word_1_147' title='bbox 713 1359 804 1406; x_wconf 78' lang='lat' dir='ltr'><strong>rectam</strong></span> <span class='ocrx_word' id='word_1_148' title='bbox 814 1356 924 1408; x_wconf 83' lang='lat' dir='ltr'><strong>rationem</strong></span> 
     </span>
     <span class='ocr_line' id='line_1_19' title="bbox 118 1425 925 1494; baseline -0.002 -16"><span class='ocrx_word' id='word_1_149' title='bbox 118 1428 183 1492; x_wconf 81' lang='lat' dir='ltr'><strong>eupit</strong></span> <span class='ocrx_word' id='word_1_150' title='bbox 196 1429 326 1494; x_wconf 75' lang='lat' dir='ltr'><strong>supergredi</strong></span> <span class='ocrx_word' id='word_1_151' title='bbox 344 1430 460 1479; x_wconf 77' lang='lat' dir='ltr'><strong>modulum</strong></span> <span class='ocrx_word' id='word_1_152' title='bbox 477 1441 526 1477; x_wconf 75' lang='lat' dir='ltr'><strong>sum</strong></span> <span class='ocrx_word' id='word_1_153' title='bbox 542 1425 680 1478; x_wconf 79' lang='lat' dir='ltr'><strong>conditionis</strong></span> <span class='ocrx_word' id='word_1_154' title='bbox 690 1464 696 1487; x_wconf 91' lang='lat'>,</span> <span class='ocrx_word' id='word_1_155' title='bbox 706 1428 791 1488; x_wconf 80' lang='lat' dir='ltr'><strong>procul</strong></span> <span class='ocrx_word' id='word_1_156' title='bbox 807 1429 883 1482; x_wconf 81' lang='lat' dir='ltr'><strong>dunin</strong></span> <span class='ocrx_word' id='word_1_157' title='bbox 897 1428 925 1476; x_wconf 77' lang='lat' dir='ltr'><strong>ri·</strong></span> 
     </span>
     <span class='ocr_line' id='line_1_20' title="bbox 118 1499 468 1563; baseline 0.003 -14"><span class='ocrx_word' id='word_1_158' title='bbox 118 1500 174 1550; x_wconf 89' lang='lat' dir='ltr'><strong>tium</strong></span> <span class='ocrx_word' id='word_1_159' title='bbox 189 1504 257 1562; x_wconf 79' lang='lat' dir='ltr'><strong>atque</strong></span> <span class='ocrx_word' id='word_1_160' title='bbox 271 1505 389 1563; x_wconf 83' lang='lat' dir='ltr'><strong>peceatum</strong></span> <span class='ocrx_word' id='word_1_161' title='bbox 405 1499 468 1563; x_wconf 72' lang='lat' dir='ltr'><strong>mi.)</strong></span> 
     </span>
    </p>

    <p class='ocr_par' dir='ltr' id='par_1_6' title="bbox 114 1568 926 2346">
     <span class='ocr_line' id='line_1_21' title="bbox 148 1568 923 1634; baseline -0.001 -14"><span class='ocrx_word' id='word_1_162' title='bbox 148 1571 282 1634; x_wconf 78' lang='lat' dir='ltr'><strong>Respomeo</strong></span> <span class='ocrx_word' id='word_1_163' title='bbox 291 1571 425 1634; x_wconf 78' lang='lat' dir='ltr'><strong>disemum,</strong></span> <span class='ocrx_word' id='word_1_164' title='bbox 434 1570 495 1634; x_wconf 82' lang='lat' dir='ltr'><strong>quod</strong></span> <span class='ocrx_word' id='word_1_165' title='bbox 503 1569 621 1634; x_wconf 76' lang='lat' dir='ltr'><strong>superbia</strong></span> <span class='ocrx_word' id='word_1_166' title='bbox 629 1568 762 1620; x_wconf 85' lang='lat' dir='ltr'><strong>nominatur</strong></span> <span class='ocrx_word' id='word_1_167' title='bbox 773 1581 806 1622; x_wconf 83' lang='lat' dir='ltr'><strong>ex</strong></span> <span class='ocrx_word' id='word_1_168' title='bbox 814 1570 864 1620; x_wconf 81' lang='lat' dir='ltr'><strong>troo</strong></span> <span class='ocrx_word' id='word_1_169' title='bbox 870 1569 923 1634; x_wconf 82' lang='lat' dir='ltr'><strong>quod</strong></span> 
     </span>
     <span class='ocr_line' id='line_1_22' title="bbox 117 1641 923 1706; baseline -0.001 -15"><span class='ocrx_word' id='word_1_170' title='bbox 117 1641 197 1705; x_wconf 74' lang='lat' dir='ltr'><strong>dionis</strong></span> <span class='ocrx_word' id='word_1_171' title='bbox 215 1654 256 1706; x_wconf 93' lang='lat' dir='ltr'><strong>per</strong></span> <span class='ocrx_word' id='word_1_172' title='bbox 272 1643 412 1693; x_wconf 83' lang='lat' dir='ltr'><strong>uoluntatem</strong></span> <span class='ocrx_word' id='word_1_173' title='bbox 429 1642 502 1694; x_wconf 87' lang='lat' dir='ltr'><strong>tendit</strong></span> <span class='ocrx_word' id='word_1_174' title='bbox 519 1654 587 1706; x_wconf 86' lang='lat' dir='ltr'><strong>supra</strong></span> <span class='ocrx_word' id='word_1_175' title='bbox 600 1641 623 1691; x_wconf 96' lang='lat' dir='ltr'><strong>id</strong></span> <span class='ocrx_word' id='word_1_176' title='bbox 639 1641 701 1704; x_wconf 83' lang='lat' dir='ltr'><strong>quod</strong></span> <span class='ocrx_word' id='word_1_177' title='bbox 718 1643 770 1703; x_wconf 82' lang='lat' dir='ltr'><strong>est3</strong></span> <span class='ocrx_word' id='word_1_178' title='bbox 790 1642 858 1694; x_wconf 88' lang='lat' dir='ltr'><strong>unde</strong></span> <span class='ocrx_word' id='word_1_179' title='bbox 877 1643 923 1694; x_wconf 82' lang='lat' dir='ltr'><strong>dicit</strong></span> 
     </span>
     <span class='ocr_line' id='line_1_23' title="bbox 116 1711 922 1779; baseline 0 -17"><span class='ocrx_word' id='word_1_180' title='bbox 116 1711 215 1762; x_wconf 86' lang='lat' dir='ltr'><strong>isidorus</strong></span> <span class='ocrx_word' id='word_1_181' title='bbox 230 1712 254 1762; x_wconf 90' lang='lat' dir='ltr'><strong>in</strong></span> <span class='ocrx_word' id='word_1_182' title='bbox 270 1712 312 1764; x_wconf 85' lang='lat' dir='ltr'><strong>lib.</strong></span> <span class='ocrx_word' id='word_1_183' title='bbox 326 1714 474 1779; x_wconf 71' lang='lat' dir='ltr'><strong>Etymotop.</strong></span> <span class='ocrx_word' id='word_1_184' title='bbox 490 1713 544 1776; x_wconf 83' lang='lat' dir='ltr'><strong>(uei</strong></span> <span class='ocrx_word' id='word_1_185' title='bbox 557 1713 659 1778; x_wconf 74' lang='lat' dir='ltr'><strong>Orr&#39;pin.</strong></span> <span class='ocrx_word' id='word_1_186' title='bbox 674 1711 716 1762; x_wconf 84' lang='lat' dir='ltr'><strong>tiu.</strong></span> <span class='ocrx_word' id='word_1_187' title='bbox 729 1713 767 1775; x_wconf 83' lang='lat' dir='ltr'><strong>X,</strong></span> <span class='ocrx_word' id='word_1_188' title='bbox 787 1726 846 1778; x_wconf 86' lang='lat' dir='ltr'><strong>cap.</strong></span> <span class='ocrx_word' id='word_1_189' title='bbox 864 1715 922 1776; x_wconf 81' lang='lat'>18):</span> 
     </span>
     <span class='ocr_line' id='line_1_24' title="bbox 118 1781 923 1850; baseline 0.005 -20"><span class='ocrx_word' id='word_1_190' title='bbox 118 1781 257 1847; x_wconf 80' lang='lat' dir='ltr'><strong>«Superbus</strong></span> <span class='ocrx_word' id='word_1_191' title='bbox 269 1784 342 1836; x_wconf 77' lang='lat' dir='ltr'><strong>dutus</strong></span> <span class='ocrx_word' id='word_1_192' title='bbox 355 1790 407 1848; x_wconf 87' lang='lat' dir='ltr'><strong>est,</strong></span> <span class='ocrx_word' id='word_1_193' title='bbox 421 1785 474 1848; x_wconf 86' lang='lat' dir='ltr'><strong>quin</strong></span> <span class='ocrx_word' id='word_1_194' title='bbox 488 1785 538 1835; x_wconf 78' lang='lat' dir='ltr'><strong>nult</strong></span> <span class='ocrx_word' id='word_1_195' title='bbox 550 1797 619 1848; x_wconf 87' lang='lat' dir='ltr'><strong>super</strong></span> <span class='ocrx_word' id='word_1_196' title='bbox 631 1783 708 1833; x_wconf 82' lang='lat' dir='ltr'><strong>rideri</strong></span> <span class='ocrx_word' id='word_1_197' title='bbox 727 1783 803 1846; x_wconf 76' lang='lat' dir='ltr'><strong>quam</strong></span> <span class='ocrx_word' id='word_1_198' title='bbox 818 1789 873 1850; x_wconf 83' lang='lat' dir='ltr'><strong>est;</strong></span> <span class='ocrx_word' id='word_1_199' title='bbox 889 1785 923 1848; x_wconf 82' lang='lat' dir='ltr'><strong>qui</strong></span> 
     </span>
     <span class='ocr_line' id='line_1_25' title="bbox 115 1853 923 1923; baseline 0 -18"><span class='ocrx_word' id='word_1_200' title='bbox 115 1853 176 1905; x_wconf 90' lang='lat' dir='ltr'><strong>enim</strong></span> <span class='ocrx_word' id='word_1_201' title='bbox 190 1854 239 1904; x_wconf 85' lang='lat' dir='ltr'><strong>vult</strong></span> <span class='ocrx_word' id='word_1_202' title='bbox 253 1856 386 1919; x_wconf 79' lang='lat' dir='ltr'><strong>supergredi</strong></span> <span class='ocrx_word' id='word_1_203' title='bbox 399 1857 459 1923; x_wconf 88' lang='lat' dir='ltr'><strong>qnod</strong></span> <span class='ocrx_word' id='word_1_204' title='bbox 477 1858 529 1917; x_wconf 85' lang='grc' dir='ltr'><strong>εει,</strong></span> <span class='ocrx_word' id='word_1_205' title='bbox 545 1855 659 1918; x_wconf 86' lang='lat' dir='ltr'><strong>superbus</strong></span> <span class='ocrx_word' id='word_1_206' title='bbox 673 1857 743 1904; x_wconf 79' lang='grc' dir='ltr'><strong>εει.»</strong></span> <span class='ocrx_word' id='word_1_207' title='bbox 760 1855 842 1907; x_wconf 82' lang='lat' dir='ltr'><strong>Habet</strong></span> <span class='ocrx_word' id='word_1_208' title='bbox 855 1863 923 1908; x_wconf 86' lang='lat' dir='ltr'><strong>auten</strong></span> 
     </span>
     <span class='ocr_line' id='line_1_26' title="bbox 115 1925 922 1992; baseline 0.002 -17"><span class='ocrx_word' id='word_1_209' title='bbox 115 1926 160 1976; x_wconf 81' lang='lat' dir='ltr'><strong>noo</strong></span> <span class='ocrx_word' id='word_1_210' title='bbox 178 1925 235 1977; x_wconf 87' lang='lat' dir='ltr'><strong>ratio</strong></span> <span class='ocrx_word' id='word_1_211' title='bbox 249 1931 310 1977; x_wconf 89' lang='lat' dir='ltr'><strong>reota</strong></span> <span class='ocrx_word' id='word_1_212' title='bbox 325 1930 350 1975; x_wconf 90' lang='lat' dir='ltr'><strong>ut</strong></span> <span class='ocrx_word' id='word_1_213' title='bbox 363 1926 467 1978; x_wconf 82' lang='lat' dir='ltr'><strong>noluntas</strong></span> <span class='ocrx_word' id='word_1_214' title='bbox 481 1926 661 1991; x_wconf 76' lang='lat' dir='ltr'><strong>uniuscnjusque</strong></span> <span class='ocrx_word' id='word_1_215' title='bbox 674 1927 764 1976; x_wconf 82' lang='lat' dir='ltr'><strong>teratur</strong></span> <span class='ocrx_word' id='word_1_216' title='bbox 781 1927 809 1978; x_wconf 95' lang='lat' dir='ltr'><strong>in</strong></span> <span class='ocrx_word' id='word_1_217' title='bbox 825 1928 852 1979; x_wconf 92' lang='lat' dir='ltr'><strong>id</strong></span> <span class='ocrx_word' id='word_1_218' title='bbox 869 1930 922 1992; x_wconf 81' lang='lat' dir='ltr'><strong>quod</strong></span> 
     </span>
     <span class='ocr_line' id='line_1_27' title="bbox 114 1995 919 2064; baseline 0.001 -18"><span class='ocrx_word' id='word_1_219' title='bbox 114 2001 150 2047; x_wconf 93' lang='grc' dir='ltr'><strong>εει</strong></span> <span class='ocrx_word' id='word_1_220' title='bbox 162 1998 357 2061; x_wconf 87' lang='lat' dir='ltr'><strong>pmportionatum</strong></span> <span class='ocrx_word' id='word_1_221' title='bbox 367 1998 428 2048; x_wconf 82' lang='lat' dir='ltr'><strong>sibi:</strong></span> <span class='ocrx_word' id='word_1_222' title='bbox 439 2002 464 2047; x_wconf 89' lang='lat' dir='ltr'><strong>et</strong></span> <span class='ocrx_word' id='word_1_223' title='bbox 470 1997 522 2048; x_wconf 91' lang='lat' dir='ltr'><strong>ideo</strong></span> <span class='ocrx_word' id='word_1_224' title='bbox 534 1995 678 2047; x_wconf 79' lang='lat' dir='ltr'><strong>manifestum</strong></span> <span class='ocrx_word' id='word_1_225' title='bbox 689 1996 804 2060; x_wconf 78' lang='lat' dir='ltr'><strong>estquod</strong></span> <span class='ocrx_word' id='word_1_226' title='bbox 816 2000 919 2064; x_wconf 83' lang='lat' dir='ltr'><strong>supernia</strong></span> 
     </span>
     <span class='ocr_line' id='line_1_28' title="bbox 116 2067 924 2134; baseline 0.001 -17"><span class='ocrx_word' id='word_1_227' title='bbox 116 2067 223 2132; x_wconf 82' lang='lat' dir='ltr'><strong>importet</strong></span> <span class='ocrx_word' id='word_1_228' title='bbox 236 2067 319 2133; x_wconf 79' lang='lat' dir='ltr'><strong>aliquid</strong></span> <span class='ocrx_word' id='word_1_229' title='bbox 330 2071 390 2134; x_wconf 87' lang='lat' dir='ltr'><strong>qnod</strong></span> <span class='ocrx_word' id='word_1_230' title='bbox 399 2070 531 2120; x_wconf 80' lang='lat' dir='ltr'><strong>adversatur</strong></span> <span class='ocrx_word' id='word_1_231' title='bbox 540 2068 622 2118; x_wconf 79' lang='lat' dir='ltr'><strong>rationi</strong></span> <span class='ocrx_word' id='word_1_232' title='bbox 632 2071 708 2118; x_wconf 78' lang='lat' dir='ltr'><strong>reoiae.</strong></span> <span class='ocrx_word' id='word_1_233' title='bbox 722 2068 772 2118; x_wconf 81' lang='lat' dir='ltr'><strong>Hoc</strong></span> <span class='ocrx_word' id='word_1_234' title='bbox 782 2074 868 2121; x_wconf 86' lang='lat' dir='ltr'><strong>entem</strong></span> <span class='ocrx_word' id='word_1_235' title='bbox 877 2070 924 2121; x_wconf 84' lang='lat' dir='ltr'><strong>facit</strong></span> 
     </span>
     <span class='ocr_line' id='line_1_29' title="bbox 115 2139 923 2204; baseline 0.002 -16"><span class='ocrx_word' id='word_1_236' title='bbox 115 2139 224 2191; x_wconf 87' lang='lat' dir='ltr'><strong>rationem</strong></span> <span class='ocrx_word' id='word_1_237' title='bbox 233 2139 334 2204; x_wconf 78' lang='lat' dir='ltr'><strong>petenti,</strong></span> <span class='ocrx_word' id='word_1_238' title='bbox 343 2139 395 2203; x_wconf 83' lang='lat' dir='ltr'><strong>quia</strong></span> <span class='ocrx_word' id='word_1_239' title='bbox 404 2139 530 2190; x_wconf 78' lang='lat' dir='ltr'><strong>secundom</strong></span> <span class='ocrx_word' id='word_1_240' title='bbox 540 2139 682 2204; x_wconf 76' lang='lat' dir='ltr'><strong>dionysium,</strong></span> <span class='ocrx_word' id='word_1_241' title='bbox 695 2140 736 2189; x_wconf 85' lang='lat' dir='ltr'><strong>lv.</strong></span> <span class='ocrx_word' id='word_1_242' title='bbox 749 2152 808 2204; x_wconf 84' lang='lat' dir='ltr'><strong>oap.</strong></span> <span class='ocrx_word' id='word_1_243' title='bbox 824 2143 863 2194; x_wconf 85' lang='lat' dir='ltr'><strong>De</strong></span> <span class='ocrx_word' id='word_1_244' title='bbox 876 2145 923 2192; x_wconf 83' lang='lat' dir='ltr'><strong>dio.</strong></span> 
     </span>
     <span class='ocr_line' id='line_1_30' title="bbox 115 2210 926 2276; baseline 0.005 -16"><span class='ocrx_word' id='word_1_245' title='bbox 115 2210 227 2267; x_wconf 72' lang='lat' dir='ltr'><strong>Itonia..</strong></span> <span class='ocrx_word' id='word_1_246' title='bbox 242 2229 257 2260; x_wconf 79' lang='lat' dir='ltr'><strong>e</strong></span> <span class='ocrx_word' id='word_1_247' title='bbox 274 2211 359 2262; x_wconf 81' lang='lat' dir='ltr'><strong>molum</strong></span> <span class='ocrx_word' id='word_1_248' title='bbox 373 2211 455 2262; x_wconf 84' lang='lat' dir='ltr'><strong>anime</strong></span> <span class='ocrx_word' id='word_1_249' title='bbox 470 2216 506 2261; x_wconf 87' lang='grc' dir='ltr'><strong>εει</strong></span> <span class='ocrx_word' id='word_1_250' title='bbox 521 2214 601 2276; x_wconf 76' lang='lat' dir='ltr'><strong>proter</strong></span> <span class='ocrx_word' id='word_1_251' title='bbox 619 2210 732 2263; x_wconf 83' lang='lat' dir='ltr'><strong>rationem</strong></span> <span class='ocrx_word' id='word_1_252' title='bbox 750 2225 818 2264; x_wconf 87' lang='lat' dir='ltr'><strong>esse.</strong></span> <span class='ocrx_word' id='word_1_253' title='bbox 839 2232 854 2263; x_wconf 85' lang='lat' dir='ltr'><strong>n</strong></span> <span class='ocrx_word' id='word_1_254' title='bbox 871 2216 926 2266; x_wconf 83' lang='lat' dir='ltr'><strong>Unde</strong></span> 
     </span>
     <span class='ocr_line' id='line_1_31' title="bbox 116 2280 689 2346; baseline 0.002 -16"><span class='ocrx_word' id='word_1_255' title='bbox 116 2281 261 2334; x_wconf 77' lang='lat' dir='ltr'><strong>mandentum</strong></span> <span class='ocrx_word' id='word_1_256' title='bbox 269 2285 304 2332; x_wconf 86' lang='grc' dir='ltr'><strong>εει</strong></span> <span class='ocrx_word' id='word_1_257' title='bbox 315 2280 377 2345; x_wconf 78' lang='lat' dir='ltr'><strong>quod</strong></span> <span class='ocrx_word' id='word_1_258' title='bbox 390 2282 497 2344; x_wconf 79' lang='lat' dir='ltr'><strong>snperbia</strong></span> <span class='ocrx_word' id='word_1_259' title='bbox 515 2287 550 2332; x_wconf 89' lang='lat' dir='ltr'><strong>est</strong></span> <span class='ocrx_word' id='word_1_260' title='bbox 561 2285 689 2346; x_wconf 75' lang='lat' dir='ltr'><strong>peceatum.</strong></span> 
     </span>
    </p>

    <p class='ocr_par' dir='ltr' id='par_1_7' title="bbox 115 2353 948 2916">
     <span class='ocr_line' id='line_1_32' title="bbox 146 2353 948 2423; baseline 0.004 -19"><span class='ocrx_word' id='word_1_261' title='bbox 146 2354 181 2404; x_wconf 77' lang='lat' dir='ltr'><strong>dd</strong></span> <span class='ocrx_word' id='word_1_262' title='bbox 194 2354 291 2418; x_wconf 84' lang='lat' dir='ltr'><strong>primunr</strong></span> <span class='ocrx_word' id='word_1_263' title='bbox 300 2367 355 2416; x_wconf 83' lang='lat' dir='ltr'><strong>ergo</strong></span> <span class='ocrx_word' id='word_1_264' title='bbox 363 2353 498 2415; x_wconf 81' lang='lat' dir='ltr'><strong>dicendum,</strong></span> <span class='ocrx_word' id='word_1_265' title='bbox 509 2353 569 2416; x_wconf 82' lang='lat' dir='ltr'><strong>quod</strong></span> <span class='ocrx_word' id='word_1_266' title='bbox 581 2353 704 2418; x_wconf 74' lang='lat' dir='ltr'><strong>superbio</strong></span> <span class='ocrx_word' id='word_1_267' title='bbox 714 2354 847 2419; x_wconf 80' lang='lat' dir='ltr'><strong>dupliciter</strong></span> <span class='ocrx_word' id='word_1_268' title='bbox 856 2359 923 2423; x_wconf 69' lang='lat' dir='ltr'><strong>arripi</strong></span> <span class='ocrx_word' id='word_1_269' title='bbox 947 2389 948 2398; x_wconf 36' lang='grc' dir='ltr'><strong>ι</strong></span> 
     </span>
     <span class='ocr_line' id='line_1_33' title="bbox 116 2405 948 2489; baseline 0.004 -16"><span class='ocrx_word' id='word_1_270' title='bbox 116 2426 197 2486; x_wconf 85' lang='lat' dir='ltr'><strong>potest.</strong></span> <span class='ocrx_word' id='word_1_271' title='bbox 211 2425 262 2475; x_wconf 88' lang='lat' dir='ltr'><strong>Uno</strong></span> <span class='ocrx_word' id='word_1_272' title='bbox 273 2424 354 2485; x_wconf 84' lang='lat' dir='ltr'><strong>modo,</strong></span> <span class='ocrx_word' id='word_1_273' title='bbox 367 2436 398 2472; x_wconf 79' lang='lat' dir='ltr'><strong>ex</strong></span> <span class='ocrx_word' id='word_1_274' title='bbox 408 2423 507 2486; x_wconf 78' lang='lat' dir='ltr'><strong>eoquod</strong></span> <span class='ocrx_word' id='word_1_275' title='bbox 517 2423 688 2487; x_wconf 75' lang='lat' dir='ltr'><strong>supergreditur</strong></span> <span class='ocrx_word' id='word_1_276' title='bbox 701 2427 813 2488; x_wconf 75' lang='lat' dir='ltr'><strong>regulam</strong></span> <span class='ocrx_word' id='word_1_277' title='bbox 823 2431 923 2489; x_wconf 79' lang='lat' dir='ltr'><strong>rationis3</strong></span> <span class='ocrx_word' id='word_1_278' title='bbox 947 2405 948 2476; x_wconf 56' lang='grc' dir='ltr'><strong>ι</strong></span> 
     </span>
     <span class='ocr_line' id='line_1_34' title="bbox 116 2487 948 2568; baseline 0.008 -25"><span class='ocrx_word' id='word_1_279' title='bbox 116 2497 140 2543; x_wconf 93' lang='grc' dir='ltr'><strong>ει</strong></span> <span class='ocrx_word' id='word_1_280' title='bbox 151 2495 185 2545; x_wconf 88' lang='lat' dir='ltr'><strong>sio</strong></span> <span class='ocrx_word' id='word_1_281' title='bbox 195 2495 294 2548; x_wconf 86' lang='lat' dir='ltr'><strong>disimus</strong></span> <span class='ocrx_word' id='word_1_282' title='bbox 304 2509 355 2545; x_wconf 87' lang='lat' dir='ltr'><strong>eam</strong></span> <span class='ocrx_word' id='word_1_283' title='bbox 365 2508 417 2546; x_wconf 88' lang='lat' dir='ltr'><strong>esse</strong></span> <span class='ocrx_word' id='word_1_284' title='bbox 430 2501 559 2558; x_wconf 77' lang='lat' dir='ltr'><strong>pennatum.</strong></span> <span class='ocrx_word' id='word_1_285' title='bbox 571 2496 622 2547; x_wconf 76' lang='lat' dir='ltr'><strong>Alio</strong></span> <span class='ocrx_word' id='word_1_286' title='bbox 631 2496 699 2546; x_wconf 89' lang='lat' dir='ltr'><strong>modo</strong></span> <span class='ocrx_word' id='word_1_287' title='bbox 710 2501 795 2560; x_wconf 82' lang='lat' dir='ltr'><strong>potest</strong></span> <span class='ocrx_word' id='word_1_288' title='bbox 808 2503 925 2568; x_wconf 72' lang='lat' dir='ltr'><strong>superbio</strong></span> <span class='ocrx_word' id='word_1_289' title='bbox 947 2487 948 2566; x_wconf 56' lang='grc' dir='ltr'><strong>ι</strong></span> 
     </span>
     <span class='ocr_line' id='line_1_35' title="bbox 115 2564 925 2632; baseline 0.01 -18"><span class='ocrx_word' id='word_1_290' title='bbox 115 2564 227 2619; x_wconf 88' lang='lat' dir='ltr'><strong>nominari</strong></span> <span class='ocrx_word' id='word_1_291' title='bbox 242 2566 375 2632; x_wconf 81' lang='lat' dir='ltr'><strong>simpliciter</strong></span> <span class='ocrx_word' id='word_1_292' title='bbox 389 2566 592 2631; x_wconf 77' lang='lat' dir='ltr'><strong>isuperenoessu3</strong></span> <span class='ocrx_word' id='word_1_293' title='bbox 607 2570 631 2617; x_wconf 91' lang='grc' dir='ltr'><strong>ει</strong></span> <span class='ocrx_word' id='word_1_294' title='bbox 649 2568 782 2620; x_wconf 84' lang='lat' dir='ltr'><strong>secundnm</strong></span> <span class='ocrx_word' id='word_1_295' title='bbox 800 2573 925 2626; x_wconf 79' lang='lat' dir='ltr'><strong>noconius</strong></span> 
     </span>
     <span class='ocr_line' id='line_1_36' title="bbox 115 2637 926 2706; baseline 0.012 -25"><span class='ocrx_word' id='word_1_296' title='bbox 115 2638 297 2696; x_wconf 82' lang='lat' dir='ltr'><strong>superexcedens</strong></span> <span class='ocrx_word' id='word_1_297' title='bbox 314 2641 392 2701; x_wconf 86' lang='lat' dir='ltr'><strong>potest</strong></span> <span class='ocrx_word' id='word_1_298' title='bbox 405 2637 519 2687; x_wconf 83' lang='lat' dir='ltr'><strong>nominari</strong></span> <span class='ocrx_word' id='word_1_299' title='bbox 530 2637 655 2700; x_wconf 76' lang='lat' dir='ltr'><strong>superbio.</strong></span> <span class='ocrx_word' id='word_1_300' title='bbox 668 2637 698 2688; x_wconf 82' lang='lat' dir='ltr'><strong>ut</strong></span> <span class='ocrx_word' id='word_1_301' title='bbox 712 2640 747 2689; x_wconf 88' lang='lat' dir='ltr'><strong>ita</strong></span> <span class='ocrx_word' id='word_1_302' title='bbox 763 2647 926 2706; x_wconf 79' lang='lat' dir='ltr'><strong>repromittitur</strong></span> 
     </span>
     <span class='ocr_line' id='line_1_37' title="bbox 116 2702 924 2772; baseline 0.016 -21"><span class='ocrx_word' id='word_1_303' title='bbox 116 2702 187 2753; x_wconf 75' lang='lat' dir='ltr'><strong>ibeo</strong></span> <span class='ocrx_word' id='word_1_304' title='bbox 203 2707 322 2770; x_wconf 75' lang='lat' dir='ltr'><strong>superbio</strong></span> <span class='ocrx_word' id='word_1_305' title='bbox 335 2708 400 2770; x_wconf 85' lang='lat' dir='ltr'><strong>qnasi</strong></span> <span class='ocrx_word' id='word_1_306' title='bbox 413 2707 505 2772; x_wconf 88' lang='lat' dir='ltr'><strong>quidam</strong></span> <span class='ocrx_word' id='word_1_307' title='bbox 526 2721 704 2771; x_wconf 86' lang='lat' dir='ltr'><strong>superexoessns</strong></span> <span class='ocrx_word' id='word_1_308' title='bbox 719 2710 851 2767; x_wconf 89' lang='lat' dir='ltr'><strong>bonorum.</strong></span> <span class='ocrx_word' id='word_1_309' title='bbox 868 2717 924 2767; x_wconf 87' lang='lat' dir='ltr'><strong>Unde</strong></span> 
     </span>
     <span class='ocr_line' id='line_1_38' title="bbox 115 2772 921 2846; baseline 0.012 -26"><span class='ocrx_word' id='word_1_310' title='bbox 115 2774 139 2820; x_wconf 92' lang='grc' dir='ltr'><strong>ει</strong></span> <span class='ocrx_word' id='word_1_311' title='bbox 149 2772 227 2824; x_wconf 86' lang='lat' dir='ltr'><strong>Gtossa</strong></span> <span class='ocrx_word' id='word_1_312' title='bbox 240 2778 373 2843; x_wconf 72' lang='lat' dir='ltr'><strong>Hieronymi</strong></span> <span class='ocrx_word' id='word_1_313' title='bbox 387 2779 443 2831; x_wconf 83' lang='lat' dir='ltr'><strong>dicit</strong></span> <span class='ocrx_word' id='word_1_314' title='bbox 452 2779 535 2830; x_wconf 86' lang='lat' dir='ltr'><strong>ibidem</strong></span> <span class='ocrx_word' id='word_1_315' title='bbox 550 2779 588 2844; x_wconf 90' lang='lat' dir='ltr'><strong>(iu</strong></span> <span class='ocrx_word' id='word_1_316' title='bbox 605 2779 679 2836; x_wconf 68' lang='lat' dir='ltr'><strong>leod,</strong></span> <span class='ocrx_word' id='word_1_317' title='bbox 691 2780 772 2842; x_wconf 77' lang='lat' dir='ltr'>LXI),</span> <span class='ocrx_word' id='word_1_318' title='bbox 788 2784 854 2846; x_wconf 79' lang='lat' dir='ltr'><strong>qnod</strong></span> <span class='ocrx_word' id='word_1_319' title='bbox 869 2805 883 2834; x_wconf 86' lang='grc'>«</span> <span class='ocrx_word' id='word_1_320' title='bbox 892 2790 921 2835; x_wconf 79' lang='lat' dir='ltr'><strong>est</strong></span> 
     </span>
     <span class='ocr_line' id='line_1_39' title="bbox 116 2840 921 2916; baseline 0.022 -30"><span class='ocrx_word' id='word_1_321' title='bbox 116 2840 220 2901; x_wconf 84' lang='lat' dir='ltr'><strong>superbia</strong></span> <span class='ocrx_word' id='word_1_322' title='bbox 230 2844 290 2897; x_wconf 84' lang='lat' dir='ltr'><strong>bona</strong></span> <span class='ocrx_word' id='word_1_323' title='bbox 297 2853 321 2896; x_wconf 87' lang='lat' dir='ltr'><strong>et</strong></span> <span class='ocrx_word' id='word_1_324' title='bbox 330 2848 389 2898; x_wconf 85' lang='lat' dir='ltr'><strong>mala</strong></span> <span class='ocrx_word' id='word_1_325' title='bbox 401 2885 411 2911; x_wconf 82' lang='lat'>,</span> <span class='ocrx_word' id='word_1_326' title='bbox 422 2848 458 2897; x_wconf 86' lang='lat' dir='ltr'><strong>rel</strong></span> <span class='ocrx_word' id='word_1_327' title='bbox 469 2849 577 2913; x_wconf 80' lang='lat' dir='ltr'><strong>superbia</strong></span> <span class='ocrx_word' id='word_1_328' title='bbox 589 2848 614 2900; x_wconf 87' lang='lat' dir='ltr'><strong>in</strong></span> <span class='ocrx_word' id='word_1_329' title='bbox 630 2847 690 2900; x_wconf 81' lang='lat' dir='ltr'><strong>vitio</strong></span> <span class='ocrx_word' id='word_1_330' title='bbox 700 2850 739 2902; x_wconf 87' lang='lat' dir='ltr'><strong>oui</strong></span> <span class='ocrx_word' id='word_1_331' title='bbox 753 2852 821 2908; x_wconf 82' lang='lat' dir='ltr'><strong>Deus</strong></span> <span class='ocrx_word' id='word_1_332' title='bbox 833 2858 921 2916; x_wconf 78' lang='grc' dir='ltr'><strong>εεεὶειῐι,</strong></span> 
     </span>
    </p>
   </div>
   <div class='ocr_carea' id='block_1_3' title="bbox 0 0 972 3284">
    <p class='ocr_par' dir='ltr' id='par_1_8' title="bbox 0 0 972 3284">
     <span class='ocr_line' id='line_1_40' title="bbox 0 0 972 3284; baseline 0 1"><span class='ocrx_word' id='word_1_333' title='bbox 0 0 972 3284; x_wconf 95' lang='lat' dir='ltr'><strong> </strong></span> 
     </span>
    </p>
   </div>
  </div>
 </body>
</html>
