1934 3284
333 168 366 216 b!
381 166 528 212 nimrim
542 169 590 212 ffl-
816 163 862 214 211

90 254 112 300 ιι.
128 249 258 309 Preierea,
273 245 476 310 inperfectionem
489 247 590 299 bominis
605 247 864 313 pertinentissime

59 319 219 384 praetermissis
234 317 449 376 humanisaur'ntis,
464 319 489 368 in
504 320 553 370 soto
567 321 612 370 neo
626 333 690 383 sporo
701 324 787 386 ponat;
802 323 863 374 unde

58 391 187 446 ambrosius
201 403 272 454 super
283 389 340 440 iilud
350 391 421 454 buu,
430 390 473 442 lX:
486 389 571 441 odibit
583 391 679 442 tuleritis
687 392 711 442 in
723 392 838 456 via„ete.,
847 412 862 442 u

58 463 122 513 dicit:
141 480 155 510 u
165 461 246 521 Qualis
258 461 340 512 debeat
352 473 403 514 esse
418 462 459 526 qui
473 462 617 525 evangelizat
629 475 726 526 regnum
739 464 792 520 bei,
806 478 865 529 prn-

57 535 125 598 ceptis
141 531 282 595 evangelicis
297 531 444 596 designator,
460 551 473 580 rr
486 535 531 584 hoc
547 536 596 592 esi,
613 538 663 584 unt
678 535 774 586 subsidii
790 549 863 586 secu·

58 605 109 655 iaris
120 603 263 656 adminicula
276 616 323 654 non
337 603 452 666 repebat,
469 604 559 668 fideque
573 607 637 654 tutus
654 609 720 668 putot
729 605 775 668 qud
789 605 866 674 miphs

58 678 95 726 iste
110 675 225 738 requirat,
243 673 317 738 magis
333 688 401 740 posse
418 679 552 740 suppetere;
568 693 582 722 o
601 678 624 726 et
640 677 666 726 B.
681 679 767 740 Agatha
782 677 861 728 dixit:

61 765 73 796 u
87 745 226 798 Medicinam
247 747 386 810 corporalem
400 748 490 811 corpori
509 761 561 798 meo
574 759 690 809 nunqnam
704 749 809 810 exhibui,
824 751 864 802 sed

58 821 129 871 habeo
144 817 269 869 hominum
282 819 359 871 iesum
373 819 488 872 Christum
506 819 546 884 qui
569 819 619 880 solo
632 831 736 870 sermons
754 822 864 872 restaurat

58 892 172 942 universa.
187 905 201 935 u
215 890 259 940 Sed
278 889 319 940 Dei
332 891 427 940 tentatio
443 904 490 940 neon
501 889 606 942 consistit
619 889 645 939 in
659 904 688 941 eo
701 891 760 955 quod
772 893 800 941 ad
811 907 862 955 per·

58 963 181 1015 tectionem
195 960 309 1028 pertinet
324 961 384 1024 Ergo
397 961 437 1012 bei
451 961 546 1015 tenutis
564 972 610 1012 non
624 961 729 1012 consistit
743 961 769 1012 in
782 963 864 1026 hujus·

57 1035 115 1088 modi
133 1033 218 1092 iactis,
233 1032 353 1103 inquibus
366 1036 497 1096 expectator
511 1033 584 1084 solum
598 1031 638 1082 bei
649 1032 768 1082 auxilinm.

85 1107 130 1158 Sed
145 1106 284 1168 condrensi,
297 1105 357 1167 quod
370 1105 510 1169 Augustinus
521 1104 585 1168 dicit,
599 1105 660 1155 tritt
673 1105 768 1157 Contra
782 1106 863 1156 Faus-

58 1183 110 1230 tam
122 1180 193 1245 (cap.
212 1180 278 1240 36),
294 1175 357 1240 qudd
372 1177 498 1228 «Christus
510 1177 550 1241 qui
569 1177 643 1240 palam
664 1177 767 1228 docendo
785 1182 810 1229 et
827 1191 864 1229 ar·

58 1251 161 1313 suendo,
177 1252 201 1299 et
214 1253 291 1300 umen
301 1247 445 1298 inimicorum
454 1249 540 1298 rabiem
551 1249 627 1300 radere
638 1248 663 1297 in
674 1262 699 1299 se
713 1248 797 1313 aliquid
812 1264 861 1300 non

58 1323 170 1383 sinendo,
185 1320 229 1372 Dei
241 1320 411 1371 demonstrabat
421 1323 575 1385 potestaten,
585 1319 645 1371 idem
659 1323 736 1370 umen
752 1321 863 1382 fugiendo

58 1398 79 1444 et
95 1393 191 1446 hundo
204 1391 307 1442 hominis
321 1392 445 1442 instruebat
458 1391 628 1454 infirmitatem,
644 1404 673 1442 nc
691 1393 763 1445 heom
776 1395 866 1443 tenure

61 1467 152 1528 audeat,
168 1463 262 1528 quaudo
283 1463 425 1526 bahetpuod
444 1463 530 1526 iaciat,
545 1465 570 1512 ιιι
587 1463 648 1526 quod
664 1476 743 1514 cauere
757 1464 863 1528 oportet',

64 1537 144 1588 erant.
159 1553 176 1584 o
194 1537 228 1586 ix
243 1547 289 1598 quo
302 1535 429 1586 uideturin
446 1536 490 1586 hoc
504 1533 544 1586 liei
558 1534 706 1586 tentationem
721 1535 864 1598 consistere,

62 1609 146 1670 umido
157 1605 315 1674 praetermittit
328 1607 398 1658 homo
412 1607 487 1657 tacere
500 1607 559 1670 quod
569 1609 644 1671 potest
657 1606 796 1671 adponenda
809 1620 863 1658 cra-

59 1680 140 1745 denda,
158 1677 292 1743 respiciens
306 1675 380 1728 solbrrr
392 1677 419 1729 ad
433 1676 541 1728 umidum
552 1673 663 1729 divinum.

86 1753 252 1817 (mentusco.
260 1775 292 1788 -
301 1750 399 1800 Tentare
412 1750 482 1802 heum
493 1789 500 1810 ,
510 1752 546 1800 est
558 1750 675 1813 explorare
689 1762 718 1798 an
728 1751 787 1801 bens
795 1750 863 1812 sciat,

58 1827 111 1876 uelit
120 1831 163 1876 ant
174 1823 250 1888 possit
261 1821 286 1872 id
294 1821 356 1886 quod
367 1821 389 1870 ci
398 1821 549 1886 ‚proponitur3
559 1819 581 1871 is
588 1834 677 1885 qnoque
690 1820 863 1884 interpretatus

56 1898 123 1948 heum
130 1900 225 1950 tenure
235 1893 327 1955 dicitnr,
336 1891 467 1958 quiahmue
475 1892 610 1947 necessitate
618 1891 862 1958 periculoseenponit,

56 1969 149 2034 cupiens
164 1965 269 2032 experiri
279 1978 308 2016 sn
323 1965 384 2016 bens
397 1963 426 2016 sit
438 1964 664 2027 consideraturus.)

83 2037 366 2106 Respoudeodieondurn,
375 2035 434 2100 qubd
444 2039 531 2088 tentare
541 2033 864 2100 estproprideaperimsntum

57 2126 142 2165 sumere
154 2113 186 2164 de
202 2123 231 2162 eo
246 2109 284 2174 qui
296 2110 407 2159 tenuius.
422 2107 539 2159 Serninus
551 2111 629 2157 autem
642 2106 824 2171 experimentum
835 2109 863 2159 de

57 2183 146 2248 atiquo,
157 2187 184 2235 ei
201 2181 278 2233 vorbis
291 2184 316 2230 et
330 2179 398 2230 caros
413 2194 421 2230 2
435 2178 511 2230 uerbis
523 2178 629 2242 quidem,
641 2182 667 2228 ut
679 2177 820 2241 experiamur
834 2191 864 2230 an

57 2255 111 2306 sciat
128 2255 195 2321 quod
212 2251 352 2318 quenmus,
370 2252 407 2302 uel
425 2264 453 2300 au
470 2251 545 2315 possit
559 2254 601 2301 aut
619 2249 675 2302 vetit
687 2248 742 2300 illud
760 2248 862 2316 implero

57 2329 119 2380 facus
136 2331 233 2391 antem,
249 2324 302 2378 cium
322 2339 364 2391 per
379 2338 407 2376 ea
420 2338 471 2389 oum
487 2324 595 2382 iacimus,
609 2324 754 2388 exploramus
769 2324 863 2378 dunos

56 2401 219 2462 prudentiam,
229 2398 267 2449 rei
282 2397 480 2457 voluntatem,uel
492 2400 636 2463 potestatem
652 2396 777 2458 Utrumque
787 2402 864 2450 aubin

56 2470 136 2536 horum
153 2469 274 2531 contingit
286 2467 409 2532 dupliciter
425 2481 430 2494 ·
446 2480 494 2518 uno
509 2467 602 2530 quidem
616 2466 682 2528 modo
692 2465 793 2533 ¹aperti,
806 2467 865 2527 sieut

55 2541 103 2594 edm
116 2543 174 2608 quis
188 2544 327 2592 tentatorem
338 2552 362 2590 se
373 2539 492 2603 profitetur
505 2538 563 2590 sicut
573 2539 678 2601 Samson,
691 2538 792 2599 lodic,
803 2540 863 2601 XiV,

55 2614 178 2679 proposuit¹
200 2609 325 2674 philistaeis
343 2610 459 2676 prohtema
477 2612 507 2662 ad
522 2625 563 2662 eos
580 2611 728 2673 tenendum
748 2610 793 2661 olio
810 2625 864 2678 vero

55 2688 120 2738 modo
136 2681 252 2752 insidiosi
270 2686 296 2736 et
311 2681 411 2743 oronte,
426 2682 486 2734 sicui
505 2681 617 2736 Pharisaei
630 2685 775 2745 deminuerunt
788 2682 865 2734 Chris·

55 2759 116 2821 tum,
134 2761 163 2810 nt
180 2753 386 2818 tegiturnotrt,
399 2754 451 2812 xtt.
463 2754 550 2808 torem
560 2755 698 2820 domnoque
717 2755 810 2818 quidem
824 2767 865 2806 sn·

53 2833 134 2893 presso
142 2865 161 2893 ,,
170 2827 230 2895 prot
244 2826 362 2894 sirmeum
373 2827 432 2887 dioto
447 2827 486 2880 ret
499 2827 674 2886 drcbeintoodit
685 2825 868 2890 experimentum

53 2912 153 2966 stranare
172 2898 320 2970 deabus
330 2897 479 2968 ,ιιιιιιιιιι
492 2893 864 2971 intumescentium
