1934 3284
119 220 165 268 ald
252 223 359 266 sumna
377 222 508 278 ammon,
524 223 618 273 onus.
635 224 664 276 c,
682 223 738 264 aar.
754 225 788 266 re.

120 321 161 372 pro
181 304 218 356 iris
233 303 288 354 verb
308 315 360 366 qua
378 302 411 353 sio
430 301 585 366 spiritualibus
607 305 770 365 annectuntur,
791 305 817 353 ut
834 303 863 353 ad
881 303 926 354 illa

121 379 232 440 ordinata,
248 378 323 440 potest
335 374 432 439 pecunia
442 374 522 438 recipi.
537 373 547 438 i

152 449 286 513 Respondet
307 446 442 508 dicendum,
459 445 519 510 quod
539 444 623 510 aliquid
642 447 782 509 potestesse
806 457 926 496 annexum

121 519 277 587 spiritualibus
297 516 424 582 stupiditas.
439 518 489 568 llno
502 518 584 578 modo,
597 517 656 568 deut
670 529 700 566 en
711 515 868 580 spiritualibus
882 519 927 568 de-

119 592 239 658 pendens:
255 589 312 641 sieut
325 589 408 639 indere
420 587 530 639 benedab
550 586 700 638 eeclesiastico
713 587 795 638 dieitur
809 587 925 652 spiritua-

120 666 180 716 libus
191 675 318 725 annoxum,
334 659 387 725 qesta
402 673 449 710 non
462 659 571 724 competit
588 659 634 709 nisi
649 659 746 710 babenti
760 659 861 710 otdoium
874 662 926 711 cle-

121 735 198 788 riuaie.
213 735 278 786 llnde
293 731 423 797 hujusmodi
437 732 499 784 nullo
509 733 576 782 modo
586 734 742 796 possuntesse
756 731 806 782 sine
816 731 928 796 spiritua·

121 809 198 873 libos;
214 809 238 858 et
253 808 346 872 propter
362 807 405 855 boo
419 817 446 855 ea
462 804 525 854 nullo
541 803 607 854 modo
628 804 727 854 vendere
740 803 810 866 licet,
825 803 880 866 qnia
891 806 929 855 eis

61 931 63 936 .
121 879 220 931 venditis
245 876 401 942 intelliguntur
425 875 494 926 eliam
519 874 644 939 spiritualia
675 873 801 924 venditioni
828 874 925 938 subjici.

123 951 228 1014 modurn
246 951 321 1000 autem
335 949 388 1000 sunt
402 959 491 998 annexa
501 946 669 1010 spiritualibus,
681 945 705 995 in
715 947 824 1010 quanm
838 947 866 996 ad
879 948 929 1011 spi-

122 1023 213 1074 ritualia
233 1021 379 1081 ordinantur,
393 1018 453 1068 deut
468 1018 507 1082 jos
523 1017 669 1082 patronatus,
689 1015 748 1080 quod
761 1017 881 1067 ordinatur
899 1020 929 1068 ad

123 1094 305 1160 praesentandum
319 1089 413 1140 clericos
422 1089 449 1138 ad
459 1088 612 1140 ecclesiastiea
622 1087 742 1150 maudein,
754 1091 777 1137 et
787 1099 842 1138 nasa
850 1100 927 1152 seem,

123 1179 174 1232 qnae
185 1164 318 1216 ordinantur
326 1161 354 1210 ad
365 1161 556 1210 sacramentorum
567 1172 643 1209 usum.
654 1157 718 1208 Unde
730 1157 862 1222 hujusmodi
879 1173 929 1210 uon

124 1235 304 1302 praesnppununt
318 1231 455 1295 spiritualia,
472 1231 512 1281 sed
526 1229 599 1294 magis
611 1243 638 1280 ea
651 1227 728 1280 ordre
742 1229 852 1294 lamponis
867 1243 928 1296 prae·

125 1309 223 1371 aedunt3
243 1307 265 1356 et
281 1304 332 1354 ideo
348 1301 423 1366 alirpro
444 1303 511 1352 modo
527 1301 596 1352 vendi
612 1305 722 1366 possum,
740 1313 785 1351 non
803 1305 882 1351 autern
903 1303 929 1351 in

125 1383 233 1446 quantum
250 1379 303 1427 sunt
315 1373 470 1440 spiritualibus
483 1384 582 1424 annexa.

157 1450 191 1499 nd
205 1447 303 1513 primurn
317 1459 370 1510 ergo
384 1445 518 1509 dicendum,
534 1445 594 1509 qubd
608 1443 684 1495 omnia
694 1443 828 1506 temporalia
841 1457 930 1496 anneo-

124 1525 202 1574 tuntur
212 1519 373 1586 spiritualibus,
385 1518 444 1568 siout
455 1517 510 1581 tini3
521 1521 545 1568 et
559 1517 611 1568 ideo
622 1515 675 1580 ipsa
688 1515 779 1580 quidem
790 1517 930 1580 temporalia

125 1593 223 1645 uendere
243 1591 311 1654 licei,
326 1591 365 1642 sed
380 1589 434 1642 urdo
454 1603 533 1640 eorum
549 1590 577 1641 ad
593 1584 718 1654 spiritualia
734 1587 776 1638 sub
793 1589 930 1642 venditione

126 1667 207 1717 eadere
220 1676 267 1714 non
282 1663 357 1715 debet.

158 1737 191 1788 td
207 1736 331 1788 seeundum
352 1734 483 1798 dicendum,
496 1733 556 1799 qnbd
573 1732 640 1784 etiam
658 1744 714 1782 rasa
727 1744 791 1782 saera
805 1736 861 1783 snut
879 1735 932 1798 spi·

126 1807 244 1859 ritualibus
262 1817 351 1858 annexa
365 1805 425 1856 sieut
439 1805 479 1854 lini
487 1842 495 1869 ,
510 1807 534 1854 et
543 1804 594 1855 ideo
607 1816 686 1855 eornm
702 1802 842 1854 consonatio
858 1805 932 1856 vendi

127 1893 174 1930 uon
184 1881 268 1944 potest.
283 1879 368 1929 Tamen
381 1891 422 1942 pro
438 1876 573 1927 rewadiato
583 1875 691 1926 lieolesio
705 1878 728 1924 et
738 1888 866 1942 pauperum
880 1890 931 1927 ma·

126 1951 184 2003 teria
195 1963 272 2002 eornm
286 1949 355 2000 venti
370 1950 463 2014 potest,
480 1948 600 1998 mnmodo
616 1944 734 2012 premissi
747 1946 849 1998 mione
866 1947 933 2013 priris

127 2021 309 2086 confringantur,
323 2022 377 2086 qnia
386 2023 439 2086 post
452 2019 631 2070 rondaetioueur
644 2029 691 2068 non
706 2017 866 2081 intelliguntur
878 2033 931 2071 esse

127 2107 182 2146 nasa
197 2107 276 2156 saera,
288 2095 328 2145 sed
338 2107 420 2158 punire
430 2091 554 2142 metalium.
566 2090 646 2152 Unde,
661 2089 681 2139 si
696 2103 725 2140 er
736 2091 816 2140 eadem
831 2093 932 2142 materia

128 2165 210 2218 similia
220 2179 274 2218 vasa
283 2164 364 2215 iterum
375 2163 549 2227 integrarentur,
557 2161 687 2224 indigerent
697 2161 781 2212 iterum
789 2165 928 2213 consecrari.

159 2238 192 2289 dd
206 2237 296 2290 tertium
308 2237 437 2297 dicendum,
450 2232 511 2296 qdbd
521 2232 627 2298 spelunea
638 2233 720 2297 duplex
733 2243 801 2296 qnam
816 2234 931 2285 Abrabam

128 2309 185 2361 omit
198 2309 384 2376 insepultum,
397 2315 442 2356 non
451 2304 548 2355 babetur
558 2303 617 2367 qobd
627 2309 675 2354 erat
687 2307 745 2354 terra
760 2309 893 2356 consecrata
903 2308 931 2357 ad

128 2381 296 2444 sepeliendum
308 2377 397 2440 etideo
417 2376 501 2426 licebat
519 2376 613 2426 dbrabe
631 2379 713 2426 terram
730 2375 793 2426 illane
811 2389 889 2429 emere
903 2378 932 2428 ad

128 2463 195 2502 amm
207 2451 336 2513 sepulturae,
345 2451 370 2500 dt
378 2449 411 2499 lbi
420 2447 552 2498 institueret
563 2447 781 2512 sepulchrum,sieut
792 2445 932 2500 etiamnunc

127 2523 206 2573 liceret
218 2535 292 2572 emere
309 2521 409 2586 aliquem
424 2533 502 2584 agrurn
518 2531 661 2570 musmonem
675 2521 701 2570 ad
714 2516 880 2570 instituendum
899 2521 934 2571 ibi

128 2592 280 2645 eoemeterinnr
300 2593 336 2643 vel
357 2591 426 2644 etiam
451 2593 577 2643 ecelesiam.
600 2591 685 2641 lumen
704 2591 757 2654 quia
779 2591 848 2642 etlam
871 2594 932 2657 apud

130 2664 227 2728 gentiles
245 2665 296 2714 loca
319 2665 442 2728 sepulturae
464 2665 572 2728 deputata
588 2660 693 2724 religiosa
717 2664 895 2728 reputabantur,
912 2664 931 2715 si

130 2734 220 2799 Ephron
231 2747 272 2798 pro
285 2735 334 2785 loeo
349 2736 471 2800 sepeulturae
481 2732 691 2796 tuenttpretium
708 2735 818 2798 recipere,
828 2737 933 2798 peream

130 2807 243 2868 vendens,
259 2805 313 2856 liodt
323 2807 436 2857 Abraham
449 2819 495 2857 nou
509 2802 637 2868 peccaverit
650 2817 744 2868 emens,
756 2806 809 2870 quia
824 2819 870 2856 non
890 2807 933 2857 in-

116 2877 238 2927 ·tendebat
249 2889 324 2928 enrere
335 2877 382 2927 nisi
395 2876 858 2937 tonancomnuneu31iettentrnetiam
871 2891 933 2927 nuno

131 2951 213 2998 terram
231 2948 269 3000 nbi
283 2949 395 3012 quondaur
414 2947 458 2998 luit
474 2945 570 2999 eoeleda
583 2946 685 3016 uendere
698 2953 737 3013 aut
749 2959 826 3000 annue
839 2949 863 2998 iu
879 2961 934 3000 essu
