1934 3284
92 187 138 234 tlt
216 197 325 237 summ
339 198 466 247 smenon,
478 195 571 242 eruar.
587 196 645 245 cxv,
661 195 716 234 rur.
734 197 760 233 rr.

91 275 137 326 Sed
149 274 202 325 talia
219 288 286 339 poeua
301 287 348 325 uon
361 274 472 338 indigimr
486 272 529 328 ruri
545 285 586 337 pro
602 277 696 336 peceato
713 272 812 323 mutuli.
832 273 896 338 urge

90 345 191 396 adulatio
209 349 244 396 est
255 351 374 410 peceatum
388 344 491 397 mortale.

121 417 166 466 Sed
180 421 258 468 contra
271 421 322 479 est,
334 417 394 480 quod
409 416 548 480 Augustinus
563 416 586 465 in
603 415 676 466 Soror.
691 419 725 464 De
736 417 898 481 Purpatorr'o

91 487 156 552 (sive
166 489 196 538 lv
213 489 239 537 tn
253 489 297 538 die
307 487 482 550 deeimarum),
496 487 555 538 inter
567 491 662 550 peccatu
675 483 762 537 minuta
776 494 896 554 numerat,

91 561 137 610 osi
149 560 200 624 quis
215 561 320 624 cuinuarn
330 561 410 626 majori
423 573 526 623 persona
540 563 580 609 aut
590 571 619 608 ex
632 560 749 611 voluntate
762 563 802 608 aut
811 573 841 611 cx
851 575 895 613 ue-

90 628 296 684 cessitateadulail
308 633 414 683 voluerit.
427 651 439 678 o

121 705 285 769 (Cerauno.
292 733 324 743 —
333 705 437 768 cuipiam
446 703 543 765 adulari,
553 704 590 754 rel
601 704 652 768 ejus
658 704 788 756 extollendo
797 705 893 770 dedica

89 777 127 826 vel
138 776 215 827 animo
230 777 338 840 ludendi,
352 776 470 827 relrniuae
484 775 580 840 aficrrjus
593 775 736 825 occasionem
750 777 895 841 praebendo,

89 852 208 910 peccatum
220 849 314 900 mortale
325 853 361 900 est
370 865 377 912 ;
386 848 442 899 alita
450 846 505 898 uerd
514 847 600 898 adulari
607 885 616 911 ,
626 848 663 898 rel
676 848 803 899 delectandi
812 851 895 916 cauea,

90 920 127 970 vel
142 920 254 971 commodi
265 921 362 986 alicujus
373 919 540 983 consequendi,
555 919 645 970 veniale
655 919 718 984 est.)

121 993 255 1057 Respondeo
271 993 406 1054 dicendum,
424 992 484 1055 qnod
503 991 562 1042 sicut
584 991 751 1054 supradictum
770 995 818 1051 est.
837 1008 904 1058 pec..

89 1066 164 1112 catum
181 1064 276 1114 mortale
291 1066 398 1128 estquod
412 1061 516 1114 charitati
530 1063 683 1112 contrariatur.
697 1063 803 1114 Adulatio
814 1069 893 1117 autem

88 1135 223 1198 quaudoque
241 1136 333 1199 quidem
355 1134 459 1185 charitati
474 1133 641 1195 contrariatur,
662 1135 799 1198 quandoque
818 1141 898 1188 autem

87 1218 142 1255 nou.
157 1205 311 1256 contrariatur
324 1205 436 1269 siquidem
446 1207 553 1256 charitati
564 1205 691 1269 tripliciter.
707 1206 757 1256 lluo
772 1207 897 1270 modo,ra·

86 1273 150 1324 tione
163 1273 237 1338 ipsius
250 1276 366 1335 materiae,
376 1275 432 1339 put'a
445 1275 497 1325 olm
512 1274 593 1340 aliquis
607 1275 683 1326 laudat
699 1274 797 1340 alicujus
810 1289 896 1340 pecca-

87 1347 151 1405 turu;
169 1347 214 1395 lroc
232 1347 294 1396 eninr
311 1347 461 1396 contrariatur
473 1346 590 1396 dilectioni
603 1346 657 1408 llei',
670 1349 749 1396 contra
763 1347 830 1411 eujus
842 1349 897 1413 jus-

87 1417 162 1468 titiam
174 1420 243 1468 nomo
255 1418 363 1482 loquitur,
377 1422 402 1469 et
411 1423 489 1469 eontra
505 1419 650 1469 dilectionem
660 1418 771 1482 proximi,
784 1433 856 1482 quern
867 1422 895 1474 in

86 1492 181 1552 peccato
200 1490 262 1539 louet
277 1503 283 1538 :
297 1491 358 1539 unde
378 1494 415 1540 est
428 1494 547 1552 peceatum
564 1490 680 1552 mortale,
695 1490 820 1543 secuudum
840 1491 900 1545 illud

86 1560 193 1618 leoi.,ll
213 1574 219 1608 :
236 1560 299 1610 «Va
314 1560 354 1623 qui
365 1560 439 1611 dicitis
449 1561 535 1611 malum
548 1562 642 1612 bouum.
664 1577 678 1608 u
695 1561 744 1612 Alio
760 1563 843 1626 ruodo,
856 1578 903 1614 ra·-

86 1630 150 1680 tioue
163 1630 309 1693 intentionis,
323 1630 379 1693 puta
393 1629 445 1680 curn
459 1631 513 1694 quis
528 1631 595 1681 alicui
607 1633 710 1682 adulatur
724 1634 752 1682 ad
771 1636 816 1684 hoc
831 1636 895 1699 quod

86 1701 240 1750 fraudulenter
250 1701 273 1751 ei
288 1705 385 1764 noceat,
401 1703 439 1752 vel
452 1703 613 1766 corporaliter,
632 1704 668 1753 vel
683 1703 850 1766 spiritualiter:
865 1712 893 1758 et

86 1773 131 1823 hoc
145 1772 214 1822 etiarn
226 1776 261 1823 est
273 1778 390 1838 peecatum
401 1774 511 1836 mortalot
521 1778 544 1824 et
555 1775 583 1824 de
593 1776 637 1825 hoc
650 1775 747 1825 habetur
757 1777 890 1837 Prooerd„

85 1843 187 1895 llllllll:
205 1845 321 1895 «Meliora
338 1850 393 1895 suut
408 1847 502 1896 vulnera
517 1845 646 1910 diligentis,
665 1845 732 1910 quaro
745 1847 895 1902 fraudulenta

85 1915 186 1966 odientis
201 1917 287 1967 oscula.
307 1933 321 1963 n
337 1916 415 1968 Tertio
429 1918 510 1978 ormo,
525 1930 567 1980 per
587 1917 744 1980 occasionem,
765 1918 826 1968 sicut
840 1933 895 1972 cum

85 1987 272 2038 laus'adulatoris
281 1987 308 2036 lit
316 1988 383 2038 alteri
395 1987 482 2039 occaso
496 1987 893 2052 peccandi,otiau1praterrdula-

85 2059 142 2117 toris
161 2058 311 2110 intentionenr
329 2074 337 2110 ε
352 2063 377 2110 et
395 2060 420 2108 iu
436 2061 480 2109 hoc
501 2060 645 2124 considerare
662 2060 751 2121 oportet
765 2057 842 2110 utrdru
860 2063 895 2116 ait

84 2131 175 2182 masio
189 2132 241 2182 data
259 2130 296 2181 vel
312 2135 422 2195 accepta,
439 2135 463 2181 at
480 2131 555 2195 qualis
568 2131 633 2180 ruina
650 2129 812 2193 subsequatur,
831 2132 912 2186 sicut.

84 2206 159 2266 potest
173 2207 252 2267 patere
268 2217 298 2254 ex
314 2203 351 2253 his
370 2217 422 2267 qua
440 2202 510 2266 suprd
530 2203 558 2254 de
573 2201 678 2252 scandalo
699 2201 758 2250 dieta
780 2206 844 2253 sunt.
867 2206 895 2260 Si

84 2277 159 2324 autern
174 2274 256 2337 aliquis
272 2288 302 2325 er
315 2275 363 2325 sola
373 2274 483 2324 aviditate
499 2272 625 2324 delectandi
638 2271 709 2333 alios,
723 2271 762 2320 uel
775 2271 846 2323 etiuur
861 2279 892 2331 ad

84 2345 423 2410 erilandumaliquodmalum,
435 2345 471 2394 vel
482 2343 669 2408 consequendum
678 2341 763 2406 aliquid
772 2342 796 2392 in
806 2346 895 2398 neeesss,

85 2415 163 2478 ritate,
174 2416 244 2467 alicui
254 2417 358 2466 adulatus
371 2415 456 2479 luerit,
465 2429 511 2466 uou
522 2419 557 2466 est
569 2418 646 2466 eontra
657 2413 808 2464 coeuntem:
823 2419 890 2472 unde

84 2500 130 2536 uon
141 2490 176 2536 est
187 2493 304 2568 peceatum
317 2489 420 2549 mortale,
433 2489 474 2539 aed
489 2487 587 2538 veniale.

116 2559 151 2607 Ad
166 2559 264 2622 primurn
273 2573 326 2622 ergo
337 2559 458 2610 dicendum
459 2559 537 2623 ,quod
550 2557 693 2610 auctoritates
707 2555 750 2607 illre
760 2527 888 2622 loquuntur

84 2629 112 2678 de
121 2628 239 2679 adulatore
248 2645 289 2693 qur
282 2631 375 2680 'laudat
389 2635 510 2693 peecatum
523 2630 633 2694 alicujus3
647 2628 699 2678 talis
711 2628 772 2678 euiur
784 2631 889 2686 adulatio

83 2699 168 2748 dicitur
184 2701 237 2762 plus
248 2713 332 2752 nocere
344 2700 412 2764 quarn
425 2701 513 2763 gladius
526 2699 692 2764 persecutoria,
707 2699 761 2762 quia
774 2700 798 2750 in
812 2705 890 2766 potio.

83 2770 147 2820 ribus
162 2771 230 2821 bouis
242 2776 322 2835 uocet,
337 2771 425 2823 scilieet
438 2773 463 2821 iu
480 2773 649 2836 spiritualibus;
665 2783 711 2820 nou
724 2775 801 2824 autem
812 2783 885 2829 uocet

83 2841 115 2889 ita
136 2842 275 2903 efficaciter,
294 2843 347 2906 quia
369 2843 458 2904 gladius
480 2842 633 2906 persecutoris
656 2840 740 2892 occidit
759 2843 887 2912 allectiva,

84 2913 151 2976 quasi
167 2913 283 2965 sullicieus
296 2926 366 2964 ausa
379 2914 475 2979 mortia;
495 2915 572 2966 nullus
587 2917 663 2967 autern
679 2912 791 2965 adnando
805 2921 885 2979 petest
