1934 3284
365 135 551 183 mmmmm.
807 132 854 183 'm

97 217 106 279 l
115 215 256 270 mutuno.
269 243 300 257 -
309 218 436 270 soeusdm
445 223 531 270 rosam
538 219 648 272 udonem
661 220 729 274 irasui
740 221 854 276 mistae

66 292 106 339 est.
119 289 126 353 )

94 362 226 425 ltespondeo
237 362 371 429 dicendum,
383 363 441 428 publ
452 363 485 414 ira
497 363 587 429 propria
597 364 718 429 loquendo,
730 369 766 417 est
775 365 853 431 passio

64 433 162 496 quadam
171 435 283 498 appetitis
293 433 403 498 uestitu,
413 437 426 487 a
435 449 479 500 pua
489 439 528 487 oio
538 436 677 487 irascibilis
687 438 852 503 denominatur,

63 509 88 554 ut
101 509 173 569 'supra
186 505 286 556 babitum
305 511 352 570 est,
367 506 418 558 eim
438 509 466 559 de
480 508 624 573 passionibus
642 511 745 572 ageretur
758 511 801 572 (1).
813 510 855 561 llst

63 577 138 625 auom
148 577 191 626 boe
201 577 387 628 oonsideraudum
400 579 458 629 eirea
469 579 586 643 pmsiones
601 578 693 641 anime,
709 578 767 642 quod
779 580 854 645 dupli-

63 645 118 695 aiter
136 650 210 711 potest
224 647 249 698 in
269 662 294 699 se
307 650 389 699 malum
402 650 507 700 inueniri.
521 652 572 702 Uno
585 651 651 701 modo
664 664 692 702 ex
709 650 758 714 ipsa
776 651 853 716 speeie

61 717 186 781 passionis,
199 735 249 784 uua
263 721 354 786 quidem
369 722 521 773 oonsideratur
534 721 658 773 seeunddm
673 722 785 786 objectum
799 735 852 790 pas-

61 789 145 854 sionis;
153 791 212 842 sieut
219 792 305 842 invidia
314 794 436 844 seeundum
445 807 509 844 suum
518 794 616 859 speeiem
626 794 732 858 importat
740 793 852 856 quodum

60 863 152 915 malum.
167 865 208 915 list
220 864 281 915 enirn
293 865 384 916 tristitia
402 867 430 917 do
449 866 510 918 bono
524 866 635 930 aliorum3
649 865 710 930 quod
726 865 852 917 secundom

59 946 82 984 se
95 935 177 986 rationi
186 940 312 1002 repugnat:
323 939 346 987 et
356 937 406 988 ideo
417 938 515 987 inuidia
525 950 577 987 mox
587 937 714 1002 nominata,
729 940 796 987 sonat
810 937 851 988 ali·

58 1006 112 1069 quid
126 1007 195 1070 mali3
211 1011 236 1058 ut
249 1008 400 1072 Philosophus
410 1009 467 1058 dioit
477 1009 503 1059 in
514 1010 543 1058 ll.
558 1010 642 1060 llibie.
655 1010 702 1060 llos
715 1012 850 1059 autemnon

58 1080 167 1144 competit
183 1080 233 1144 irae,
249 1094 299 1144 qun
313 1084 348 1131 esi
361 1080 475 1144 appetitus
489 1080 595 1131 vindicio
615 1096 621 1129 ε
636 1082 712 1145 potest
726 1079 788 1130 enim
798 1079 849 1130 uin·

57 1149 118 1200 dista
136 1154 166 1202 et·
174 1151 232 1202 bene
245 1155 269 1202 et
281 1151 339 1203 ruald
353 1151 440 1216 appeti.
455 1151 506 1203 llio
526 1152 592 1203 modo
606 1151 720 1202 invenitur
732 1151 816 1200 malum
828 1151 853 1202 iu

57 1222 130 1286 aliqua
138 1223 243 1286 passione
254 1223 377 1274 seeundum
387 1223 536 1286 quantitatem
545 1222 631 1289 ipsius3
640 1222 717 1284 idest,
727 1221 852 1273 meandum

57 1295 286 1359 superabundantiam
303 1295 340 1346 uel
347 1295 461 1346 deleotum
472 1294 543 1360 ipsius
553 1311 559 1345 :
570 1299 593 1345 et
603 1294 635 1345 sie
646 1297 721 1359 potest
732 1295 816 1344 malum
826 1293 852 1344 in

55 1365 87 1415 ira
105 1365 220 1430 inueniri3
235 1367 324 1431 quaudo
338 1367 425 1418 soilioet
442 1366 523 1430 aliquis
543 1367 647 1418 irascitur
663 1366 715 1430 plus
727 1366 765 1416 vel
777 1364 853 1418 minus

55 1442 139 1500 proter
157 1438 267 1489 adonem
285 1443 378 1489 recum.
391 1437 417 1488 Si
427 1442 502 1489 autem
515 1437 597 1502 aliems
608 1437 711 1489 irasmbsr
724 1437 851 1489 meandum

54 1509 169 1560 rationem
185 1513 283 1574 metum,
297 1514 352 1560 tune
363 1509 432 1561 bussi
448 1514 484 1561 est
497 1509 616 1562 laudabile.

86 1581 121 1631 ud
133 1581 231 1645 primum
242 1595 295 1645 ergo
307 1582 438 1644 dicendum,
451 1583 509 1648 quod
517 1582 589 1634 Stoici
599 1582 654 1632 imm
669 1584 692 1633 et
705 1595 784 1634 omnes
795 1581 852 1634 olias

54 1653 175 1716 passiones
190 1654 336 1706 nominabant
356 1655 450 1706 alectus
469 1655 579 1720 quodam
594 1656 677 1718 prater
694 1654 797 1705 ordinem
815 1667 851 1704 ra·

53 1724 126 1775 tionis
140 1723 264 1775 existentes
280 1741 287 1775 ε
305 1729 329 1776 et
340 1725 461 1776 seeundum
474 1727 519 1777 boe
531 1725 646 1790 ponebant
662 1725 719 1776 iram
736 1729 760 1776 et
771 1738 852 1778 omues

53 1797 111 1847 alius
125 1795 242 1862 passiones
251 1809 305 1848 esse
316 1797 402 1860 malas,
412 1800 439 1846 ut
449 1809 516 1860 supra
529 1796 612 1846 domm
623 1800 659 1847 est
668 1798 705 1860 (1,
716 1801 745 1857 1,
755 1811 794 1860 qu.
809 1801 849 1861 11,

54 1872 97 1917 art.
111 1867 222 1931 sisoim
235 1868 263 1918 de
273 1867 416 1932 passionibus
424 1869 575 1931 agereturllt
584 1867 618 1918 sio
630 1867 717 1932 aeeepit
729 1868 786 1918 iram
797 1868 852 1920 ilie·

53 1951 174 2005 roupmus.
184 1939 293 2004 Loquitur
301 1939 364 1991 enim
375 1941 404 1990 do
415 1939 448 1988 ira
455 1951 500 2002 pua
512 1939 563 2002 quis
573 1939 677 1990 irascitur
687 1942 766 2007 oontru
774 1939 852 2007 proxi

52 2017 118 2060 mam
130 2011 195 2074 quasi
204 2011 287 2062 mulum
298 2011 349 2076 dus
358 2009 489 2060 mandens.
501 2010 547 2060 Sed
557 2009 680 2061 meandum
689 2009 852 2073 Panpntetioos

52 2095 152 2147 quorum
161 2082 295 2133 mutantium
305 2082 376 2146 magis
385 2082 493 2147 approbat
500 2081 639 2146 Augustinus
648 2080 673 2132 iu
679 2081 720 2131 lx.
727 2081 764 2131 De
773 2081 849 2133 (31111.

52 2155 104 2203 Dei
114 2155 124 2217 l
134 2165 183 2218 esp.
194 2153 232 2217 1),
241 2153 274 2204 ira
283 2157 306 2204 et
315 2153 364 2204 alia
375 2153 577 2218 passionesunimae
586 2153 692 2203 munstur
700 2155 775 2204 motus
784 2165 852 2218 appe-

52 2224 112 2274 titus
128 2224 243 2288 sensilia,
258 2223 306 2276 siue
321 2223 367 2274 siut
381 2224 502 2276 moderata
523 2223 647 2275 meuudirm
661 2221 785 2287 rationem,
802 2223 851 2276 siue

52 2309 102 2346 non
114 2310 120 2344 :
134 2299 158 2345 et
169 2295 292 2346 meandum
303 2297 347 2346 boo
357 2296 391 2346 ira
402 2308 449 2346 uon
461 2308 551 2360 semper
562 2298 598 2346 ast
610 2295 678 2344 mala.

84 2369 121 2419 td
132 2369 253 2418 meandum
262 2367 396 2430 dicendum,
405 2368 466 2432 quid
475 2369 509 2419 ira
519 2367 638 2432 dupliciter
650 2379 675 2417 se
683 2368 759 2432 potest
768 2365 852 2418 babere

50 2440 80 2490 ad
95 2437 216 2490 rationem.
230 2440 282 2490 lino
294 2440 386 2505 quidem
398 2440 479 2504 ruodo,
498 2440 656 2491 armenas
672 2453 679 2487 t
699 2438 727 2487 lit
739 2437 772 2488 sie
784 2437 853 2489 trahit

47 2511 165 2562 radonem
179 2509 193 2561 a
205 2523 245 2562 suu
267 2511 418 2576 reatitudine3
436 2513 498 2563 unde
508 2512 577 2562 babet
596 2512 708 2562 rationem
721 2510 784 2560 mab.
800 2509 851 2561 blm

49 2583 136 2646 modo,
154 2585 332 2648 adtendentem
347 2587 413 2648 pout
430 2583 518 2634 sallisa
530 2582 645 2648 appetitus
662 2581 784 2633 renuitas
797 2589 848 2633 mo·
931 2630 932 2661 ἶ

86 2740 125 2807 (1)
139 2745 226 2803 uempu
242 2744 270 2805 1,
293 2745 321 2805 b,
335 2757 375 2803 qu.
392 2745 435 2804 111,
448 2749 494 2792 art.
512 2744 538 2804 1,
554 2751 665 2802 mantum
683 2745 711 2791 ad
729 2745 852 2806 passiones
930 2712 931 2755 ¹

47 2808 178 2854 irascibilis
189 2809 213 2853 in
223 2810 353 2862 eommuni;
370 2814 393 2854 et
406 2821 446 2866 qu.
458 2807 500 2867 ld,
517 2814 561 2854 art.
578 2807 604 2867 1,
617 2814 729 2867 wantum
740 2810 769 2856 ad
782 2809 850 2868 irata,

48 2870 178 2931 maiouim
188 2872 250 2930 quod
258 2873 289 2919 stt
301 2873 379 2931 passio
389 2869 505 2931 appetitos
513 2871 627 2919 sensitiri.
