1934 3284
122 180 169 229 tra
245 186 352 229 sueonos
368 184 494 237 suournnr,
507 181 600 232 nomm.
617 182 689 234 rear,
701 180 756 223 aur.
768 180 797 219 ιι.

122 266 165 321 liu.
179 266 209 317 Vl
223 266 261 317 De
275 264 352 317 civit.
368 264 416 313 Dei
424 262 434 326 (
443 274 494 326 cap.
510 260 573 325 it),
588 257 712 311 introducit
722 259 837 309 oensem
852 257 948 311 diuen-

122 340 187 389 tem:
204 334 265 387 osio
279 334 288 400 (
296 332 386 399 inquit)
402 332 560 394 adorabimus,
574 334 600 381 ut
609 329 780 381 meminerimus
792 331 949 394 uniusmodi

123 410 209 461 ouitum
223 406 334 471 magistri
349 418 435 457 morem
449 404 518 469 quim
533 404 561 454 ad
574 416 623 454 rem
634 402 784 468 pertinere.»
797 402 832 452 ut
846 402 880 453 im
898 403 946 453 lib.

124 484 161 533 De
174 494 233 531 uere
253 476 377 542 reir'pr'one
391 478 460 543 (cup.
477 480 523 539 tt),
539 474 680 539 Augustinus
698 473 768 537 dieii,
785 490 800 523 u
816 488 874 525 uon
889 488 949 526 esse

124 552 256 616 religionem
269 550 283 601 i
298 548 441 615 philosophis
458 548 616 613 querendum,
635 547 675 610 qui
688 546 769 596 eudem
782 559 853 596 sacra
877 547 948 597 reei-

123 623 218 689 piubaut
235 634 287 675 eum
304 620 407 687 populis,
427 623 450 670 et
464 620 493 669 du
509 631 603 669 surorum
617 619 710 668 deorum
723 619 804 667 natura
820 630 852 667 ue
876 632 949 669 sum·

126 708 214 748 morum
233 694 334 745 diversas
347 690 659 758 eontrariusqueseuteutias
676 688 701 738 iu
716 688 800 740 sehotis
817 703 949 753 persona·

127 768 190 818 baut.
209 783 223 815 rr
238 764 266 816 iit
282 767 344 816 huno
358 763 425 815 etiam
444 775 543 814 errorem
558 760 633 812 senati
651 764 705 812 sunt
717 759 807 823 quidam
828 762 949 813 haeretiei

128 840 255 891 reserentes
263 850 308 889 uon
318 848 369 887 osse
379 834 545 899 periculosum,
554 834 576 882 si
589 833 639 896 quis
648 830 814 896 persecutionis
824 835 945 898 tempore

128 912 297 976 deprehensus,
308 906 409 960 exterius
422 906 483 956 idola
494 906 566 967 notat,
577 904 631 955 dum
644 908 720 953 tamen
732 903 800 952 iidem
811 902 841 953 iu
855 910 946 957 mente

129 983 213 1031 servet.
228 980 274 1031 Sed
287 981 331 1030 hoe
344 980 438 1042 apparet
457 974 578 1027 manifeste
593 974 684 1026 tamum.
694 975 749 1025 tiam
763 972 814 1024 eim
832 978 947 1028 exterior

128 1053 203 1103 uultus
211 1051 241 1103 sit
251 1050 340 1116 siguum
350 1048 463 1099 interioris
478 1047 560 1108 cottus,
571 1046 630 1097 siem
643 1049 679 1096 eat
692 1044 852 1110 perniciosum
875 1062 948 1101 men.

128 1122 217 1175 dacium
227 1160 234 1184 ,
245 1123 265 1174 si
274 1120 410 1186 quieveritis
419 1121 507 1170 asserat
519 1118 656 1169 eontrarium
669 1117 719 1182 ojus
729 1117 790 1179 poen
800 1129 848 1181 per
857 1132 946 1171 reram

129 1194 197 1246 uren
211 1196 273 1245 tenet
285 1194 310 1243 iu
318 1192 399 1254 eorde,
416 1192 447 1241 itu
456 1191 526 1241 etium
543 1195 579 1241 est
591 1189 720 1255 peruiciosa
730 1188 837 1253 talarus,
854 1192 948 1258 siquis

129 1266 265 1317 exteriorem
281 1264 364 1314 ruitum
381 1262 490 1313 exhibeat
505 1262 574 1313 alierri
596 1266 673 1313 contra
692 1260 792 1324 inquot
814 1264 897 1315 sentit
921 1267 948 1316 in

130 1338 215 1388 memte.
230 1336 294 1387 Unio
309 1334 450 1399 Augustinus
460 1334 516 1385 uiuit
529 1338 607 1385 eontra
619 1334 738 1396 Senem,
755 1332 818 1381 iuVl
830 1334 873 1384 De
883 1339 945 1388 cz'n.

131 1409 180 1459 Dei
193 1407 250 1473 (uhi
269 1406 370 1473 sopri),
385 1405 446 1471 quod
461 1405 513 1457 seo
529 1404 679 1457 damnabilius
691 1404 779 1455 emebat
795 1403 874 1470 idolo,
895 1411 947 1474 quir

130 1479 167 1529 illa
182 1492 232 1544 qum
245 1478 383 1531 mendaeiter
397 1478 492 1543 agebat,
506 1477 540 1529 sio
552 1480 629 1542 ageret
642 1479 669 1527 ut
687 1489 739 1526 eum
755 1475 856 1541 populus
869 1492 948 1533 veru-

131 1550 188 1603 oitea
201 1562 267 1615 ogere
281 1550 455 1601 existimaret.»

163 1621 196 1673 An
212 1620 309 1687 primum
323 1634 378 1687 ergo
397 1622 530 1687 dimensium,
546 1621 611 1686 quod
628 1633 702 1685 meque
722 1621 748 1671 in
775 1620 864 1672 ueteris
883 1624 949 1689 tegis

132 1694 276 1745 tabernaculo
294 1706 335 1745 seu
353 1695 438 1759 templo
446 1730 454 1758 ,
467 1706 541 1757 neque
556 1693 626 1744 etium
643 1705 705 1742 uuae
720 1690 744 1741 iu
758 1691 863 1742 Emissis
880 1695 948 1749 ima-

132 1765 197 1831 gines
215 1765 377 1829 instituuntur,
397 1770 423 1817 ut
440 1764 475 1817 eis
494 1766 570 1816 eutius
588 1764 660 1816 lutrio
681 1762 830 1827 exhibeatur,
846 1768 892 1817 sed
915 1772 947 1819 ad

133 1837 253 1900 quemdam
265 1837 463 1903 significationem,
471 1840 497 1886 ut
505 1850 546 1899 per
555 1834 686 1899 hujusmodi
701 1834 812 1897 imagines
820 1839 948 1891 mentions

132 1908 251 1960 homiuum
267 1909 409 1975 imprimatur
423 1912 447 1957 et
459 1907 603 1958 confirmetur
618 1906 676 1957 ouer
693 1907 721 1957 te
737 1906 875 1959 eroettentia
898 1925 945 1962 an-

133 1980 233 2046 gelorum
252 1985 275 2032 et
296 1982 434 2032 sauctorum.
460 1978 569 2037 Quamuis
586 1979 630 2029 hoe
647 1978 699 2042 ipso
720 1975 781 2043 pono
805 1983 947 2033 sanetorum

134 2053 290 2105 excellentiam
301 2050 429 2115 significant
437 2088 443 2110 ,
452 2050 556 2101 interiori
565 2048 662 2113 quadam
669 2049 802 2100 adoratione
811 2062 855 2100 seu
864 2052 945 2114 tutio,

136 2124 194 2177 siout
206 2125 298 2190 ipsimet
311 2123 382 2175 saneti
395 2136 451 2187 quos
468 2125 644 2186 repraesentant,
659 2134 705 2172 uon
721 2121 824 2171 absoluti
842 2122 946 2186 quidem

136 2210 187 2262 que
197 2196 324 2261 prototypiu
333 2194 389 2259 ipsis
401 2193 530 2257 exhibetur,
544 2194 582 2243 oet
592 2191 719 2255 respeotirt
727 2191 825 2255 tautum,
837 2203 947 2257 possunt

138 2271 163 2321 et
181 2269 265 2320 demut
276 2266 379 2329 adorari3
395 2266 435 2317 sed
453 2266 602 2317 odorariam
621 2264 728 2314 dicuutur
739 2263 831 2328 proprie
845 2276 890 2314 nee
907 2268 947 2317 sie

137 2340 183 2393 diei
202 2342 367 2391 consueverunt
390 2337 483 2401 antiquo
503 2350 561 2399 usu,
576 2336 630 2401 quia
649 2334 714 2386 latria
728 2346 778 2400 qum
799 2334 894 2400 proprie
916 2352 946 2388 ue

136 2412 270 2476 simpliciter
288 2410 388 2461 adoratio
402 2408 498 2471 dieitur,
512 2409 559 2459 iliis
580 2408 684 2459 exhiberi
703 2418 749 2457 uon
761 2411 854 2470 potest,
867 2411 898 2457 ut
918 2410 946 2461 in

136 2483 232 2549 septima
246 2482 344 2547 generali
358 2484 466 2547 synodo,
481 2485 526 2532 aet.
544 2482 601 2532 liet
611 2480 733 2545 ieiuoeps,
744 2492 771 2529 ao
789 2478 946 2543 potissimum

135 2559 179 2606 aet.
190 2555 228 2605 vlt
241 2558 311 2618 putet,
325 2554 363 2605 ubi
374 2552 516 2606 honorariam
523 2551 614 2604 tantum
627 2550 780 2603 adorationem
795 2549 946 2614 imaginihus

136 2626 238 2679 exhiberi
252 2626 332 2677 uouere
348 2625 482 2678 decernitur.
498 2628 569 2677 Seous
584 2627 621 2675 est
630 2624 658 2675 de
672 2621 770 2687 imagine
784 2620 885 2685 Christi,
902 2624 946 2674 eui

136 2700 224 2752 ratione
245 2697 371 2749 diuinitatis
395 2698 462 2749 latria
482 2697 590 2759 detetur,
605 2698 633 2745 ut
654 2694 743 2746 tieetm
761 2692 787 2743 in
807 2693 847 2745 111.
871 2693 947 2758 (sire

137 2770 474 2835 mmmmm&

170 2842 203 2891 Art
218 2842 340 2893 erorum
354 2844 378 2891 et
394 2842 486 2895 tertium
502 2842 567 2907 patet
579 2838 697 2905 responsio
709 2851 752 2906 per
765 2850 793 2890 ua
811 2848 864 2903 que
880 2836 948 2889 dieta

139 2915 193 2963 suut
204 2910 315 2978 (iuuorp.
327 2914 394 2976 art).
