1934 3284
120 182 171 235 lto
209 192 316 233 mensor
332 194 460 244 scamna,
477 192 570 240 oense
585 195 706 246 umrrrr,
719 196 776 233 mr.
793 196 829 233 rx.

120 271 411 336 menisminorum,
427 274 504 336 potest
519 271 532 321 l
546 270 678 335 parentibus
690 271 791 323 renotari
804 270 841 322 uel
855 269 869 323 t
883 275 930 321 tu-

119 348 180 406 tore,
195 348 221 395 ut
230 344 324 397 babetur
334 344 432 408 llll,r1u.
443 349 468 406 s,
481 346 575 396 &none
587 343 684 396 Puella.
694 346 752 408 ltrgo
760 344 850 395 uidetm
858 346 929 409 qubd

122 430 180 481 puer
188 416 225 467 uel
234 415 309 480 puella
318 420 373 467 ante
382 415 554 480 quatuordecim
562 428 635 467 annos
642 429 688 467 non
694 416 766 480 possit
775 415 819 467 ritb
826 430 929 469 uouere.

157 493 181 538 e.
195 490 321 548 Preorea,
336 487 468 551 religionem
480 486 618 539 intrantibus
631 501 704 541 annus
716 488 857 551 probationis
869 504 930 541 con-

125 560 227 621 ceditur,
239 558 361 611 recundirm
377 559 477 623 regulam
495 560 556 610 beati
575 558 692 614 Benedicti
704 562 730 610 et
742 559 867 621 secumibm
879 566 932 611 sta-

126 635 202 682 tutum
214 631 341 683 innocentii
349 632 388 694 lv,
398 632 425 683 ad
437 632 480 683 boc
492 634 518 681 ut
528 630 632 696 probatio
642 630 800 695 obligationem
810 630 932 697 rotiproe·

127 704 200 759 odet.
214 705 274 769 nugo
287 704 389 758 illicitum
403 704 493 755 ridetur
509 716 561 755 esse
574 702 634 768 qubd
653 702 719 767 pueri
732 706 787 753 uoto
798 703 932 768 obligentur

127 776 158 827 ad
172 775 304 840 religionem
319 781 372 829 ante
388 774 526 841 probationis
538 788 632 826 annum.
677 817 679 822 .

159 848 204 899 Sed
217 852 293 899 uonna
311 865 318 901 ι
336 850 395 913 quod
412 860 458 899 non
474 850 511 897 est
522 846 565 897 rite
583 848 681 909 laetum,
695 860 741 899 uon
759 850 795 898 est
811 846 931 907 ualidum,

129 919 218 975 etiamsi
232 920 319 973 anullo
333 923 459 973 reuocetur.
474 918 518 969 Sed
533 923 609 969 uotum
620 918 701 982 puelle
711 918 780 971 etiam
791 922 845 971 ante
854 932 934 972 annos

127 992 252 1058 pubertatis
271 993 388 1055 emissum,
402 991 502 1041 ualidum
511 994 559 1051 mt,
571 990 592 1040 si
605 990 664 1041 intra
677 1002 760 1041 annum
772 989 786 1040 l
797 993 936 1055 parentibus

127 1078 175 1117 non
189 1069 321 1125 reuocetur,
334 1068 360 1114 ut
370 1063 468 1115 babetur
480 1063 539 1123 llll,
550 1074 590 1124 qu.
602 1066 631 1123 t,
642 1062 699 1113 Can.
715 1061 812 1112 Puella.
829 1063 893 1127 Ergo
903 1065 934 1114 li-

130 1135 175 1187 eitb
188 1140 212 1187 et
227 1136 271 1188 ritt
283 1138 378 1200 possunt
391 1134 456 1199 puori
471 1137 524 1185 uoto
538 1132 634 1194 obigan
649 1133 679 1182 ad
694 1131 841 1197 religionem,
860 1135 936 1187 etiarn

130 1212 183 1261 ante
197 1221 269 1259 annos
283 1206 418 1271 pubertatis.
732 1256 735 1263 ,

165 1281 321 1344 (Coresusro.
329 1304 360 1316 -—
369 1279 439 1329 Pueri
447 1276 631 1341 antopubertatis
639 1289 720 1340 anuos,
730 1276 750 1325 si
761 1289 827 1325 usum
838 1279 937 1330 rationis

130 1366 175 1405 noo
188 1351 323 1413 habuerint,
337 1364 384 1403 uon
400 1354 498 1415 possunt
513 1363 539 1401 se
561 1349 589 1399 ad
603 1348 689 1412 aliquid
706 1350 760 1399 roto
778 1346 899 1413 obligaro3
916 1352 936 1400 si

130 1424 186 1476 norb
200 1423 292 1475 rationis
300 1436 366 1475 usum
381 1422 511 1487 attigerint,
520 1424 618 1485 possum
631 1433 656 1471 se
668 1423 724 1471 roto
732 1417 831 1482 obligare
840 1455 847 1481 ,
857 1434 937 1483 quan·

132 1508 199 1559 quam
213 1508 290 1547 eorum
302 1498 355 1546 uota
369 1508 409 1559 per
420 1493 472 1545 illos
486 1493 527 1558 qni
538 1506 609 1557 supra
625 1491 688 1557 ipsos
698 1494 832 1555 potestatem
845 1492 938 1545 babent

132 1566 218 1620 brieri
233 1566 336 1632 possint;
352 1566 414 1617 nullo
430 1570 506 1617 autem
524 1565 592 1615 modo
610 1564 706 1615 solemni
723 1566 777 1613 roto
794 1570 896 1626 possum
912 1578 938 1615 so

132 1637 248 1701 obligare,
263 1639 306 1689 etsi
319 1637 413 1689 rationis
425 1651 492 1688 usum
503 1635 633 1694 habuerint.
650 1638 705 1687 Post
715 1646 788 1685 anuos
797 1638 877 1687 autem
893 1652 936 1701 pu·

132 1709 237 1771 bertntis,
252 1714 347 1775 possunt
362 1722 386 1759 se
404 1713 450 1759 mm
469 1707 568 1772 simplici
583 1707 652 1773 quium
670 1705 766 1758 solemni
785 1709 840 1756 uoto
851 1709 939 1759 astrin-

134 1780 211 1847 gere.)

164 1854 300 1919 liespondeo
307 1854 439 1915 dicendum,
446 1850 507 1915 uubd
514 1851 574 1901 siout
580 1864 609 1903 en
617 1850 685 1916 suprl
694 1849 831 1914 dietispatet
839 1849 938 1914 (arel),

133 1926 216 1991 duplex
230 1929 264 1976 est
275 1928 362 1985 uotum,
373 1923 461 1975 seilicet
472 1922 570 1987 simplex
583 1927 607 1973 et
620 1924 731 1975 solemne.
741 1922 773 1973 Et
783 1920 838 1985 quia
851 1923 940 1974 solem-

133 1998 192 2049 nitas
209 1997 257 2049 uoti
269 1996 294 2049 in
308 1994 403 2059 quadam
418 1994 533 2058 spirituali
549 1995 709 2045 benedictione
722 1997 746 2045 et
764 1995 939 2046 consecratione

133 2068 244 2131 consistit,
258 2071 284 2119 nt
296 2067 427 2119 dictumest
441 2066 495 2131 (art.
507 2066 542 2131 l),
551 2080 603 2131 qua
611 2066 687 2130 titper
699 2064 939 2117 ministerinrnltocle-

134 2142 174 2194 sic
181 2141 250 2206 ‚ideo
261 2136 417 2193 solemnizatio
432 2138 480 2189 coti
494 2139 537 2189 sub
552 2135 723 2203 dispensatione
737 2136 846 2190 Ecclesim
860 2139 937 2199 eadit,

133 2218 212 2267 uotum
228 2218 305 2265 autem
319 2211 416 2276 simplex
425 2212 551 2263 efficaciam
561 2213 630 2263 babet
638 2225 667 2263 en
679 2209 846 2263 deliberatione
854 2210 937 2269 animai,

135 2298 178 2351 qua
191 2285 243 2349 ouis
256 2298 281 2337 so
296 2284 396 2347 obligare
411 2282 517 2335 intendit.
528 2282 592 2341 dubo
606 2286 682 2335 autem
696 2282 749 2335 telis
761 2280 856 2345 oligetio
869 2282 939 2331 robur

134 2370 180 2411 non
194 2358 288 2420 babeat,
304 2355 424 2420 dupliciter
435 2357 512 2418 potest
522 2353 655 2418 contingere
670 2370 677 2403 ι
690 2367 736 2404 nno
746 2352 839 2416 quidem
854 2354 935 2411 modo,

134 2432 227 2493 propter
240 2428 355 2479 delectum
369 2424 475 2485 rationis,
491 2423 552 2475 siout
564 2425 662 2490 patetis
675 2423 766 2476 furiosis
782 2427 806 2473 et
821 2424 847 2473 in
860 2435 939 2475 amen·

134 2498 211 2561 tibus,
226 2498 265 2562 qui
275 2511 299 2549 se
311 2502 364 2549 uoto
376 2510 421 2547 non
435 2499 532 2561 possunt
546 2496 646 2559 obligare
656 2496 684 2547 ad
697 2494 799 2559 aliquid,
817 2494 872 2545 dnm
886 2496 939 2545 sunt

134 2572 160 2621 in
179 2570 237 2621 turia
252 2570 288 2622 uel
301 2569 416 2633 amentia,
434 2568 479 2619 alio
494 2569 573 2631 modo,
584 2567 638 2631 quia
650 2566 688 2617 ille
701 2566 742 2630 qui
752 2569 822 2616 roret
836 2570 873 2617 est
882 2566 936 2615 alte·

135 2641 184 2693 rius
197 2640 304 2705 potestati
320 2641 449 2705 subjectus,
465 2642 490 2690 ut
506 2638 670 2703 snprddicturn
688 2641 723 2689 est
735 2636 790 2701 (art.
800 2636 838 2701 8).
853 2639 882 2692 Et
896 2638 938 2687 ista

137 2710 181 2762 duo
191 2715 328 2762 concurrunt
335 2710 360 2761 in
369 2710 446 2774 pueris
454 2714 508 2761 aute
517 2723 590 2761 annos
600 2708 735 2773 pubertatis,
746 2707 798 2770 quia
809 2712 834 2758 et
847 2707 938 2772 patiun

137 2787 176 2832 tur
187 2781 281 2833 rationis
295 2780 421 2845 delectum,
436 2781 495 2831 utin
505 2780 620 2845 pluribus,
635 2784 658 2831 et
677 2783 730 2831 suut
744 2778 878 2830 naturaliter
897 2778 937 2829 sub

79 2888 81 2893 ι
137 2867 191 2905 cura
208 2858 328 2919 parentum
343 2852 380 2903 uel
392 2854 507 2917 tutorum,
522 2853 561 2917 qui
580 2856 633 2916 sunt
648 2852 683 2903 eis
701 2853 753 2902 loeo
765 2855 894 2916 parentum.
911 2850 937 2899 Et

111 2974 115 2985 ,
138 2924 190 2977 ideo
204 2938 281 2978 eorum
295 2928 347 2977 uota
363 2936 392 2979 ex
410 2924 494 2993 duplici
508 2937 576 2999 causa
587 2925 656 2980 robur
670 2937 718 2980 non
731 2924 809 2981 babet.
823 2922 939 2997 Gondngit
