1934 3284
104 137 161 189 -sns
224 141 333 188 ennom
347 143 477 198 munos,
494 144 589 192 onas.
605 145 689 197 cunr,
702 145 759 189 sur.
775 147 804 187 rr.
952 192 953 201 χ

42 272 45 283 ,
113 225 196 276 vit'mss
209 235 276 286 spere
291 225 383 288 propter
392 221 497 274 timeum
512 221 637 287 vituperii3
651 223 696 274 ulio
710 226 794 289 modo,
808 230 836 276 nt
845 227 909 278 tnnc

112 293 138 346 iu
156 293 260 357 turpibus
278 305 328 356 qun
347 292 408 356 agit,
425 292 482 361 uitet
498 297 635 357 conspectus
648 292 750 358 publicos
769 299 862 360 propmr
878 297 910 346 ti-

114 377 200 416 morem
212 364 336 427 vituperii:
349 375 443 428 quorum
454 363 563 427 primum,
573 364 698 416 secundini
707 366 843 429 &eposium
852 369 908 433 llys·

113 451 212 500 imnum,
223 437 319 503 pertinet
328 437 356 488 ad
363 436 542 488 erubescentiam
550 475 557 498 ,
565 438 690 490 secundnm
701 439 731 489 ad
738 440 909 492 verecundiam.

114 510 179 560 Unde
192 509 241 574 ipss
249 508 303 560 dicit
311 508 373 573 qudd
387 507 447 572 oqui
456 509 736 570 verecundetur,oceultat
748 523 774 560 se
783 510 911 575 inbisuuo

114 581 177 644 agen
192 580 232 646 qui
247 579 302 632 verb
318 581 446 641 erubescit,
463 579 529 631 limat
541 579 643 632 incidme
656 581 681 630 in
694 580 910 644 ingloriationemm

145 654 178 706 dd
190 654 289 718 primum
297 665 351 716 argo
362 653 494 715 beandum,
502 651 565 716 quid
573 653 710 704 verecundia
721 653 815 718 respicit
823 654 913 720 proprii

113 724 308 788 ingloriationem,
326 723 449 776 mumdum
467 723 529 787 qubd
546 724 641 774 debetur
653 725 741 788 curlps,
757 739 810 789 qun
825 729 863 776 est
876 728 913 778 de·

115 798 186 850 tectus
201 798 340 850 voluntarius
357 813 363 847 z
383 797 444 848 unde
469 796 623 862 Philosophus
641 796 696 848 dicit
713 796 739 847 in
756 798 787 847 ll.
812 797 911 849 libetur.

116 871 176 935 (cap.
187 871 223 935 6),
237 870 297 934 qudd
312 869 461 920 comninilln
474 871 543 920 homo
556 868 630 932 magis
639 870 805 921 verecundatur
817 883 914 934 quorum

114 941 164 1006 ipsc
176 948 211 994 est
221 955 298 994 censa.
307 957 322 990 n
331 941 456 1006 opprobrii
465 944 541 992 annm
549 954 601 1003 qua
610 940 814 991 inserunturnlicui
821 948 914 1008 propter

115 1013 220 1070 udubm
226 1050 236 1078 ‚
247 1013 362 1066 virtuosus
373 1012 465 1077 quidem
475 1012 616 1076 contemnit,
625 1012 679 1076 quis
692 1011 787 1076 indigni
798 1013 844 1064 sibi
856 1013 914 1066 irro-

114 1089 204 1151 gnntur,
219 1086 278 1138 sieut
290 1087 318 1138 de
335 1085 489 1149 magnanimis
503 1085 655 1148 Philosophus
669 1083 726 1137 dicit
736 1083 763 1134 in
774 1085 814 1136 lv.
827 1087 912 1138 Etlsic.

118 1157 247 1223 (utsuprb,
262 1172 301 1221 qu.
312 1161 372 1220 tte,
387 1159 430 1206 nrt.
441 1155 481 1220 t),
496 1157 558 1206 etde
571 1156 792 1221 spostolisdrcitur,
805 1157 874 1222 Ast„
887 1159 913 1222 ll,

114 1230 174 1295 qubd
189 1229 274 1282 cibant
284 1229 388 1294 Apostoli
400 1227 676 1293 gaudentesicouspaotu
686 1228 795 1290 concidi,
805 1232 914 1294 quoniam

114 1302 177 1366 digni
187 1302 258 1354 babiti
268 1305 322 1352 sunt
331 1315 372 1366 pro
386 1301 477 1354 numine
491 1301 544 1355 lesu
557 1299 717 1352 contumeliam
730 1300 811 1364 pati.»
826 1303 913 1353 Exim·

113 1373 250 1438 perfectione
262 1377 337 1424 nutem
349 1372 440 1423 virtutis
451 1371 563 1435 contingit
578 1372 640 1436 qubd
657 1371 739 1435 aliquis
749 1375 915 1430 verecundetur

113 1445 141 1496 de
165 1445 289 1508 opprobriis
309 1457 359 1508 quae
384 1443 427 1496 sibi
449 1444 577 1496 inseruntur
604 1448 696 1508 proptor
719 1442 843 1507 mrtntem,
860 1447 915 1509 quin

113 1515 198 1580 quanti
219 1522 255 1568 est
273 1515 354 1581 aliquis
373 1515 445 1580 mugis
461 1515 590 1577 virtuosus,
609 1513 676 1566 muti
696 1514 769 1577 mnpis
786 1517 915 1567 contemnit

113 1587 224 1640 exteriora
240 1589 298 1640 bona
313 1589 351 1639 vel
363 1589 436 1638 mna:
450 1589 510 1639 unde
521 1587 606 1639 dicitur
618 1587 690 1644 leui„
700 1587 739 1637 ll:
753 1587 825 1638 «Noli
831 1587 913 1641 timere

113 1661 258 1726 opprobrium
272 1661 399 1713 bominum.
413 1675 427 1708 u

145 1731 179 1784 dd
193 1733 317 1785 secuudum
332 1732 467 1793 dicendum,
481 1731 541 1796 qubd
555 1731 614 1782 dcun
630 1733 715 1793 bonor,
729 1730 838 1796 utsupri
849 1731 914 1782 babi-

115 1807 206 1855 tumeat
220 1805 268 1869 (qu.
280 1809 319 1865 63,
334 1809 377 1854 art.
394 1803 429 1868 3),
444 1803 547 1866 quamvis
560 1815 607 1854 non
619 1802 727 1854 debeatur
736 1800 792 1852 vere
807 1803 856 1854 uisi
872 1803 915 1854 soli

114 1875 206 1941 virtuti,
223 1876 315 1940 respicit
329 1879 406 1928 nmen
419 1876 539 1938 quamdam
552 1873 725 1937 excedentinm3
740 1873 774 1924 ita
790 1875 865 1925 edam
881 1875 914 1925 vi·

25 1941 29 1952 '
114 1948 228 2012 inperium
242 1946 347 2013 quamvis
361 1947 469 2002 debentur
481 1945 572 2010 proprie
581 1945 628 1996 soli·
639 1944 827 2010 culpc,respicit
838 1949 914 1998 tamen

115 2020 153 2082 (ad
168 2020 244 2070 minus
260 2018 384 2072 secundnm
397 2018 529 2082 opinionem
540 2017 673 2078 bominum)
688 2028 858 2080 quemcumque
876 2020 915 2069 de·

114 2090 207 2142 lacrum.
222 2092 251 2142 bt
261 2091 312 2142 idco
326 2091 354 2142 de
365 2092 511 2154 paupertate,
526 2093 550 2140 et
560 2088 710 2152 ignobilitate,
722 2093 748 2138 et
757 2088 880 2152 mnium,
894 2093 917 2138 ct

113 2161 165 2214 aliis
176 2163 317 2228 hujusmodi,
330 2161 411 2226 aliquis
420 2162 593 2213 verecundatur.

145 2235 179 2285 dd
191 2235 283 2286 tertium
293 2234 427 2295 dicendum,
436 2233 500 2297 dudd
511 2233 540 2284 de
550 2232 659 2297 operibus
667 2230 777 2285 virtuosis
785 2229 811 2280 in
821 2243 848 2282 sc
859 2245 914 2283 con·

73 2355 76 2359 .
114 2306 220 2360 sideratis
238 2319 285 2358 non
299 2309 335 2358 est
353 2305 500 2356 verecundia.
517 2303 636 2367 Contingit
651 2306 731 2356 tamen
748 2313 791 2367 per
812 2302 915 2355 neoidsns

114 2377 175 2444 qubd
191 2378 272 2444 aliquis
293 2379 321 2430 de
333 2377 370 2428 bis
385 2379 567 2440 verecundetur,
581 2375 619 2428 vel
630 2374 656 2426 iu
674 2378 784 2440 quantum
797 2375 914 2426 habentur

113 2452 140 2499 ut
156 2449 238 2502 vitioso
261 2448 383 2502 mcundnm
395 2449 523 2500 ‚hominnm
540 2447 685 2512 opinionem,
700 2447 738 2498 vel
759 2446 785 2497 in
806 2450 915 2510 qusnbrm

114 2521 183 2571 homo
193 2521 277 2586 refugit
292 2521 316 2571 in
329 2519 435 2586 operibus
449 2519 541 2570 virtutis
552 2523 630 2575 notam
640 2519 669 2570 de
679 2516 866 2582 presumptione,
879 2519 915 2569 nut

114 2590 182 2640 etiam
199 2591 226 2662 dp
249 2592 402 2642 simulatione.

147 2663 180 2710 ld
191 2667 294 2724 quartum
303 2662 431 2723 dicendum,
442 2662 501 2726 pudd
509 2664 643 2726 quandoque
653 2660 764 2722 mutiunt
774 2659 853 2724 aliqua
866 2673 914 2724 gra·

116 2730 180 2780 viora
193 2737 285 2794 pecnnia
298 2733 372 2782 minbs
387 2747 438 2784 esse
457 2733 653 2794 verecundabilia,
667 2732 702 2782 vel
718 2732 770 2793 qrria
785 2731 863 2782 minus
877 2733 915 2779 lra-

117 2801 173 2850 bent
187 2802 215 2850 de
230 2803 317 2852 ratione
332 2805 493 2866 turpitudinis,
508 2805 568 2854 sicut
582 2808 674 2867 paccata
691 2803 832 2867 spiritualia,
848 2801 914 2865 quim

119 2871 232 2934 omnibu
246 2873 281 2922 vol
291 2873 344 2934 quia
355 2874 379 2925 in
397 2876 494 2937 quodam
511 2877 607 2928 excessu
617 2875 751 2939 temporalis
762 2873 816 2926 boni
833 2887 859 2924 sc
875 2875 915 2922 ba·
