<?xml version="1.0" encoding="UTF-8"?>
<!DOCTYPE html PUBLIC "-//W3C//DTD XHTML 1.0 Transitional//EN"
    "http://www.w3.org/TR/xhtml1/DTD/xhtml1-transitional.dtd">
<html xmlns="http://www.w3.org/1999/xhtml" xml:lang="en" lang="en">
 <head>
  <title>
</title>
<meta http-equiv="Content-Type" content="text/html;charset=utf-8" />
  <meta name='ocr-system' content='tesseract 3.04.00' />
  <meta name='ocr-capabilities' content='ocr_page ocr_carea ocr_par ocr_line ocrx_word'/>
</head>
<body>
  <div class='ocr_page' id='page_1' title='image "./summatheologica05nicogoog_0538.png"; bbox 0 0 1934 3284; ppageno 0'>
   <div class='ocr_carea' id='block_1_1' title="bbox 339 150 861 197">
    <p class='ocr_par' dir='ltr' id='par_1_1' title="bbox 339 150 861 197">
     <span class='ocr_line' id='line_1_1' title="bbox 339 150 861 197; baseline -0.025 -4"><span class='ocrx_word' id='word_1_1' title='bbox 339 156 371 193; x_wconf 83' lang='lat' dir='ltr'><strong>ltlt</strong></span> <span class='ocrx_word' id='word_1_2' title='bbox 386 153 583 193; x_wconf 71' lang='lat' dir='ltr'><strong>mmmm.</strong></span> <span class='ocrx_word' id='word_1_3' title='bbox 814 150 861 197; x_wconf 71' lang='lat'><strong>535</strong></span> 
     </span>
    </p>
   </div>
   <div class='ocr_carea' id='block_1_2' title="bbox 52 224 933 2725">
    <p class='ocr_par' dir='ltr' id='par_1_2' title="bbox 53 224 861 513">
     <span class='ocr_line' id='line_1_2' title="bbox 88 224 861 298; baseline 0.005 -15"><span class='ocrx_word' id='word_1_4' title='bbox 88 238 115 283; x_wconf 72' lang='grc' dir='ltr'><strong>Ξ.</strong></span> <span class='ocrx_word' id='word_1_5' title='bbox 139 224 257 284; x_wconf 68' lang='lat' dir='ltr'><strong>Pistum</strong></span> <span class='ocrx_word' id='word_1_6' title='bbox 263 266 272 293; x_wconf 91' lang='lat'><em>,</em></span> <span class='ocrx_word' id='word_1_7' title='bbox 285 246 301 279; x_wconf 82' lang='lat' dir='ltr'><strong>u</strong></span> <span class='ocrx_word' id='word_1_8' title='bbox 312 231 387 283; x_wconf 89' lang='lat' dir='ltr'><strong>oruuis</strong></span> <span class='ocrx_word' id='word_1_9' title='bbox 401 232 532 295; x_wconf 73' lang='lat' dir='ltr'><strong>magnificus</strong></span> <span class='ocrx_word' id='word_1_10' title='bbox 550 236 585 284; x_wconf 87' lang='lat' dir='ltr'><strong>est</strong></span> <span class='ocrx_word' id='word_1_11' title='bbox 596 232 703 298; x_wconf 86' lang='lat' dir='ltr'><strong>liberalis,</strong></span> <span class='ocrx_word' id='word_1_12' title='bbox 712 249 727 283; x_wconf 84' lang='lat' dir='ltr'><strong>o</strong></span> <span class='ocrx_word' id='word_1_13' title='bbox 737 238 764 285; x_wconf 93' lang='lat' dir='ltr'><strong>ut</strong></span> <span class='ocrx_word' id='word_1_14' title='bbox 776 234 861 288; x_wconf 86' lang='lat' dir='ltr'><strong>dieitur</strong></span> 
     </span>
     <span class='ocr_line' id='line_1_3' title="bbox 54 303 861 373; baseline 0.005 -19"><span class='ocrx_word' id='word_1_15' title='bbox 54 305 78 355; x_wconf 91' lang='lat' dir='ltr'><strong>in</strong></span> <span class='ocrx_word' id='word_1_16' title='bbox 93 306 134 357; x_wconf 86' lang='lat' dir='ltr'><strong>lll.</strong></span> <span class='ocrx_word' id='word_1_17' title='bbox 157 303 273 355; x_wconf 79' lang='lat' dir='ltr'><strong>Ethieor.</strong></span> <span class='ocrx_word' id='word_1_18' title='bbox 287 305 351 367; x_wconf 83' lang='lat' dir='ltr'><strong>(eap.</strong></span> <span class='ocrx_word' id='word_1_19' title='bbox 363 308 395 365; x_wconf 81' lang='lat'><strong>8,</strong></span> <span class='ocrx_word' id='word_1_20' title='bbox 409 304 447 354; x_wconf 80' lang='lat' dir='ltr'><strong>uel</strong></span> <span class='ocrx_word' id='word_1_21' title='bbox 461 304 515 366; x_wconf 87' lang='lat' dir='ltr'><strong>tt).</strong></span> <span class='ocrx_word' id='word_1_22' title='bbox 531 304 576 355; x_wconf 86' lang='lat' dir='ltr'><strong>Sed</strong></span> <span class='ocrx_word' id='word_1_23' title='bbox 593 305 715 357; x_wconf 82' lang='lat' dir='ltr'><strong>liberalitas</strong></span> <span class='ocrx_word' id='word_1_24' title='bbox 733 311 769 357; x_wconf 88' lang='lat' dir='ltr'><strong>est</strong></span> <span class='ocrx_word' id='word_1_25' title='bbox 786 308 861 373; x_wconf 85' lang='lat' dir='ltr'><strong>magis</strong></span> 
     </span>
     <span class='ocr_line' id='line_1_4' title="bbox 53 374 860 440; baseline 0.004 -13"><span class='ocrx_word' id='word_1_26' title='bbox 53 377 115 428; x_wconf 84' lang='lat' dir='ltr'><strong>eirea</strong></span> <span class='ocrx_word' id='word_1_27' title='bbox 125 378 188 429; x_wconf 88' lang='lat' dir='ltr'><strong>dona</strong></span> <span class='ocrx_word' id='word_1_28' title='bbox 199 374 267 439; x_wconf 82' lang='lat' dir='ltr'><strong>quam</strong></span> <span class='ocrx_word' id='word_1_29' title='bbox 280 375 338 425; x_wconf 85' lang='lat' dir='ltr'><strong>eirca</strong></span> <span class='ocrx_word' id='word_1_30' title='bbox 353 378 467 439; x_wconf 87' lang='lat' dir='ltr'><strong>sumptus.</strong></span> <span class='ocrx_word' id='word_1_31' title='bbox 480 374 540 439; x_wconf 79' lang='lat' dir='ltr'><strong>Ergo</strong></span> <span class='ocrx_word' id='word_1_32' title='bbox 553 374 622 426; x_wconf 86' lang='lat' dir='ltr'><strong>etiarn</strong></span> <span class='ocrx_word' id='word_1_33' title='bbox 630 377 798 440; x_wconf 79' lang='lat' dir='ltr'><strong>magnificentia</strong></span> <span class='ocrx_word' id='word_1_34' title='bbox 812 392 860 430; x_wconf 90' lang='lat' dir='ltr'><strong>nou</strong></span> 
     </span>
     <span class='ocr_line' id='line_1_5' title="bbox 53 445 738 513; baseline 0.001 -14"><span class='ocrx_word' id='word_1_35' title='bbox 53 446 174 513; x_wconf 78' lang='lat' dir='ltr'><strong>praecipue</strong></span> <span class='ocrx_word' id='word_1_36' title='bbox 193 448 229 496; x_wconf 91' lang='lat' dir='ltr'><strong>est</strong></span> <span class='ocrx_word' id='word_1_37' title='bbox 246 445 306 497; x_wconf 82' lang='lat' dir='ltr'><strong>eirea</strong></span> <span class='ocrx_word' id='word_1_38' title='bbox 324 450 440 510; x_wconf 87' lang='lat' dir='ltr'><strong>sumptus,</strong></span> <span class='ocrx_word' id='word_1_39' title='bbox 457 446 497 497; x_wconf 87' lang='lat' dir='ltr'><strong>sed</strong></span> <span class='ocrx_word' id='word_1_40' title='bbox 514 446 587 509; x_wconf 75' lang='lat' dir='ltr'><strong>magis</strong></span> <span class='ocrx_word' id='word_1_41' title='bbox 599 446 657 497; x_wconf 85' lang='lat' dir='ltr'><strong>eirea</strong></span> <span class='ocrx_word' id='word_1_42' title='bbox 671 449 738 501; x_wconf 85' lang='lat' dir='ltr'><strong>dona.</strong></span> 
     </span>
    </p>

    <p class='ocr_par' dir='ltr' id='par_1_3' title="bbox 52 517 863 870">
     <span class='ocr_line' id='line_1_6' title="bbox 86 517 863 587; baseline 0.005 -17"><span class='ocrx_word' id='word_1_43' title='bbox 86 524 112 570; x_wconf 78' lang='lat'><strong>3.</strong></span> <span class='ocrx_word' id='word_1_44' title='bbox 128 520 262 578; x_wconf 72' lang='lat' dir='ltr'><strong>Praeterea,</strong></span> <span class='ocrx_word' id='word_1_45' title='bbox 275 518 304 567; x_wconf 90' lang='lat' dir='ltr'><strong>ad</strong></span> <span class='ocrx_word' id='word_1_46' title='bbox 312 517 504 581; x_wconf 79' lang='lat' dir='ltr'><strong>magnificentiam</strong></span> <span class='ocrx_word' id='word_1_47' title='bbox 516 517 616 582; x_wconf 77' lang='lat' dir='ltr'>pertinet</span> <span class='ocrx_word' id='word_1_48' title='bbox 625 518 715 581; x_wconf 80' lang='lat' dir='ltr'><strong>aliquod</strong></span> <span class='ocrx_word' id='word_1_49' title='bbox 728 534 785 587; x_wconf 90' lang='lat' dir='ltr'><strong>opus</strong></span> <span class='ocrx_word' id='word_1_50' title='bbox 799 524 863 574; x_wconf 85' lang='lat' dir='ltr'><strong>exte·</strong></span> 
     </span>
     <span class='ocr_line' id='line_1_7' title="bbox 53 588 861 655; baseline 0.006 -15"><span class='ocrx_word' id='word_1_51' title='bbox 53 591 104 641; x_wconf 89' lang='lat' dir='ltr'><strong>rius</strong></span> <span class='ocrx_word' id='word_1_52' title='bbox 117 590 207 639; x_wconf 82' lang='lat' dir='ltr'><strong>fauere.</strong></span> <span class='ocrx_word' id='word_1_53' title='bbox 216 589 269 638; x_wconf 86' lang='lat' dir='ltr'><strong>Non</strong></span> <span class='ocrx_word' id='word_1_54' title='bbox 278 592 354 638; x_wconf 68' lang='lat' dir='ltr'><strong>auum</strong></span> <span class='ocrx_word' id='word_1_55' title='bbox 366 588 508 653; x_wconf 82' lang='lat' dir='ltr'><strong>quibuslibet</strong></span> <span class='ocrx_word' id='word_1_56' title='bbox 517 588 645 653; x_wconf 87' lang='lat' dir='ltr'><strong>sumptibus</strong></span> <span class='ocrx_word' id='word_1_57' title='bbox 658 591 684 639; x_wconf 90' lang='lat' dir='ltr'><strong>dt</strong></span> <span class='ocrx_word' id='word_1_58' title='bbox 696 591 787 655; x_wconf 90' lang='lat' dir='ltr'><strong>aliquod</strong></span> <span class='ocrx_word' id='word_1_59' title='bbox 797 596 861 645; x_wconf 84' lang='lat' dir='ltr'><strong>exte·</strong></span> 
     </span>
     <span class='ocr_line' id='line_1_8' title="bbox 52 660 863 729; baseline 0.007 -18"><span class='ocrx_word' id='word_1_60' title='bbox 52 663 102 711; x_wconf 84' lang='lat' dir='ltr'><strong>rius</strong></span> <span class='ocrx_word' id='word_1_61' title='bbox 117 674 199 725; x_wconf 85' lang='lat' dir='ltr'><strong>opus,</strong></span> <span class='ocrx_word' id='word_1_62' title='bbox 213 660 303 711; x_wconf 87' lang='lat' dir='ltr'><strong>etiamsi</strong></span> <span class='ocrx_word' id='word_1_63' title='bbox 320 660 367 710; x_wconf 91' lang='lat' dir='ltr'><strong>siut</strong></span> <span class='ocrx_word' id='word_1_64' title='bbox 384 665 489 725; x_wconf 87' lang='lat' dir='ltr'><strong>sumptus</strong></span> <span class='ocrx_word' id='word_1_65' title='bbox 510 661 604 725; x_wconf 79' lang='lat' dir='ltr'><strong>magni3</strong></span> <span class='ocrx_word' id='word_1_66' title='bbox 619 660 690 725; x_wconf 80' lang='lat' dir='ltr'><strong>pou,</strong></span> <span class='ocrx_word' id='word_1_67' title='bbox 709 662 761 713; x_wconf 85' lang='lat' dir='ltr'><strong>olum</strong></span> <span class='ocrx_word' id='word_1_68' title='bbox 781 664 863 729; x_wconf 91' lang='lat' dir='ltr'><strong>aliquis</strong></span> 
     </span>
     <span class='ocr_line' id='line_1_9' title="bbox 53 730 861 800; baseline 0.005 -17"><span class='ocrx_word' id='word_1_69' title='bbox 53 735 128 784; x_wconf 86' lang='lat' dir='ltr'><strong>multa</strong></span> <span class='ocrx_word' id='word_1_70' title='bbox 147 730 260 797; x_wconf 79' lang='lat' dir='ltr'><strong>expendit</strong></span> <span class='ocrx_word' id='word_1_71' title='bbox 275 732 300 781; x_wconf 90' lang='lat' dir='ltr'><strong>in</strong></span> <span class='ocrx_word' id='word_1_72' title='bbox 315 731 392 782; x_wconf 80' lang='lat' dir='ltr'><strong>xeniis</strong></span> <span class='ocrx_word' id='word_1_73' title='bbox 404 732 439 797; x_wconf 85' lang='lat' dir='ltr'><strong>(l)</strong></span> <span class='ocrx_word' id='word_1_74' title='bbox 458 732 585 784; x_wconf 82' lang='lat' dir='ltr'><strong>mittendis.</strong></span> <span class='ocrx_word' id='word_1_75' title='bbox 599 732 658 796; x_wconf 75' lang='lat' dir='ltr'><strong>llrgo</strong></span> <span class='ocrx_word' id='word_1_76' title='bbox 679 746 726 784; x_wconf 91' lang='lat' dir='ltr'><strong>nou</strong></span> <span class='ocrx_word' id='word_1_77' title='bbox 739 739 793 785; x_wconf 88' lang='lat' dir='ltr'><strong>sunt</strong></span> <span class='ocrx_word' id='word_1_78' title='bbox 807 750 861 800; x_wconf 90' lang='lat' dir='ltr'><strong>pro·</strong></span> 
     </span>
     <span class='ocr_line' id='line_1_10' title="bbox 52 803 419 870; baseline -0.011 -14"><span class='ocrx_word' id='word_1_79' title='bbox 52 805 106 870; x_wconf 87' lang='lat' dir='ltr'><strong>pria</strong></span> <span class='ocrx_word' id='word_1_80' title='bbox 118 804 219 855; x_wconf 67' lang='lat' dir='ltr'><strong>maudo</strong></span> <span class='ocrx_word' id='word_1_81' title='bbox 236 803 419 868; x_wconf 74' lang='lat' dir='ltr'><strong>magnificentias.</strong></span> 
     </span>
    </p>

    <p class='ocr_par' dir='ltr' id='par_1_4' title="bbox 52 876 862 1226">
     <span class='ocr_line' id='line_1_11' title="bbox 86 876 862 941; baseline 0.003 -15"><span class='ocrx_word' id='word_1_82' title='bbox 86 880 111 926; x_wconf 81' lang='lat' dir='ltr'><strong>t.</strong></span> <span class='ocrx_word' id='word_1_83' title='bbox 127 878 260 937; x_wconf 86' lang='lat' dir='ltr'><strong>Praeterea,</strong></span> <span class='ocrx_word' id='word_1_84' title='bbox 279 888 373 938; x_wconf 73' lang='lat' dir='ltr'><strong>magnos</strong></span> <span class='ocrx_word' id='word_1_85' title='bbox 386 877 490 940; x_wconf 87' lang='lat' dir='ltr'><strong>sumptus</strong></span> <span class='ocrx_word' id='word_1_86' title='bbox 504 889 551 926; x_wconf 92' lang='lat' dir='ltr'><strong>nou</strong></span> <span class='ocrx_word' id='word_1_87' title='bbox 563 878 660 941; x_wconf 78' lang='lat' dir='ltr'><strong>possunt</strong></span> <span class='ocrx_word' id='word_1_88' title='bbox 673 876 748 927; x_wconf 86' lang='lat' dir='ltr'><strong>faeere</strong></span> <span class='ocrx_word' id='word_1_89' title='bbox 762 877 809 927; x_wconf 89' lang='lat' dir='ltr'><strong>nisi</strong></span> <span class='ocrx_word' id='word_1_90' title='bbox 827 878 862 928; x_wconf 91' lang='lat' dir='ltr'><strong>di-</strong></span> 
     </span>
     <span class='ocr_line' id='line_1_12' title="bbox 52 945 860 1015; baseline 0.004 -18"><span class='ocrx_word' id='word_1_91' title='bbox 52 950 125 999; x_wconf 81' lang='lat' dir='ltr'><strong>uites.</strong></span> <span class='ocrx_word' id='word_1_92' title='bbox 147 948 195 998; x_wconf 88' lang='lat' dir='ltr'><strong>Sed</strong></span> <span class='ocrx_word' id='word_1_93' title='bbox 213 959 294 997; x_wconf 87' lang='lat' dir='ltr'><strong>omnes</strong></span> <span class='ocrx_word' id='word_1_94' title='bbox 309 947 405 998; x_wconf 70' lang='lat' dir='ltr'><strong>uenus</strong></span> <span class='ocrx_word' id='word_1_95' title='bbox 425 951 520 1011; x_wconf 89' lang='lat' dir='ltr'><strong>possunt</strong></span> <span class='ocrx_word' id='word_1_96' title='bbox 536 946 619 997; x_wconf 89' lang='lat' dir='ltr'><strong>habere</strong></span> <span class='ocrx_word' id='word_1_97' title='bbox 643 945 712 997; x_wconf 88' lang='lat' dir='ltr'><strong>etiam</strong></span> <span class='ocrx_word' id='word_1_98' title='bbox 734 961 860 1015; x_wconf 87' lang='lat' dir='ltr'><strong>pauperes;</strong></span> 
     </span>
     <span class='ocr_line' id='line_1_13' title="bbox 53 1017 859 1085; baseline 0 -14"><span class='ocrx_word' id='word_1_99' title='bbox 53 1019 110 1085; x_wconf 83' lang='lat' dir='ltr'><strong>quia</strong></span> <span class='ocrx_word' id='word_1_100' title='bbox 132 1036 149 1068; x_wconf 79' lang='lat' dir='ltr'><strong>u</strong></span> <span class='ocrx_word' id='word_1_101' title='bbox 164 1018 264 1069; x_wconf 78' lang='lat' dir='ltr'><strong>virtutes</strong></span> <span class='ocrx_word' id='word_1_102' title='bbox 276 1030 322 1068; x_wconf 93' lang='lat' dir='ltr'><strong>non</strong></span> <span class='ocrx_word' id='word_1_103' title='bbox 336 1030 365 1067; x_wconf 83' lang='lat' dir='ltr'><strong>er</strong></span> <span class='ocrx_word' id='word_1_104' title='bbox 378 1017 512 1071; x_wconf 71' lang='lat' dir='ltr'><strong>moesdtate</strong></span> <span class='ocrx_word' id='word_1_105' title='bbox 525 1018 628 1081; x_wconf 83' lang='lat' dir='ltr'><strong>indigent</strong></span> <span class='ocrx_word' id='word_1_106' title='bbox 641 1019 746 1070; x_wconf 81' lang='lat' dir='ltr'><strong>exteriori</strong></span> <span class='ocrx_word' id='word_1_107' title='bbox 759 1020 859 1085; x_wconf 79' lang='lat' dir='ltr'><strong>fortuna,</strong></span> 
     </span>
     <span class='ocr_line' id='line_1_14' title="bbox 55 1088 859 1154; baseline 0 -12"><span class='ocrx_word' id='word_1_108' title='bbox 55 1092 98 1142; x_wconf 87' lang='lat' dir='ltr'><strong>sed</strong></span> <span class='ocrx_word' id='word_1_109' title='bbox 120 1090 167 1141; x_wconf 90' lang='lat' dir='ltr'><strong>sibi</strong></span> <span class='ocrx_word' id='word_1_110' title='bbox 187 1090 247 1154; x_wconf 87' lang='lat' dir='ltr'><strong>ipsis</strong></span> <span class='ocrx_word' id='word_1_111' title='bbox 263 1088 426 1152; x_wconf 81' lang='lat' dir='ltr'><strong>suiboiunt3»</strong></span> <span class='ocrx_word' id='word_1_112' title='bbox 445 1093 471 1138; x_wconf 93' lang='lat' dir='ltr'><strong>ut</strong></span> <span class='ocrx_word' id='word_1_113' title='bbox 483 1090 569 1139; x_wconf 86' lang='lat' dir='ltr'><strong>Seneou</strong></span> <span class='ocrx_word' id='word_1_114' title='bbox 589 1088 644 1140; x_wconf 88' lang='lat' dir='ltr'><strong>dicit</strong></span> <span class='ocrx_word' id='word_1_115' title='bbox 657 1089 681 1139; x_wconf 89' lang='lat' dir='ltr'><strong>in</strong></span> <span class='ocrx_word' id='word_1_116' title='bbox 698 1088 741 1139; x_wconf 92' lang='lat' dir='ltr'><strong>lib.</strong></span> <span class='ocrx_word' id='word_1_117' title='bbox 755 1088 792 1139; x_wconf 85' lang='lat' dir='ltr'><strong>De</strong></span> <span class='ocrx_word' id='word_1_118' title='bbox 804 1094 859 1143; x_wconf 73' lang='lat' dir='ltr'><strong>loo.</strong></span> 
     </span>
     <span class='ocr_line' id='line_1_15' title="bbox 54 1159 709 1226; baseline 0 -15"><span class='ocrx_word' id='word_1_119' title='bbox 54 1164 117 1226; x_wconf 79' lang='lat' dir='ltr'><strong>Ergo</strong></span> <span class='ocrx_word' id='word_1_120' title='bbox 130 1159 303 1223; x_wconf 76' lang='lat' dir='ltr'><strong>magnificentia</strong></span> <span class='ocrx_word' id='word_1_121' title='bbox 314 1173 360 1210; x_wconf 90' lang='lat' dir='ltr'><strong>uon</strong></span> <span class='ocrx_word' id='word_1_122' title='bbox 373 1163 408 1211; x_wconf 88' lang='lat' dir='ltr'><strong>est</strong></span> <span class='ocrx_word' id='word_1_123' title='bbox 417 1160 478 1210; x_wconf 86' lang='lat' dir='ltr'><strong>eirea</strong></span> <span class='ocrx_word' id='word_1_124' title='bbox 492 1174 586 1225; x_wconf 70' lang='lat' dir='ltr'><strong>magnos</strong></span> <span class='ocrx_word' id='word_1_125' title='bbox 597 1163 709 1225; x_wconf 84' lang='lat' dir='ltr'><strong>sumptus.</strong></span> 
     </span>
    </p>

    <p class='ocr_par' dir='ltr' id='par_1_5' title="bbox 55 1232 933 1585">
     <span class='ocr_line' id='line_1_16' title="bbox 86 1232 865 1299; baseline -0.001 -14"><span class='ocrx_word' id='word_1_126' title='bbox 86 1236 132 1285; x_wconf 85' lang='lat' dir='ltr'><strong>Sed</strong></span> <span class='ocrx_word' id='word_1_127' title='bbox 146 1235 230 1285; x_wconf 74' lang='lat' dir='ltr'><strong>contu</strong></span> <span class='ocrx_word' id='word_1_128' title='bbox 243 1235 292 1295; x_wconf 88' lang='lat' dir='ltr'><strong>est,</strong></span> <span class='ocrx_word' id='word_1_129' title='bbox 309 1233 370 1295; x_wconf 91' lang='lat' dir='ltr'><strong>quod</strong></span> <span class='ocrx_word' id='word_1_130' title='bbox 389 1232 542 1296; x_wconf 84' lang='lat' dir='ltr'><strong>Philosophus</strong></span> <span class='ocrx_word' id='word_1_131' title='bbox 555 1232 610 1283; x_wconf 83' lang='lat' dir='ltr'><strong>dicit</strong></span> <span class='ocrx_word' id='word_1_132' title='bbox 627 1232 652 1282; x_wconf 90' lang='lat' dir='ltr'><strong>iu</strong></span> <span class='ocrx_word' id='word_1_133' title='bbox 668 1232 708 1283; x_wconf 83' lang='lat' dir='ltr'><strong>lv.</strong></span> <span class='ocrx_word' id='word_1_134' title='bbox 722 1232 807 1283; x_wconf 79' lang='lat' dir='ltr'><strong>Ethic.</strong></span> <span class='ocrx_word' id='word_1_135' title='bbox 819 1232 828 1299; x_wconf 88' lang='lat'>(</span> <span class='ocrx_word' id='word_1_136' title='bbox 838 1236 865 1284; x_wconf 91' lang='lat' dir='ltr'><strong>ut</strong></span> 
     </span>
     <span class='ocr_line' id='line_1_17' title="bbox 55 1302 863 1370; baseline -0.001 -13"><span class='ocrx_word' id='word_1_137' title='bbox 55 1305 157 1370; x_wconf 80' lang='lat' dir='ltr'><strong>supra),</strong></span> <span class='ocrx_word' id='word_1_138' title='bbox 168 1302 230 1369; x_wconf 91' lang='lat' dir='ltr'><strong>qubd</strong></span> <span class='ocrx_word' id='word_1_139' title='bbox 242 1320 257 1353; x_wconf 85' lang='lat' dir='ltr'><strong>u</strong></span> <span class='ocrx_word' id='word_1_140' title='bbox 269 1303 436 1367; x_wconf 74' lang='lat' dir='ltr'><strong>magnificentia</strong></span> <span class='ocrx_word' id='word_1_141' title='bbox 445 1317 492 1356; x_wconf 90' lang='lat' dir='ltr'><strong>uon</strong></span> <span class='ocrx_word' id='word_1_142' title='bbox 506 1304 633 1355; x_wconf 85' lang='lat' dir='ltr'><strong>extenditur</strong></span> <span class='ocrx_word' id='word_1_143' title='bbox 644 1304 704 1355; x_wconf 87' lang='lat' dir='ltr'><strong>eirea</strong></span> <span class='ocrx_word' id='word_1_144' title='bbox 717 1316 797 1357; x_wconf 87' lang='lat' dir='ltr'><strong>omues</strong></span> <span class='ocrx_word' id='word_1_145' title='bbox 807 1317 863 1369; x_wconf 90' lang='lat' dir='ltr'><strong>ope-</strong></span> 
     </span>
     <span class='ocr_line' id='line_1_18' title="bbox 55 1375 865 1441; baseline 0 -12"><span class='ocrx_word' id='word_1_146' title='bbox 55 1379 160 1430; x_wconf 82' lang='lat' dir='ltr'><strong>rationes</strong></span> <span class='ocrx_word' id='word_1_147' title='bbox 181 1389 233 1441; x_wconf 78' lang='lat' dir='ltr'><strong>que</strong></span> <span class='ocrx_word' id='word_1_148' title='bbox 250 1375 350 1431; x_wconf 80' lang='lat' dir='ltr'><strong>suntin</strong></span> <span class='ocrx_word' id='word_1_149' title='bbox 371 1375 491 1439; x_wconf 84' lang='lat' dir='ltr'><strong>pecuniis,</strong></span> <span class='ocrx_word' id='word_1_150' title='bbox 507 1376 566 1425; x_wconf 89' lang='lat' dir='ltr'><strong>siout</strong></span> <span class='ocrx_word' id='word_1_151' title='bbox 587 1375 722 1439; x_wconf 79' lang='lat' dir='ltr'><strong>liberalitas3</strong></span> <span class='ocrx_word' id='word_1_152' title='bbox 746 1377 785 1427; x_wconf 88' lang='lat' dir='ltr'><strong>sed</strong></span> <span class='ocrx_word' id='word_1_153' title='bbox 803 1376 865 1429; x_wconf 82' lang='lat' dir='ltr'><strong>eirea</strong></span> 
     </span>
     <span class='ocr_line' id='line_1_19' title="bbox 55 1446 933 1514; baseline 0 -14"><span class='ocrx_word' id='word_1_154' title='bbox 55 1453 209 1514; x_wconf 88' lang='lat' dir='ltr'><strong>sumptuosas</strong></span> <span class='ocrx_word' id='word_1_155' title='bbox 220 1447 293 1499; x_wconf 84' lang='lat' dir='ltr'><strong>solim</strong></span> <span class='ocrx_word' id='word_1_156' title='bbox 300 1484 309 1510; x_wconf 91' lang='lat'><em>,</em></span> <span class='ocrx_word' id='word_1_157' title='bbox 324 1446 348 1497; x_wconf 90' lang='lat' dir='ltr'><strong>iu</strong></span> <span class='ocrx_word' id='word_1_158' title='bbox 367 1446 450 1511; x_wconf 87' lang='lat' dir='ltr'><strong>quibus</strong></span> <span class='ocrx_word' id='word_1_159' title='bbox 467 1447 627 1512; x_wconf 82' lang='lat' dir='ltr'><strong>superexcellit</strong></span> <span class='ocrx_word' id='word_1_160' title='bbox 644 1447 801 1499; x_wconf 85' lang='lat' dir='ltr'><strong>liberalitatem</strong></span> <span class='ocrx_word' id='word_1_161' title='bbox 814 1463 863 1500; x_wconf 89' lang='lat' dir='ltr'><strong>mu·</strong></span> <span class='ocrx_word' id='word_1_162' title='bbox 921 1465 933 1487; x_wconf 88' lang='lat'><strong>·</strong></span> 
     </span>
     <span class='ocr_line' id='line_1_20' title="bbox 55 1516 723 1585; baseline 0 -14"><span class='ocrx_word' id='word_1_163' title='bbox 55 1520 215 1585; x_wconf 68' lang='lat' dir='ltr'><strong>palladiae.»</strong></span> <span class='ocrx_word' id='word_1_164' title='bbox 226 1520 286 1582; x_wconf 81' lang='lat' dir='ltr'><strong>Ergo</strong></span> <span class='ocrx_word' id='word_1_165' title='bbox 297 1516 418 1568; x_wconf 85' lang='lat' dir='ltr'><strong>estsolirm</strong></span> <span class='ocrx_word' id='word_1_166' title='bbox 427 1518 489 1568; x_wconf 72' lang='lat' dir='ltr'><strong>droa</strong></span> <span class='ocrx_word' id='word_1_167' title='bbox 501 1531 594 1582; x_wconf 76' lang='lat' dir='ltr'><strong>magnos</strong></span> <span class='ocrx_word' id='word_1_168' title='bbox 610 1522 723 1583; x_wconf 87' lang='lat' dir='ltr'><strong>sumptus.</strong></span> 
     </span>
    </p>

    <p class='ocr_par' dir='ltr' id='par_1_6' title="bbox 55 1589 867 1800">
     <span class='ocr_line' id='line_1_21' title="bbox 90 1589 867 1658; baseline 0.001 -14"><span class='ocrx_word' id='word_1_169' title='bbox 90 1594 259 1658; x_wconf 78' lang='lat' dir='ltr'><strong>(Gouunusro.</strong></span> <span class='ocrx_word' id='word_1_170' title='bbox 271 1616 303 1629; x_wconf 91' lang='lat'><em>-</em></span> <span class='ocrx_word' id='word_1_171' title='bbox 316 1591 366 1640; x_wconf 85' lang='lat' dir='ltr'><strong>Non</strong></span> <span class='ocrx_word' id='word_1_172' title='bbox 386 1589 453 1642; x_wconf 87' lang='lat' dir='ltr'><strong>modb</strong></span> <span class='ocrx_word' id='word_1_173' title='bbox 473 1591 549 1654; x_wconf 80' lang='lat' dir='ltr'><strong>magni</strong></span> <span class='ocrx_word' id='word_1_174' title='bbox 566 1593 670 1656; x_wconf 87' lang='lat' dir='ltr'><strong>sumptus</strong></span> <span class='ocrx_word' id='word_1_175' title='bbox 691 1592 791 1643; x_wconf 77' lang='lat' dir='ltr'><strong>materiae</strong></span> <span class='ocrx_word' id='word_1_176' title='bbox 809 1598 867 1645; x_wconf 88' lang='lat' dir='ltr'><strong>suut</strong></span> 
     </span>
     <span class='ocr_line' id='line_1_22' title="bbox 55 1660 866 1729; baseline 0 -14"><span class='ocrx_word' id='word_1_177' title='bbox 55 1662 253 1729; x_wconf 71' lang='lat' dir='ltr'><strong>magnificentie,</strong></span> <span class='ocrx_word' id='word_1_178' title='bbox 264 1660 305 1712; x_wconf 86' lang='lat' dir='ltr'><strong>sed</strong></span> <span class='ocrx_word' id='word_1_179' title='bbox 318 1664 343 1712; x_wconf 88' lang='lat' dir='ltr'><strong>et</strong></span> <span class='ocrx_word' id='word_1_180' title='bbox 355 1660 453 1725; x_wconf 62' lang='lat' dir='ltr'><strong>moenia</strong></span> <span class='ocrx_word' id='word_1_181' title='bbox 463 1664 487 1710; x_wconf 90' lang='lat' dir='ltr'><strong>et</strong></span> <span class='ocrx_word' id='word_1_182' title='bbox 501 1662 552 1725; x_wconf 83' lang='lat' dir='ltr'><strong>ejus</strong></span> <span class='ocrx_word' id='word_1_183' title='bbox 563 1675 638 1725; x_wconf 85' lang='lat' dir='ltr'><strong>amor,</strong></span> <span class='ocrx_word' id='word_1_184' title='bbox 654 1676 721 1727; x_wconf 81' lang='lat' dir='ltr'><strong>queue</strong></span> <span class='ocrx_word' id='word_1_185' title='bbox 734 1664 866 1715; x_wconf 87' lang='lat' dir='ltr'><strong>moderatur</strong></span> 
     </span>
     <span class='ocr_line' id='line_1_23' title="bbox 55 1731 647 1800; baseline -0.005 -14"><span class='ocrx_word' id='word_1_186' title='bbox 55 1736 197 1800; x_wconf 72' lang='lat' dir='ltr'><strong>magnificus</strong></span> <span class='ocrx_word' id='word_1_187' title='bbox 213 1746 244 1784; x_wconf 91' lang='lat' dir='ltr'><strong>ue</strong></span> <span class='ocrx_word' id='word_1_188' title='bbox 257 1737 362 1795; x_wconf 86' lang='lat' dir='ltr'><strong>sumptus</strong></span> <span class='ocrx_word' id='word_1_189' title='bbox 375 1731 453 1795; x_wconf 76' lang='lat' dir='ltr'><strong>magni</strong></span> <span class='ocrx_word' id='word_1_190' title='bbox 465 1731 625 1796; x_wconf 85' lang='lat' dir='ltr'><strong>impediantur.</strong></span> <span class='ocrx_word' id='word_1_191' title='bbox 638 1734 647 1797; x_wconf 91' lang='lat'>)</span> 
     </span>
    </p>

    <p class='ocr_par' dir='ltr' id='par_1_7' title="bbox 56 1801 868 2725">
     <span class='ocr_line' id='line_1_24' title="bbox 88 1801 866 1870; baseline -0.003 -13"><span class='ocrx_word' id='word_1_192' title='bbox 88 1804 230 1870; x_wconf 76' lang='lat' dir='ltr'><strong>despondeo</strong></span> <span class='ocrx_word' id='word_1_193' title='bbox 243 1802 385 1864; x_wconf 74' lang='lat' dir='ltr'><strong>dicendum,</strong></span> <span class='ocrx_word' id='word_1_194' title='bbox 399 1801 461 1864; x_wconf 84' lang='lat' dir='ltr'><strong>qudd</strong></span> <span class='ocrx_word' id='word_1_195' title='bbox 475 1802 503 1851; x_wconf 86' lang='lat' dir='ltr'><strong>ad</strong></span> <span class='ocrx_word' id='word_1_196' title='bbox 520 1802 727 1868; x_wconf 75' lang='lat' dir='ltr'><strong>magnificentiam,</strong></span> <span class='ocrx_word' id='word_1_197' title='bbox 743 1804 802 1855; x_wconf 88' lang='lat' dir='ltr'><strong>siout</strong></span> <span class='ocrx_word' id='word_1_198' title='bbox 819 1804 866 1855; x_wconf 91' lang='lat' dir='ltr'><strong>die·</strong></span> 
     </span>
     <span class='ocr_line' id='line_1_25' title="bbox 56 1870 866 1940; baseline 0 -14"><span class='ocrx_word' id='word_1_199' title='bbox 56 1880 105 1927; x_wconf 90' lang='lat' dir='ltr'><strong>turn</strong></span> <span class='ocrx_word' id='word_1_200' title='bbox 118 1879 156 1926; x_wconf 89' lang='lat' dir='ltr'><strong>est</strong></span> <span class='ocrx_word' id='word_1_201' title='bbox 173 1875 230 1937; x_wconf 88' lang='lat' dir='ltr'><strong>(art.</strong></span> <span class='ocrx_word' id='word_1_202' title='bbox 241 1878 257 1923; x_wconf 76' lang='lat'>2</span> <span class='ocrx_word' id='word_1_203' title='bbox 270 1876 289 1935; x_wconf 81' lang='lat' dir='ltr'><strong>l,</strong></span> <span class='ocrx_word' id='word_1_204' title='bbox 300 1873 399 1937; x_wconf 82' lang='lat' dir='ltr'><strong>pertinet</strong></span> <span class='ocrx_word' id='word_1_205' title='bbox 408 1870 524 1922; x_wconf 67' lang='lat' dir='ltr'><strong>inuadere</strong></span> <span class='ocrx_word' id='word_1_206' title='bbox 538 1872 565 1922; x_wconf 85' lang='lat' dir='ltr'><strong>ad</strong></span> <span class='ocrx_word' id='word_1_207' title='bbox 579 1873 669 1937; x_wconf 83' lang='lat' dir='ltr'><strong>aliquod</strong></span> <span class='ocrx_word' id='word_1_208' title='bbox 687 1888 792 1940; x_wconf 79' lang='lat' dir='ltr'><strong>magnum</strong></span> <span class='ocrx_word' id='word_1_209' title='bbox 807 1887 866 1940; x_wconf 88' lang='lat' dir='ltr'><strong>opus</strong></span> 
     </span>
     <span class='ocr_line' id='line_1_26' title="bbox 56 1941 862 2011; baseline 0 -14"><span class='ocrx_word' id='word_1_210' title='bbox 56 1948 202 1999; x_wconf 86' lang='lat' dir='ltr'><strong>laciendum.</strong></span> <span class='ocrx_word' id='word_1_211' title='bbox 215 1947 249 1996; x_wconf 84' lang='lat' dir='ltr'><strong>hd</strong></span> <span class='ocrx_word' id='word_1_212' title='bbox 261 1946 308 1995; x_wconf 87' lang='lat' dir='ltr'><strong>hoo</strong></span> <span class='ocrx_word' id='word_1_213' title='bbox 319 1947 396 1993; x_wconf 65' lang='lat' dir='ltr'><strong>auum</strong></span> <span class='ocrx_word' id='word_1_214' title='bbox 410 1941 471 2006; x_wconf 78' lang='lat' dir='ltr'><strong>qudd</strong></span> <span class='ocrx_word' id='word_1_215' title='bbox 490 1944 579 2007; x_wconf 91' lang='lat' dir='ltr'><strong>aliquod</strong></span> <span class='ocrx_word' id='word_1_216' title='bbox 590 1956 695 2007; x_wconf 82' lang='lat' dir='ltr'><strong>maguum</strong></span> <span class='ocrx_word' id='word_1_217' title='bbox 707 1960 765 2011; x_wconf 84' lang='lat' dir='ltr'><strong>opus</strong></span> <span class='ocrx_word' id='word_1_218' title='bbox 778 1960 862 1997; x_wconf 86' lang='lat' dir='ltr'><strong>eonve-</strong></span> 
     </span>
     <span class='ocr_line' id='line_1_27' title="bbox 57 2014 866 2081; baseline -0.002 -12"><span class='ocrx_word' id='word_1_219' title='bbox 57 2020 149 2069; x_wconf 80' lang='lat' dir='ltr'><strong>nientes</strong></span> <span class='ocrx_word' id='word_1_220' title='bbox 157 2018 210 2081; x_wconf 86' lang='lat' dir='ltr'><strong>hat,</strong></span> <span class='ocrx_word' id='word_1_221' title='bbox 223 2016 373 2080; x_wconf 89' lang='lat' dir='ltr'><strong>requiruntur</strong></span> <span class='ocrx_word' id='word_1_222' title='bbox 382 2014 547 2079; x_wconf 82' lang='lat' dir='ltr'><strong>proportionali</strong></span> <span class='ocrx_word' id='word_1_223' title='bbox 559 2019 671 2079; x_wconf 61' lang='lat' dir='ltr'><strong>sumptus</strong></span> <span class='ocrx_word' id='word_1_224' title='bbox 680 2031 726 2068; x_wconf 92' lang='lat' dir='ltr'><strong>nou</strong></span> <span class='ocrx_word' id='word_1_225' title='bbox 737 2018 798 2067; x_wconf 88' lang='lat' dir='ltr'><strong>enim</strong></span> <span class='ocrx_word' id='word_1_226' title='bbox 809 2030 866 2081; x_wconf 91' lang='lat' dir='ltr'><strong>pos·</strong></span> 
     </span>
     <span class='ocr_line' id='line_1_28' title="bbox 57 2086 865 2153; baseline -0.002 -12"><span class='ocrx_word' id='word_1_227' title='bbox 57 2095 112 2142; x_wconf 87' lang='lat' dir='ltr'><strong>sunt</strong></span> <span class='ocrx_word' id='word_1_228' title='bbox 130 2102 218 2153; x_wconf 75' lang='lat' dir='ltr'><strong>magua</strong></span> <span class='ocrx_word' id='word_1_229' title='bbox 231 2101 302 2152; x_wconf 91' lang='lat' dir='ltr'><strong>opera</strong></span> <span class='ocrx_word' id='word_1_230' title='bbox 321 2086 370 2137; x_wconf 87' lang='lat' dir='ltr'><strong>fleri</strong></span> <span class='ocrx_word' id='word_1_231' title='bbox 385 2086 430 2136; x_wconf 91' lang='lat' dir='ltr'><strong>nisi</strong></span> <span class='ocrx_word' id='word_1_232' title='bbox 450 2100 502 2135; x_wconf 89' lang='lat' dir='ltr'><strong>oum</strong></span> <span class='ocrx_word' id='word_1_233' title='bbox 516 2086 603 2149; x_wconf 83' lang='lat' dir='ltr'><strong>magnis</strong></span> <span class='ocrx_word' id='word_1_234' title='bbox 618 2088 744 2151; x_wconf 87' lang='lat' dir='ltr'><strong>expensis:</strong></span> <span class='ocrx_word' id='word_1_235' title='bbox 760 2088 865 2153; x_wconf 80' lang='lat' dir='ltr'><strong>audead</strong></span> 
     </span>
     <span class='ocr_line' id='line_1_29' title="bbox 58 2158 866 2227; baseline 0 -16"><span class='ocrx_word' id='word_1_236' title='bbox 58 2160 255 2227; x_wconf 76' lang='lat' dir='ltr'><strong>magnihoentiam</strong></span> <span class='ocrx_word' id='word_1_237' title='bbox 275 2158 392 2224; x_wconf 87' lang='lat' dir='ltr'><strong>pertinet,</strong></span> <span class='ocrx_word' id='word_1_238' title='bbox 411 2170 507 2221; x_wconf 80' lang='lat' dir='ltr'><strong>magnos</strong></span> <span class='ocrx_word' id='word_1_239' title='bbox 534 2160 636 2221; x_wconf 90' lang='lat' dir='ltr'><strong>sumptus</strong></span> <span class='ocrx_word' id='word_1_240' title='bbox 658 2158 748 2220; x_wconf 82' lang='lat' dir='ltr'><strong>iacere,</strong></span> <span class='ocrx_word' id='word_1_241' title='bbox 768 2160 796 2209; x_wconf 90' lang='lat' dir='ltr'><strong>ad</strong></span> <span class='ocrx_word' id='word_1_242' title='bbox 821 2161 866 2211; x_wconf 91' lang='lat' dir='ltr'><strong>hoo</strong></span> 
     </span>
     <span class='ocr_line' id='line_1_30' title="bbox 58 2228 865 2297; baseline -0.006 -11"><span class='ocrx_word' id='word_1_243' title='bbox 58 2234 121 2297; x_wconf 88' lang='lat' dir='ltr'><strong>qudd</strong></span> <span class='ocrx_word' id='word_1_244' title='bbox 133 2235 202 2297; x_wconf 75' lang='lat' dir='ltr'><strong>&#39;opus</strong></span> <span class='ocrx_word' id='word_1_245' title='bbox 219 2242 330 2295; x_wconf 82' lang='lat' dir='ltr'><strong>magnum</strong></span> <span class='ocrx_word' id='word_1_246' title='bbox 343 2228 504 2280; x_wconf 79' lang='lat' dir='ltr'><strong>convenienter</strong></span> <span class='ocrx_word' id='word_1_247' title='bbox 522 2230 570 2279; x_wconf 89' lang='lat' dir='ltr'><strong>ilat.</strong></span> <span class='ocrx_word' id='word_1_248' title='bbox 585 2230 649 2279; x_wconf 83' lang='lat' dir='ltr'><strong>linde</strong></span> <span class='ocrx_word' id='word_1_249' title='bbox 668 2233 691 2280; x_wconf 90' lang='lat' dir='ltr'><strong>et</strong></span> <span class='ocrx_word' id='word_1_250' title='bbox 713 2228 865 2295; x_wconf 78' lang='lat' dir='ltr'><strong>Philosophus</strong></span> 
     </span>
     <span class='ocr_line' id='line_1_31' title="bbox 59 2300 865 2366; baseline -0.004 -10"><span class='ocrx_word' id='word_1_251' title='bbox 59 2305 116 2355; x_wconf 91' lang='lat' dir='ltr'><strong>dioit</strong></span> <span class='ocrx_word' id='word_1_252' title='bbox 134 2305 161 2355; x_wconf 89' lang='lat' dir='ltr'><strong>in</strong></span> <span class='ocrx_word' id='word_1_253' title='bbox 177 2302 219 2354; x_wconf 83' lang='lat' dir='ltr'><strong>lv.</strong></span> <span class='ocrx_word' id='word_1_254' title='bbox 236 2300 328 2359; x_wconf 70' lang='lat' dir='ltr'><strong>usuc..</strong></span> <span class='ocrx_word' id='word_1_255' title='bbox 345 2300 406 2365; x_wconf 90' lang='lat' dir='ltr'><strong>qudd</strong></span> <span class='ocrx_word' id='word_1_256' title='bbox 420 2318 435 2348; x_wconf 87' lang='lat' dir='ltr'><strong>u</strong></span> <span class='ocrx_word' id='word_1_257' title='bbox 451 2301 585 2365; x_wconf 80' lang='lat' dir='ltr'><strong>magnificus</strong></span> <span class='ocrx_word' id='word_1_258' title='bbox 603 2300 633 2350; x_wconf 84' lang='lat' dir='ltr'><strong>ab</strong></span> <span class='ocrx_word' id='word_1_259' title='bbox 645 2300 727 2364; x_wconf 74' lang='lat' dir='ltr'><strong>aquali</strong></span> <span class='ocrx_word' id='word_1_260' title='bbox 741 2301 837 2366; x_wconf 86' lang='lat' dir='ltr'><strong>(idest,</strong></span> <span class='ocrx_word' id='word_1_261' title='bbox 852 2302 865 2353; x_wconf 81' lang='lat' dir='ltr'><strong>b</strong></span> 
     </span>
     <span class='ocr_line' id='line_1_32' title="bbox 58 2370 867 2443; baseline -0.005 -15"><span class='ocrx_word' id='word_1_262' title='bbox 58 2374 245 2443; x_wconf 88' lang='lat' dir='ltr'><strong>proportionato)</strong></span> <span class='ocrx_word' id='word_1_263' title='bbox 251 2376 344 2439; x_wconf 87' lang='lat' dir='ltr'><strong>sumptu</strong></span> <span class='ocrx_word' id='word_1_264' title='bbox 350 2385 408 2437; x_wconf 94' lang='lat' dir='ltr'><strong>opus</strong></span> <span class='ocrx_word' id='word_1_265' title='bbox 415 2372 485 2424; x_wconf 81' lang='lat' dir='ltr'><strong>faciet</strong></span> <span class='ocrx_word' id='word_1_266' title='bbox 495 2374 566 2437; x_wconf 76' lang='lat' dir='ltr'><strong>magis</strong></span> <span class='ocrx_word' id='word_1_267' title='bbox 576 2370 729 2440; x_wconf 82' lang='lat' dir='ltr'><strong>magnificum.</strong></span> <span class='ocrx_word' id='word_1_268' title='bbox 737 2388 751 2419; x_wconf 84' lang='lat' dir='ltr'><strong>n</strong></span> <span class='ocrx_word' id='word_1_269' title='bbox 760 2372 867 2437; x_wconf 87' lang='lat' dir='ltr'><strong>Sumptus</strong></span> 
     </span>
     <span class='ocr_line' id='line_1_33' title="bbox 58 2442 868 2510; baseline -0.005 -11"><span class='ocrx_word' id='word_1_270' title='bbox 58 2453 136 2501; x_wconf 83' lang='lat' dir='ltr'><strong>autern</strong></span> <span class='ocrx_word' id='word_1_271' title='bbox 151 2450 190 2498; x_wconf 89' lang='lat' dir='ltr'><strong>est</strong></span> <span class='ocrx_word' id='word_1_272' title='bbox 204 2446 308 2510; x_wconf 82' lang='lat' dir='ltr'><strong>quadam</strong></span> <span class='ocrx_word' id='word_1_273' title='bbox 323 2444 425 2509; x_wconf 77' lang='lat' dir='ltr'><strong>pecuniae</strong></span> <span class='ocrx_word' id='word_1_274' title='bbox 440 2444 543 2506; x_wconf 87' lang='lat' dir='ltr'><strong>emissio,</strong></span> <span class='ocrx_word' id='word_1_275' title='bbox 553 2444 566 2495; x_wconf 81' lang='lat' dir='ltr'><strong>a</strong></span> <span class='ocrx_word' id='word_1_276' title='bbox 575 2456 620 2509; x_wconf 91' lang='lat' dir='ltr'><strong>qua</strong></span> <span class='ocrx_word' id='word_1_277' title='bbox 632 2446 707 2507; x_wconf 89' lang='lat' dir='ltr'><strong>potest</strong></span> <span class='ocrx_word' id='word_1_278' title='bbox 721 2442 802 2506; x_wconf 89' lang='lat' dir='ltr'><strong>aliquis</strong></span> <span class='ocrx_word' id='word_1_279' title='bbox 815 2452 868 2507; x_wconf 90' lang='lat' dir='ltr'><strong>pro·</strong></span> 
     </span>
     <span class='ocr_line' id='line_1_34' title="bbox 58 2513 867 2583; baseline -0.007 -12"><span class='ocrx_word' id='word_1_280' title='bbox 58 2520 135 2571; x_wconf 89' lang='lat' dir='ltr'><strong>hiberi</strong></span> <span class='ocrx_word' id='word_1_281' title='bbox 153 2531 197 2583; x_wconf 88' lang='lat' dir='ltr'><strong>per</strong></span> <span class='ocrx_word' id='word_1_282' title='bbox 211 2517 352 2580; x_wconf 86' lang='lat' dir='ltr'><strong>superfluum</strong></span> <span class='ocrx_word' id='word_1_283' title='bbox 365 2528 465 2566; x_wconf 87' lang='lat' dir='ltr'><strong>amorem</strong></span> <span class='ocrx_word' id='word_1_284' title='bbox 475 2516 585 2581; x_wconf 61' lang='lat' dir='ltr'><strong>menatae.</strong></span> <span class='ocrx_word' id='word_1_285' title='bbox 600 2515 629 2565; x_wconf 84' lang='lat' dir='ltr'><strong>Et</strong></span> <span class='ocrx_word' id='word_1_286' title='bbox 641 2514 693 2564; x_wconf 90' lang='lat' dir='ltr'><strong>ideo</strong></span> <span class='ocrx_word' id='word_1_287' title='bbox 708 2513 801 2565; x_wconf 86' lang='lat' dir='ltr'><strong>materia</strong></span> <span class='ocrx_word' id='word_1_288' title='bbox 819 2528 867 2565; x_wconf 86' lang='lat' dir='ltr'><strong>mu·</strong></span> 
     </span>
     <span class='ocr_line' id='line_1_35' title="bbox 59 2585 867 2657; baseline -0.01 -14"><span class='ocrx_word' id='word_1_289' title='bbox 59 2590 203 2657; x_wconf 74' lang='lat' dir='ltr'><strong>qnitieemhe</strong></span> <span class='ocrx_word' id='word_1_290' title='bbox 218 2592 316 2653; x_wconf 88' lang='lat' dir='ltr'><strong>possunt</strong></span> <span class='ocrx_word' id='word_1_291' title='bbox 329 2586 373 2637; x_wconf 89' lang='lat' dir='ltr'><strong>diei</strong></span> <span class='ocrx_word' id='word_1_292' title='bbox 383 2591 407 2638; x_wconf 88' lang='lat' dir='ltr'><strong>et</strong></span> <span class='ocrx_word' id='word_1_293' title='bbox 419 2588 464 2653; x_wconf 91' lang='lat' dir='ltr'><strong>ipsi</strong></span> <span class='ocrx_word' id='word_1_294' title='bbox 475 2592 593 2652; x_wconf 87' lang='lat' dir='ltr'><strong>sumptus,</strong></span> <span class='ocrx_word' id='word_1_295' title='bbox 604 2585 686 2651; x_wconf 92' lang='lat' dir='ltr'><strong>quibus</strong></span> <span class='ocrx_word' id='word_1_296' title='bbox 696 2586 767 2636; x_wconf 88' lang='lat' dir='ltr'><strong>utitur</strong></span> <span class='ocrx_word' id='word_1_297' title='bbox 779 2586 867 2650; x_wconf 78' lang='lat' dir='ltr'><strong>magni-</strong></span> 
     </span>
     <span class='ocr_line' id='line_1_36' title="bbox 59 2656 867 2725; baseline -0.009 -10"><span class='ocrx_word' id='word_1_298' title='bbox 59 2664 117 2715; x_wconf 89' lang='lat' dir='ltr'><strong>lious</strong></span> <span class='ocrx_word' id='word_1_299' title='bbox 132 2663 162 2713; x_wconf 89' lang='lat' dir='ltr'><strong>ad</strong></span> <span class='ocrx_word' id='word_1_300' title='bbox 177 2671 239 2725; x_wconf 88' lang='lat' dir='ltr'><strong>opus</strong></span> <span class='ocrx_word' id='word_1_301' title='bbox 249 2670 355 2723; x_wconf 76' lang='lat' dir='ltr'><strong>maguum</strong></span> <span class='ocrx_word' id='word_1_302' title='bbox 369 2658 511 2722; x_wconf 54' lang='lat' dir='ltr'><strong>iaciendum}</strong></span> <span class='ocrx_word' id='word_1_303' title='bbox 521 2661 545 2711; x_wconf 88' lang='lat' dir='ltr'><strong>et</strong></span> <span class='ocrx_word' id='word_1_304' title='bbox 554 2656 710 2723; x_wconf 86' lang='lat' dir='ltr'><strong>ipsapeounia</strong></span> <span class='ocrx_word' id='word_1_305' title='bbox 717 2694 726 2721; x_wconf 88' lang='lat'>‚</span> <span class='ocrx_word' id='word_1_306' title='bbox 735 2670 780 2722; x_wconf 88' lang='lat' dir='ltr'><strong>qua</strong></span> <span class='ocrx_word' id='word_1_307' title='bbox 796 2657 867 2708; x_wconf 80' lang='lat' dir='ltr'><strong>utitur</strong></span> 
     </span>
    </p>
   </div>
   <div class='ocr_carea' id='block_1_3' title="bbox 61 2802 867 2937">
    <p class='ocr_par' dir='ltr' id='par_1_8' title="bbox 61 2802 867 2937">
     <span class='ocr_line' id='line_1_37' title="bbox 93 2802 867 2871; baseline -0.043 0"><span class='ocrx_word' id='word_1_308' title='bbox 93 2805 201 2871; x_wconf 63' lang='lat'><strong>(00⁰0</strong></span> <span class='ocrx_word' id='word_1_309' title='bbox 222 2806 257 2851; x_wconf 65' lang='lat'><strong>⁸5⁶</strong></span> <span class='ocrx_word' id='word_1_310' title='bbox 268 2807 333 2861; x_wconf 63' lang='lat' dir='ltr'><strong>ium</strong></span> <span class='ocrx_word' id='word_1_311' title='bbox 350 2816 449 2864; x_wconf 60' lang='lat' dir='ltr'><strong>sinuum</strong></span> <span class='ocrx_word' id='word_1_312' title='bbox 461 2802 530 2864; x_wconf 76' lang='grc' dir='ltr'>ξενίαν</span> <span class='ocrx_word' id='word_1_313' title='bbox 545 2805 688 2864; x_wconf 83' lang='lat' dir='ltr'><strong>appellantur</strong></span> <span class='ocrx_word' id='word_1_314' title='bbox 701 2807 768 2863; x_wconf 89' lang='lat' dir='ltr'><strong>quasi</strong></span> <span class='ocrx_word' id='word_1_315' title='bbox 780 2804 867 2863; x_wconf 64' lang='lat' dir='ltr'><strong>hospi.</strong></span> 
     </span>
     <span class='ocr_line' id='line_1_38' title="bbox 61 2876 705 2937; baseline -0.028 4"><span class='ocrx_word' id='word_1_316' title='bbox 61 2886 115 2928; x_wconf 64' lang='lat'><strong>‘¹0¹¹’</strong></span> <span class='ocrx_word' id='word_1_317' title='bbox 124 2879 209 2935; x_wconf 63' lang='grc' dir='ltr'><strong>ἆθΜί</strong></span> <span class='ocrx_word' id='word_1_318' title='bbox 224 2876 434 2937; x_wconf 75' lang='lat' dir='ltr'><strong>sedatquodhoat</strong></span> <span class='ocrx_word' id='word_1_319' title='bbox 443 2877 705 2929; x_wconf 65' lang='lat' dir='ltr'><strong>donum&#39;exteuduutur.</strong></span> 
     </span>
    </p>
   </div>
   <div class='ocr_carea' id='block_1_4' title="bbox 0 0 980 3284">
    <p class='ocr_par' dir='ltr' id='par_1_9' title="bbox 0 0 980 3284">
     <span class='ocr_line' id='line_1_39' title="bbox 0 0 980 3284; baseline 0 0"><span class='ocrx_word' id='word_1_320' title='bbox 0 0 980 3284; x_wconf 95' lang='lat' dir='ltr'><strong> </strong></span> 
     </span>
    </p>
   </div>
  </div>
 </body>
</html>
