1934 3284
132 164 179 212 5⁰8
247 172 500 224 memonasterium,
517 174 608 220 QUAEST.
626 172 702 221 (lm,
718 174 774 215 ΔΙΤ.
790 175 819 212 ll.

131 264 200 315 qnam
213 253 290 314 polest
306 249 413 315 conjungi
429 248 593 301 immortalibus
607 255 630 301 et
644 250 727 302 divinis
746 266 751 301 :
769 252 794 301 et
805 250 932 303 socundim

132 324 176 373 hoc
189 322 339 387 Philosophus
358 321 412 373 dicit
425 322 486 386 quot
501 325 614 387 «oportet
626 323 743 374 hominem
756 336 782 373 se
795 324 891 374 trahere
905 324 931 373 al
952 352 953 393 ,

133 393 266 444 immortalia
278 397 302 444 et
314 392 397 457 ‹livina3
409 411 423 440 u
433 407 479 444 nou
492 393 583 458 quidem
596 399 622 443 ut
639 408 667 445 ea
677 398 784 459 operetur
798 408 862 459 qnae.
873 398 934 447 decet

132 466 203 517 llenm
217 466 305 530 iacere,
315 467 354 516 sed
365 471 392 517 nt
400 466 423 518 ei
433 467 526 517 uniatur
534 480 575 531 per
587 466 727 517 intellectum
741 468 763 517 et
776 468 930 518 voluntatem.
952 458 953 473 ¹

164 539 198 588 ho
211 537 302 588 tertium
322 539 456 599 ditandum,
471 536 531 601 quod
549 536 606 588 siout
626 538 779 603 Philosophus
790 540 848 591 uicit
859 541 885 590 iu
896 540 934 589 lll.

133 610 217 661 Ettic.
229 626 237 659 :
249 624 321 675 «qna
335 624 377 676 per
392 610 447 663 alios
457 623 588 675 possumus,
599 611 726 675 aliqualiter
739 625 779 675 per
794 624 840 663 nos
856 626 935 679 possu-

136 696 195 733 mus.
206 699 220 730 n
236 684 265 733 Et
274 683 326 734 ideo
338 683 392 748 quia
405 683 502 746 cogitare
517 686 540 733 et
556 682 631 735 lacere
647 684 731 737 bouum
743 699 869 749 possumus
887 698 935 735 cum

135 753 220 803 auxilio
233 754 324 819 dirim,
339 768 385 805 non
398 754 500 805 totaliter
511 755 555 805 hoo
569 754 658 805 errauit
670 759 769 805 nostram
784 754 933 809 facultatem:

135 827 159 876 et
173 825 225 876 ileo
235 839 282 876 non
295 830 331 877 est
342 830 545 891 presumptuosum
559 826 579 877 si
590 826 671 891 aliquis
679 828 708 877 ad
717 826 808 891 aliquod
819 842 883 893 opus
894 828 935 877 uir-

134 900 226 947 tuosnm
243 899 354 961 agendum
369 898 474 949 intendat
490 914 495 947 :
514 900 576 949 esset
601 902 677 948 autom
692 904 903 963 praesumptuosum
919 899 936 949 si

136 968 163 1019 ad
177 970 221 1020 hoo
234 967 316 1033 aliquis
331 970 434 1021 tonderet
445 969 529 1035 absque
546 969 629 1021 fidutia
647 968 719 1021 divim
732 970 823 1023 auxilii.

430 1150 591 1203 thurcohtts
607 1151 636 1203 11.

143 1276 228 1323 ormam
234 1276 386 1333 presumptio
398 1280 534 1333 opponatur
543 1275 739 1335 mnpuunimitatr'
757 1287 800 1333 per
809 1286 937 1322 excessum.

169 1404 203 1455 hd
217 1404 340 1455 seeundum
356 1403 390 1453 sio
402 1404 531 1467 proceditur
541 1402 588 1467 (t).
608 1402 699 1453 Videtur
718 1401 777 1467 quur
791 1404 936 1470 praesumptio

138 1489 185 1527 non
195 1478 322 1539 opponatm
331 1475 512 1536 magnanimitati
521 1488 562 1539 per
571 1488 697 1526 excessum.
709 1474 864 1539 Praesumptio
879 1477 936 1527 enin

138 1548 232 1611 ponitur
245 1545 332 1609 species
339 1547 425 1611 peccati
436 1547 460 1596 in
473 1546 581 1611 Spiritum
592 1544 706 1608 sanctim,
717 1550 742 1595 ut
754 1559 822 1610 snpra
831 1548 935 1599 hahitun

139 1617 230 1682 15111).
248 1618 294 1668 Sari
311 1623 428 1682 peccatum
452 1621 477 1667 ln
494 1617 606 1683 Spiritum
625 1620 726 1667 sanetum
745 1630 791 1667 non
817 1617 937 1686 opponitur

139 1688 331 1752 magnanimitati,
347 1689 388 1740 sed
407 1689 480 1753 magis
501 1688 605 1739 charitati
621 1690 680 1753 Ergo
699 1688 769 1739 etiam
787 1702 865 1753 neque
884 1702 936 1755 pra·

139 1761 238 1824 sumptio
255 1760 377 1825 opponitur
390 1759 579 1826 magnanimitati.

173 1836 196 1880 3.
214 1833 344 1894 Praeterea,
357 1833 385 1884 ad
397 1832 605 1897 magnanimitatem
619 1830 718 1896 pertinet
733 1830 792 1895 quod
812 1831 897 1897 aliquis
914 1842 934 1882 se

141 1903 229 1967 magnis
242 1904 365 1969 dignitost.
385 1904 430 1955 Sed
445 1905 528 1969 aliquis
541 1904 624 1955 dicitur
644 1906 839 1969 presumptuosus
847 1942 856 1968 ,
873 1905 935 1957 etiarn

140 1975 161 2027 si
176 1988 203 2025 se
217 1975 295 2040 parvis
312 1975 441 2040 dignifioet,
458 1977 578 2026 dummodo
595 1974 752 2037 hoeexcerlat
768 1976 888 2039 propriam
908 1975 935 2026 la·
952 1994 953 2045 p

140 2047 255 2099 cultatem.
268 2048 320 2098 Non
331 2060 385 2113 ergo
396 2047 480 2099 directo
489 2048 636 2112 presumptio
651 2047 773 2117 opponitur
787 2046 935 2111 magnanimi·
952 2048 953 2117 t

140 2118 191 2169 tati.
952 2120 953 2163 l

174 2197 196 2241 a.
219 2192 349 2255 Praeterea,
367 2190 526 2256 magnanimus
546 2190 657 2242 ertonma
677 2188 737 2241 hona
758 2192 851 2254 reputat
876 2166 953 2254 quasil

141 2278 219 2329 parra.
241 2262 286 2314 Sat
306 2262 430 2313 secundum
448 2262 612 2327 Philosophum
634 2262 658 2313 in
675 2262 713 2312 IV.
726 2260 812 2311 Ethr'c.
830 2276 836 2311 :
853 2263 936 2312 «Pra-

142 2335 271 2401 sumptuosi
293 2338 385 2401 pmpter
404 2335 538 2385 exteriorem
555 2334 668 2385 fortunam
687 2334 744 2383 fiunt
759 2334 904 2398 despecturos
916 2334 936 2381 et

140 2407 286 2471 injuriatores
297 2407 401 2470 aliorum,
412 2423 425 2453 r
436 2406 501 2470 quasi
512 2420 618 2471 magnum
631 2406 714 2469 aliquid
725 2404 865 2455 aestimantes
878 2408 935 2455 erte-

141 2478 200 2528 riona
209 2480 276 2530 hona.
288 2478 346 2542 Ergo
356 2478 503 2542 praesumptio
514 2490 560 2527 non
574 2477 695 2542 opponitur
708 2476 892 2539 magnanimitati
900 2486 935 2541 per
952 2492 953 2533 l

141 2561 275 2613 excessum,
292 2550 331 2600 sed
346 2548 418 2600 solum
433 2563 475 2614 per
488 2548 610 2599 delectum.
952 2540 953 2561 ¹

144 2656 214 2765 muz
225 2660 306 2767 offis
318 2660 390 2706 etiam
403 2659 479 2719 infra,
494 2672 534 2715 qu.
548 2657 604 2719 133,
619 2664 664 2705 art.
685 2657 712 2720 13
727 2664 751 2705 at
764 2669 806 2715 qs.
826 2660 856 2709 da
868 2657 935 2714 malo,

176 2752 212 2853 (t)
221 2754 341 2840 ’Nimirum
353 2806 394 2854 qu.
407 2792 450 2853 rt,
465 2798 510 2840 art.
522 2791 549 2850 2,
565 2792 606 2837 uhi
618 2792 833 2851 spartosoiusmorli
846 2789 933 2851 peoosri
952 2754 953 2805 3

143 2865 172 2897 ex
185 2853 291 2909 professo
310 2856 431 2913 assignotae
450 2860 519 2908 sunm
536 2858 560 2899 st
580 2866 620 2913 pu.
639 2853 684 2915 21,
700 2854 743 2903 art.
763 2855 793 2917 ἢ,
806 2855 849 2907 rabi
870 2866 898 2901 ex
911 2864 935 2901 ao

144 2917 267 2972 probatum
280 2920 316 2963 ost
328 2917 391 2974 quod
403 2917 551 2977 prosnmptio
565 2918 596 2964 stt
607 2922 736 2976 pronatum.
