1934 3284
368 172 398 209 m
414 173 553 211 mimn-
813 171 860 217 ⁰65

90 249 123 300 Ari
144 248 237 298 tertium
249 248 385 309 dicendum,
401 249 460 312 qnbd
470 251 530 299 siout
543 249 582 300 illa
591 252 630 315 gui
645 251 778 317 inebriatur,
790 261 861 306 exuu'-

56 324 121 372 satur
134 320 148 371 a
162 326 257 384 pensato
269 320 290 370 si
300 322 387 384 ignoret
400 322 555 372 tortitudinem
567 324 627 384 vini,
642 324 674 373 ila
686 323 757 376 etiam
770 327 808 378 ille
819 327 858 392 gui

54 393 140 442 inuitat
156 392 255 455 aliquem
269 392 296 440 ad
310 391 445 452 bibendum,
458 394 602 443 excusatori
615 399 723 458 peronio,
737 397 757 447 si
768 397 860 462 ignoret
894 403 897 414 ’

55 464 126 515 talem
142 475 199 514 esse
215 463 367 516 munitionen
380 463 491 525 bibentis,
505 468 532 514 ut
544 479 574 514 ux
593 467 637 516 boo
650 470 705 529 notu
724 468 858 521 inebrietur.

54 536 100 586 Sed
122 534 143 585 si
161 532 289 598 ignorantia
302 535 377 598 lesit,
392 539 473 586 neuter
486 536 500 586 b
511 541 604 600 pecuum
621 542 748 590 excusatur.
793 548 795 556 ·

88 608 124 658 ltu
134 610 237 670 quartum
251 606 388 670 diceneum,
399 605 460 672 qubd
470 608 554 672 aliquis
566 610 674 660 oomeutio
686 611 812 674 peccatoris
826 616 863 663 est

55 677 238 740 intermittenda,
246 690 275 728 ne
283 678 386 728 tatinus
396 679 614 744 deterior‚ntsuprl
623 681 709 731 dietum
718 684 859 749 salgues,

54 754 99 802 art.
118 749 161 813 6).
177 749 240 800 Unde
263 749 404 812 Augustinus
416 750 476 800 velicit
497 751 521 801 in
545 752 647 816 Epistola
668 753 705 802 od
724 755 860 807 Aurelium

54 822 214 894 Epimupum
231 820 334 883 <scilieet
351 824 381 870 bt
390 821 411 884 ),
425 822 452 871 lle
465 822 667 874 metationibus
678 829 702 874 et
712 825 859 878 ebrietatibus

54 895 154 958 loquens
166 908 172 943 :
183 893 256 942 «lton
266 891 355 956 aspere,
369 896 479 952 quantum
488 893 604 955 existimo,
618 907 665 946 nou
674 894 744 958 bure,
754 909 801 946 non
815 898 860 948 irn-

54 961 167 1030 periost,
181 963 226 1014 isla
242 963 365 1026 tollunturg
383 964 423 1014 sed
441 964 634 1028 magis-desento
655 965 723 1029 qutun
743 967 859 1034 jubendo,

55 1035 132 1100 magis
145 1034 259 1086 mouendo
273 1033 340 1097 quam
354 1034 471 1086 minando.
482 1036 521 1086 Sio
538 1034 600 1086 euim
619 1037 732 1100 agendum
755 1043 792 1088 est
808 1053 861 1092 ourn

55 1106 203 1158 multitudiue
216 1105 499 1170 numerumnunerum
509 1109 764 1160 nutemmernonrlaest
772 1109 860 1176 innes-

56 1183 109 1232 cau
123 1189 255 1244 pensorum.
270 1193 286 1226 ι
541 1187 545 1193 ’

356 1285 518 1338 numenius
532 1285 562 1337 ll.
602 1357 606 1363 ν
631 1334 634 1338 .

215 1409 300 1456 Utrum
309 1410 409 1480 ebrietas
418 1411 450 1456 sil
462 1413 585 1468 peceatum
598 1413 707 1458 mortale.

87 1543 124 1594 bd
139 1542 264 1594 mundum
278 1541 312 1592 siu
323 1541 452 1611 proselitus
460 1542 506 1608 (ll.
519 1543 613 1594 villelm
625 1544 687 1607 quod
700 1544 800 1596 ebrietas
815 1557 862 1596 non

57 1616 88 1667 sil
101 1615 225 1681 peecatum
241 1613 343 1664 mortale.
358 1613 499 1677 brigantinus
509 1615 572 1666 euim
583 1615 611 1665 iu
620 1617 739 1667 Sermone
752 1618 785 1667 de
797 1619 862 1667 Pur·-

56 1687 162 1754 gotorto
179 1685 247 1748 aliut,
262 1701 277 1733 e
291 1685 423 1737 ebrietatem
434 1699 486 1738 esse
496 1692 614 1752 peecatum
627 1690 736 1749 momale,
754 1690 774 1740 si
783 1690 814 1741 sit
826 1703 862 1741 us·

57 1760 135 1812 sidua
156 1773 171 1804 n
192 1758 235 1808 Sed
256 1757 375 1808 assiduitas
394 1757 504 1822 importat
523 1760 716 1810 circumstantiam
738 1775 790 1825 quo
816 1774 861 1812 nou

56 1830 130 1880 trabit
142 1829 166 1878 iu
180 1828 246 1878 aliam
260 1828 359 1892 speciem
370 1829 470 1892 pemati3
484 1834 509 1880 et
519 1830 553 1880 sio
563 1843 609 1881 uon
620 1835 695 1894 polest
706 1833 731 1882 in
745 1833 862 1883 inlinitum

57 1913 199 1966 aggravare,
216 1905 243 1950 ut
252 1901 281 1950 ale
292 1900 376 1950 veniali
389 1901 459 1951 laniat
471 1902 582 1964 mortale,
599 1903 661 1953 siout
671 1915 699 1954 ea
714 1917 781 1968 snpra
796 1904 863 1955 dictis

57 1978 123 2038 patet
138 1974 180 2036 (1,
196 1977 225 2032 Ξ,
239 1985 279 2035 gu.
292 1977 336 2034 88,
348 1976 389 2024 art.
406 1973 447 2037 l).
464 1975 523 2036 llrgo
544 1973 565 2022 si
580 1974 638 2025 alias
657 1975 756 2026 ebrietas
768 1988 815 2025 noa
827 1980 863 2027 est

59 2049 184 2112 gemtum
193 2045 291 2096 mortale
296 2081 305 2108 ‚
316 2057 359 2095 neo
368 2044 436 2096 etiam
447 2046 493 2096 boo
503 2046 622 2096 moluerit
629 2052 747 2111 omentum
758 2047 861 2099 mortale.

89 2124 116 2170 ἢ.
132 2119 254 2178 Fretum,
264 2115 405 2179 Augustinus
417 2117 474 2167 uiuit
482 2116 508 2166 iu
519 2116 600 2167 eodem
610 2129 715 2170 sermone
727 2134 734 2167 :
747 2119 864 2177 «Quoties

62 2190 147 2254 aborris
165 2188 189 2238 in
208 2188 259 2239 cibo
277 2192 316 2238 aut
331 2194 386 2254 potu
403 2189 455 2253 plus
475 2188 557 2256 aoeipit
573 2188 643 2253 quim
660 2201 753 2241 neeesse
770 2195 822 2252 est,
834 2193 864 2242 ad

60 2263 152 2312 minuta
164 2265 258 2325 paruula
272 2260 359 2311 noverit
370 2259 494 2326 pertimre.
505 2277 520 2310 n
531 2263 627 2312 Peooata
636 2265 712 2312 autem
726 2263 814 2312 minuta
828 2263 863 2312 di·

59 2339 145 2384 suntur
161 2333 278 2382 venialia.
296 2335 356 2396 llrgo
373 2333 471 2384 ebrietas
484 2345 537 2397 oum
551 2336 657 2385 munstur
674 2346 704 2384 ex
724 2335 863 2385 mmorlerato

60 2409 132 2470 potu,
144 2407 180 2454 est
191 2407 310 2468 peceatum
323 2405 420 2458 neumis.

93 2481 117 2526 a.
141 2476 267 2536 Proteum,
286 2491 300 2522 u
315 2477 400 2531 nullum
424 2482 543 2542 peecatum
566 2477 659 2527 mortale
678 2480 714 2528 ost
734 2476 863 2528 iaciendum

60 2552 154 2612 proptor
171 2547 314 2598 medicinam.
331 2565 345 2595 n
360 2549 404 2598 Sed
420 2549 491 2613 aliqui
508 2547 620 2613 superflue
639 2548 721 2600 bibunt
736 2547 862 2600 sensualium

98 2721 127 2780 (i)
143 2725 175 2768 ile
188 2723 302 2768 bisetium
320 2722 347 2776 i,
360 2723 388 2782 2,
404 2733 443 2777 qu.
458 2721 496 2778 88,
510 2729 555 2767 nrt.
570 2721 594 2783 5,
608 2723 637 2768 ad
654 2723 683 2777 13
698 2729 721 2768 et
733 2726 767 2779 ll,
783 2723 861 2773 Seni..

61 2786 167 2841 disum,
181 2797 222 2842 qn.
236 2788 260 2842 Ἃ,
275 2786 352 2842 nrub,
366 2786 517 2841 incoloret
530 2789 612 2843 qut,
630 2788 659 2833 de
677 2788 755 2844 malo,
771 2793 815 2832 art.
831 2787 861 2844 8,

59 2847 217 2972 ῗέαθςὸῑιῶἱί.
227 2849 307 2956 glum„
320 2850 387 2910 xiil,
398 2849 453 2894 leot.
464 2847 492 2907 3,
503 2850 550 2895 ool.
560 2847 587 2904 ὃς
597 2855 620 2896 nt
632 2851 657 2896 in
667 2853 688 2899 l.
703 2850 736 2896 oet
749 2849 854 2909 com,
