1934 3284
133 190 181 240 Μ
227 197 337 240 m
349 197 480 249 W,
495 196 586 244 Μ·
600 195 708 247 flmm,
724 197 782 238 Ιπ-
799 199 837 238 itt.

160 277 207 329 ssd
219 279 297 327 canui
306 278 355 339 est,
372 275 433 340 cuod
444 287 514 339 snper
529 275 585 326 illud
598 273 796 335 mummi
811 291 819 327 ι
835 273 921 328 sitim

130 347 201 400 tutori
217 345 361 410 miscebitur,
373 350 398 398 et
412 349 515 397 extrema
535 344 611 409 predii
624 345 699 395 luctum
713 351 816 412 occupat
822 385 833 412 ,
846 365 860 395 s
873 347 917 397 dicit

129 419 219 479 etun,
236 434 251 465 e
269 419 346 470 luctus
360 422 493 483 perpetues.
511 433 526 464 a
540 417 583 468 Sed
605 417 631 468 in
652 418 820 481 superfluitate
834 420 879 470 ludi
893 421 923 466 est

128 489 272 542 inordinatas
280 489 340 542 usus
352 494 377 541 st
387 489 540 540 inordinatum
554 488 669 551 gaudium.
684 489 744 552 Ergo
755 494 796 541 est
808 490 843 542 ihi
854 502 921 556 perce

127 566 177 614 lcum
191 563 304 625 msam,
320 561 359 613 cni
374 562 418 612 soli
431 561 527 612 debetur
540 560 614 610 luctus
631 564 771 626 perpetuus.

160 635 321 700 (thucnnsro.
333 659 364 673 -
375 633 434 684 cim
455 631 541 684 tudima
555 635 579 683 et
593 632 673 696 jocosa
690 633 877 686 laudabiliterst
894 643 922 682 se

128 705 227 758 cundum
243 707 354 758 rationem
368 704 436 769 dirigi
444 707 546 768 oncant,
560 717 638 757 eorum
649 717 761 756 creemus
779 720 874 771 semper
884 717 925 767 pet·

128 783 201 831 utun
218 783 269 831 est:
280 778 393 830 interdum
406 777 504 840 minata,
515 779 609 840 propter
617 776 720 840 speciem
735 778 852 839 actionis,
866 776 923 828 etin·

128 853 216 904 ludum
231 851 339 912 secute,
349 853 441 915 propter
450 849 533 900 detitm
549 847 726 900 circumstantia
737 851 887 914 delectum.)

158 923 295 988 Reqiosiw
305 921 439 983 dicendum,
452 919 514 984 quod
524 919 549 970 in
565 918 628 971 amni
646 933 674 971 eo
686 921 750 984 cuod
771 927 813 973 est
824 924 924 988 dirigitis

19 1054 20 1057 Ἴ
128 995 251 1048 mudum
260 994 381 1058 rationem,
390 993 552 1058 superfluum
562 991 645 1042 dicitnr
653 992 714 1055 qnod
724 994 835 1056 regulam
845 997 925 1047 scions

127 1069 234 1128 ucsdil,
248 1067 409 1116 diminutum
429 1069 505 1115 uuum
523 1062 604 1114 dicitur
619 1063 705 1127 aliquid
724 1066 860 1118 secundum
877 1067 924 1131 puto

128 1138 228 1191 deliciti
241 1137 318 1202 reputa
332 1136 434 1187 muccis
445 1135 534 1186 ilicium
551 1137 586 1186 ert
604 1137 682 1185 auteur
700 1134 762 1198 quod
779 1137 873 1191 ludicri
887 1141 924 1189 sire

125 1213 204 1274 jocosa
215 1210 284 1260 rcrtra
294 1209 333 1259 ssi
347 1209 405 1258 intr
417 1211 472 1257 mut
488 1207 610 1270 dirigibilir
620 1206 747 1258 secuudum
766 1210 892 1263 udonem.
904 1211 925 1259 tt

127 1281 178 1332 ideo
190 1281 352 1345 superfluum
363 1279 387 1329 in
401 1279 454 1329 ludo
467 1277 586 1341 accipitur,
596 1279 655 1341 quod
669 1280 762 1330 excedit
778 1283 887 1346 caulam
898 1296 926 1332 ru·

126 1353 203 1404 lionic
217 1352 281 1411 Quod
291 1351 383 1415 qudem
395 1353 471 1415 potest
486 1362 535 1400 asse
550 1348 678 1414 dupliciter.
693 1351 745 1401 Uno
758 1354 832 1404 modo
844 1367 875 1406 ex
888 1355 929 1419 ipsc

127 1423 203 1488 specie
214 1422 328 1473 actionum
339 1436 391 1486 que
400 1423 547 1472 assumuntur
559 1420 582 1470 in
596 1421 690 1485 ludum3
706 1423 769 1485 quod
786 1426 885 1489 quidem
898 1429 929 1490 jo-

126 1495 194 1545 cundi
207 1507 280 1558 genus
293 1492 415 1545 senmddnr
428 1491 527 1542 nutum
540 1492 623 1542 dicitur
633 1504 685 1544 esso
698 1492 857 1559 «illiberale,
870 1503 929 1562 petu-

125 1568 188 1624 lans.
204 1565 356 1630 flagitiosum,
369 1565 513 1624 olrscoenum,
530 1580 544 1611 o
558 1564 649 1628 qnando
660 1564 751 1616 scilicet
764 1567 842 1620 utitur
856 1569 929 1633 alniis

125 1638 195 1690 taust
210 1636 257 1687 ludi
270 1636 375 1701 turpibus
390 1635 466 1687 verbis
478 1637 516 1687 vel
533 1633 613 1699 factis,
625 1635 662 1686 rel
677 1635 747 1687 eliam
762 1637 804 1689 tris
818 1655 873 1705 qnae
886 1655 929 1691 ucr-

125 1713 182 1774 gnnt
196 1709 221 1760 in
234 1707 332 1774 proximi
346 1712 520 1770 nocumentum,
530 1721 581 1772 qne
593 1709 620 1758 de
631 1719 657 1759 se
667 1712 722 1758 sunt
736 1716 841 1774 peccata
852 1717 929 1764 mortr-

125 1779 173 1832 liu:
192 1784 216 1832 et
231 1779 266 1831 sic
277 1783 339 1845 patet
349 1779 408 1845 codd
422 1791 530 1830 excessus
543 1781 567 1831 in
578 1779 630 1830 ludo
640 1781 675 1830 est
688 1785 814 1845 peccatum
830 1787 929 1837 mortale.

125 1853 176 1905 ilio
193 1857 269 1904 antem
282 1852 350 1902 modo
362 1853 439 1918 potest
453 1864 504 1902 csse
519 1863 626 1902 excessus
641 1851 731 1903 inludo
746 1857 882 1908 secuudum
896 1859 928 1907 ds-

125 1925 209 1976 tectnm
223 1923 348 1976 debitarum
362 1921 595 1985 circumstantiarum,
610 1919 665 1988 puli
682 1921 734 1972 cium
750 1923 829 1988 aliqui
843 1931 928 1978 utuntur

125 1998 180 2049 ludo
199 1997 235 2049 sel
248 1995 388 2060 temporibus
401 1993 439 2045 vel
450 1993 475 2044 iu
493 1993 550 2045 locis
564 1993 670 2045 indebitis
680 2032 687 2056 ,
698 1999 738 2045 aut
759 1995 836 2048 stiam
854 2005 928 2066 prater

125 2067 306 2120 convenientiam
319 2065 406 2130 negotii
417 2065 670 2130 cooperimentum
682 2065 778 2128 quidem
790 2073 928 2134 quandoque

125 2143 263 2206 potestesse
278 2141 398 2204 peccatum
413 2137 520 2202 mortale,
537 2141 630 2204 propter
644 2137 820 2190 vehementiam
837 2141 928 2193 affectu

125 2211 153 2262 td
167 2211 255 2271 ludum,
266 2209 333 2274 cujus
345 2209 521 2261 delectationem
534 2209 646 2275 praeponit
654 2208 737 2273 aliquis
749 2209 875 2264 dilectioni
886 2213 928 2264 [tsi

125 2283 158 2334 ita
176 2281 236 2346 quod
255 2285 333 2332 contra
347 2286 486 2345 preceptum
499 2281 541 2331 liei
554 2282 591 2332 vel
603 2281 709 2332 Ecclesia
725 2279 814 2334 talibus
827 2285 890 2336 ludis
903 2285 929 2333 nl

125 2367 171 2404 non
190 2352 295 2417 reingiat.
317 2353 455 2416 Quandoque
471 2355 546 2402 autem
562 2355 597 2404 cst
617 2355 735 2418 peccatum
753 2353 866 2420 venialc;
881 2362 929 2421 pou
949 2373 950 2416 t

125 2425 146 2477 si
157 2425 240 2490 aliquis
251 2423 394 2477 uenientium
405 2423 505 2473 aflicitur
515 2423 542 2474 ad
553 2423 631 2474 ludum
641 2423 701 2489 quod
713 2428 810 2490 propter
821 2428 869 2479 hoc
880 2429 930 2478 velit

126 2495 210 2560 coquo
224 2499 301 2547 contra
313 2493 384 2546 deum
397 2493 547 2546 conmittere.

155 2570 188 2618 td
196 2567 293 2632 primum
306 2579 360 2632 ergo
370 2567 500 2632 dicendum,
509 2566 571 2631 oudd
580 2565 653 2633 adque
662 2569 716 2618 sunt
725 2571 825 2634 peccata
838 2553 929 2636 propter

126 2635 197 2688 solam
211 2637 371 2702 intentionem,
389 2637 443 2702 quic
462 2637 551 2689 scilicet
568 2639 591 2688 in
609 2637 716 2704 injuriam
735 2638 838 2705 alicujus
857 2643 926 2703 dnnt;

125 2719 193 2770 quam
208 2709 298 2771 quidem
316 2707 464 2759 intentionem
482 2709 583 2760 excludit
595 2711 674 2772 ludus,
693 2709 761 2775 cujus
779 2710 884 2764 intentio
901 2714 926 2762 nl

125 2775 297 2829 delectationem
312 2777 391 2844 iertur,
403 2793 449 2830 uon
463 2781 492 2830 ad
507 2780 614 2846 injuriam
630 2779 746 2846 alicujus:
766 2783 830 2836 etin
846 2784 927 2836 talibus

124 2844 191 2895 ludus
206 2853 299 2899 excusut
312 2850 326 2900 d
337 2855 442 2914 peccato,
451 2853 613 2916 retpsccalnnr
622 2851 736 2905 diminuit.
750 2855 925 2916 Quaedamrenl

124 2918 179 2964 illiti
188 2928 239 2978 lice
248 2921 377 2972 munitm
386 2934 452 2974 snum
461 2924 566 2989 speciem
577 2929 744 2992 nutpcccutu,
755 2927 822 2979 simut
831 2927 924 2981 tumid-
