1934 3284
373 193 405 230 nn
420 193 544 234 nummo.
809 187 857 237 aad

52 273 98 338 ipse
111 273 176 338 jme‚
191 269 234 322 sed
248 268 324 321 colim
336 282 377 334 per
390 269 528 322 sententiam
542 269 684 323 emmunim
694 271 765 324 mium
778 277 858 326 contra

54 359 103 396 eum
115 343 140 394 iu
149 341 315 404 accusatione,
330 340 389 404 qudd
400 345 494 405 propter
507 343 550 392 hoc
563 355 609 392 non
625 346 704 406 peccet
720 344 856 396 mortaliter.

53 418 103 468 ideo
120 419 201 466 autem
219 412 297 476 magis
318 416 434 476 reputatur
454 412 546 464 infamis
561 414 612 479 ipeo
628 416 694 478 jure,
713 415 752 479 qui
773 416 858 481 frangit

51 489 207 552 juramentum
217 483 390 549 promissorium
400 484 531 535 solemniter
541 484 639 549 dacium,
654 486 707 550 quia
719 485 744 535 in
753 487 804 551 ejus
813 501 857 552 po·

54 563 132 610 memte
143 559 258 618 remanet,
273 559 395 618 postquem
402 555 503 620 jurarit,
515 557 541 604 ut
553 556 593 609 dei
605 569 647 608 suo
656 557 785 620 juramento
794 558 856 610 ueri·

54 635 135 696 tatem,
150 629 215 694 quod
229 640 277 680 non
291 622 405 692 contingit
418 628 443 680 iu
456 627 587 691 juramento
601 628 733 682 macrone.

349 807 511 860 numeneus
525 808 564 859 IV.
578 851 580 854 ,

68 936 155 982 Uenere
161 936 244 992 peccet
252 931 295 978 idle
304 933 346 989 qui
355 932 635 990 irrjunqe'tjurameotom
644 933 666 978 ei
674 933 717 990 qui
725 934 844 990 perjurat.

84 1063 117 1113 Ad
128 1063 237 1126 quartum
248 1060 282 1112 sic
289 1059 426 1124 proceditur.
440 1059 535 1110 Videtur
546 1058 607 1123 qudd
620 1059 660 1110 ilde
669 1063 756 1124 peccet,
772 1059 812 1122 qui
818 1058 858 1110 in-

52 1133 128 1198 jungit
140 1133 300 1197 juramentum
316 1130 343 1181 ei
351 1131 391 1194 qui
403 1130 513 1195 perjurat.
527 1133 572 1181 Aut
585 1130 648 1181 enim
661 1130 705 1181 scii
719 1143 771 1180 eum
781 1145 860 1182 rernm

54 1205 144 1266 jurare,
156 1206 199 1254 aut
213 1203 296 1252 falsum
314 1217 321 1252 :
340 1201 360 1252 ei
375 1202 419 1252 ecit
432 1215 484 1252 eum
500 1215 579 1253 rerum
590 1202 680 1265 iurare,
695 1215 737 1265 pro
750 1201 821 1252 uiuido
837 1203 860 1254 ei

7 1271 8 1302 ³
54 1275 212 1339 juramentum
221 1273 336 1338 iujungii3
347 1273 367 1324 si
378 1275 453 1324 audem
460 1273 531 1324 credit
538 1286 592 1324 eum
600 1272 684 1323 falsum
692 1273 777 1337 jmare‚
788 1287 860 1337 qnan-

55 1351 102 1398 tum
111 1351 149 1400 est
158 1347 188 1398 dc
204 1357 244 1408 eo,
258 1342 345 1394 inducit
355 1357 407 1394 eum
418 1345 446 1394 ad
463 1344 612 1408 percendum.
626 1345 685 1406 Ergo
696 1343 784 1395 ridetur
798 1343 859 1409 quod

56 1420 115 1470 nulio
131 1417 202 1468 modo
216 1415 359 1478 dematque
373 1413 440 1466 alicui
451 1414 607 1478 juramentum
620 1414 749 1479 injungere.

85 1495 108 1540 Ξ.
124 1491 255 1549 Praeterea,
276 1485 351 1536 minus
371 1489 406 1536 est
429 1486 531 1549 accipere
551 1485 705 1550 jnramentum
720 1487 749 1536 ab
767 1486 859 1552 aliquo,

60 1561 122 1626 quim
138 1561 299 1626 juramentum
311 1557 430 1622 iniungere
446 1557 522 1608 alicui.
534 1557 579 1609 Sed
594 1559 694 1622 recipere
705 1559 861 1622 juramentum

56 1633 83 1683 ad
99 1631 181 1696 aliquo
194 1643 242 1680 nou
258 1630 348 1681 videtur
361 1643 412 1680 esse
424 1628 526 1693 licitum,
540 1633 564 1680 ei
576 1628 724 1694 pracipudei
743 1630 860 1694 perjuret,

56 1705 107 1769 qnia
122 1704 148 1754 in
171 1704 219 1752 hoc
238 1700 328 1751 ridetur
347 1700 472 1752 consentire
490 1704 593 1764 peceato.
614 1702 674 1765 drgo
692 1702 780 1752 videtur
800 1701 862 1765 qudd

56 1777 125 1828 muled
142 1771 224 1826 minis
236 1770 304 1824 decad
320 1772 412 1835 exigere
421 1773 576 1836 iuramentum
590 1774 656 1824 abeo
665 1774 706 1838 qni
717 1775 828 1838 perjurat.

85 1853 107 1897 3.
123 1848 255 1906 Praeterea,
270 1842 351 1894 dicitur
364 1844 450 1900 decit..
470 1843 489 1890 V
506 1859 512 1892 ι
530 1860 543 1890 «
553 1843 578 1893 si
591 1845 721 1909 peccauerit
734 1845 825 1907 anima,
839 1848 864 1896 et

55 1917 153 1970 audierit
165 1927 248 1966 vocem
260 1913 359 1979 jurantis
373 1913 469 1977 iusum,
484 1915 593 1979 testisque
606 1914 675 1966 fuerit
689 1915 798 1979 quddant
812 1915 863 1980 ipse

54 1991 128 2053 vidit,
139 1991 183 2038 aui
195 1985 304 2037 conscius
318 1987 367 2049 asd;
383 1985 429 2036 uisi
444 1985 590 2049 indicaverit,
603 1987 702 2050 portabit
720 1987 863 2051 iniquitatem

54 2075 132 2126 suam3
146 2075 162 2107 o
175 2071 206 2110 ex
215 2070 261 2121 quo
273 2056 362 2107 viderur
374 2055 434 2120 qadd
447 2057 529 2121 aliquis
537 2057 614 2108 sciens
625 2058 723 2120 aliquem
732 2057 810 2121 jurare
821 2058 864 2108 ial-

53 2148 116 2196 eum,
132 2133 244 2182 taceatur
264 2139 379 2180 aceuwe.
395 2129 447 2180 Non
466 2129 536 2192 igitur
549 2128 601 2179 dicet
614 2128 643 2178 ab
653 2141 680 2180 eo
693 2128 784 2192 exigere
799 2130 863 2192 jura-

56 2209 171 2256 mentum.

85 2276 130 2328 Sed
148 2273 248 2324 conire:
264 2270 322 2322 siem
340 2272 419 2334 peceat
434 2269 471 2320 ille
484 2268 526 2334 qui
539 2270 622 2320 falsum
633 2269 710 2334 jurat,
722 2269 755 2320 ita
768 2268 807 2320 ille
824 2270 865 2334 qui

7 2395 8 2406 ,
54 2347 178 2412 perfalsus
189 2343 246 2394 deos
253 2344 325 2407 jurad.
336 2342 381 2392 Sed
391 2342 447 2392 iicet
454 2341 488 2392 udi
495 2341 625 2406 juramento
633 2340 684 2404 ejus
692 2341 734 2405 qui
740 2355 783 2406 per
791 2342 862 2394 talsoe

7 2431 8 2440 ¹
55 2419 199 2484 desociaret,
212 2417 237 2464 ut
250 2412 499 2478 Augusemusdiedad
510 2412 665 2462 Publicolam
675 2412 758 2477 (Epist.
774 2413 863 2478 CLIV).
939 2456 941 2461 .

56 2491 114 2556 Ergo
128 2489 186 2540 licei
194 2485 453 2551 jurameninm'exigere
467 2487 532 2536 abeo
545 2485 584 2548 qui
593 2484 676 2535 ramum
687 2485 759 2549 jurad,

87 2565 256 2624 (carausio.
266 2583 297 2594 -
310 2557 334 2608 Si
350 2557 401 2620 quis
416 2559 441 2607 ud
452 2556 557 2620 priuatus
575 2553 652 2619 exigat
663 2558 817 2617 iuramentum
834 2556 863 2606 ab

57 2635 143 2698 dique,
154 2629 455 2696 quemueseiatjmarurum
462 2629 553 2691 famum,
564 2631 704 2690 nonpeocat,
712 2641 777 2679 secus
787 2631 863 2678 andem

56 2706 75 2754 ei
89 2705 162 2756 sciret
171 2717 178 2765 3
187 2713 289 2766 persona
298 2699 352 2752 vero
366 2699 456 2763 publiea
467 2698 562 2763 exigens
573 2698 729 2762 juramentum
739 2697 864 2749 secundum

56 2776 160 2828 ordinem
172 2771 232 2837 jnris
242 2772 272 2822 ad
281 2771 375 2824 alteriue
387 2770 495 2822 uidelicet
506 2769 641 2835 petitionem
652 2770 865 2833 quomodocumque

7 2879 8 2882 =
58 2847 116 2897 sciat
127 2843 232 2911 jmanus
245 2841 430 2908 dispositionem,
441 2841 508 2906 culpa
516 2838 603 2903 uacat.)

89 2915 229 2984 Respondeo
241 2913 380 2978 dicendum,
391 2912 453 2978 qudd
468 2913 528 2964 circa
538 2911 640 2976 cumqui
652 2909 723 2974 exigit
736 2910 764 2961 ab
772 2906 816 2960 aiio
826 2906 866 2971 jn-
