1934 3284
297 223 300 232 .
359 195 514 239 nu‘rrsnlrs.
792 187 839 239 aad

37 273 476 342 leuQutpatelpeslnguatinuruinl
486 276 838 343 Dodoclr.ctrist.(cap.3o).

36 351 88 414 drgo
100 351 181 415 pietas
195 360 244 400 uun
260 359 286 398 sc
299 349 403 399 cuundlt
420 349 568 402 determinate
580 352 609 401 ad
621 349 710 415 aliquas
728 349 840 416 speciales

5 465 6 472 ,
36 435 152 484 personas.

60 499 82 544 3.
99 495 235 553 Proteos,
248 491 391 543 multarunt
406 492 456 544 alie
474 493 499 543 iu
512 494 619 545 humanis
631 495 699 546 rebus
712 507 839 546 munusu-

37 565 158 617 uicatioues
172 565 257 628 prater
272 563 492 628 consanguineorum
505 569 529 616 ot
542 566 672 616 concivium
689 565 839 617 conmunica-

37 637 131 706 tionem,
143 637 172 685 ut
188 636 258 698 patet
280 647 322 698 per
338 634 502 700 Philosophum
520 635 545 686 in
558 635 609 686 Vlll
623 637 717 697 litote,
733 639 757 688 et
773 651 841 702 super

37 708 158 772 quamlibet
171 718 251 757 earum
271 705 346 770 amun
366 707 466 758 antiatis
483 707 604 772 tundatur,
619 721 670 772 qua
685 707 839 758 videturesse

38 779 125 842 pietatis
138 778 226 840 dous,
241 779 268 827 ut
281 777 336 828 dicit
348 779 442 840 Glossa,
458 778 495 828 od
510 780 584 837 Tiro„
600 791 670 843 super
681 778 753 829 illud:
771 780 839 829 alla-

37 851 111 903 lrentes
130 849 228 914 quidem
246 849 347 912 speciem
360 849 461 916 pietatis.
478 866 492 898 o
513 850 573 914 Ergo
589 863 636 901 uon
653 849 728 901 solium
740 851 767 901 ad
785 864 840 902 cou-

38 922 174 986 sanguiueos
188 924 214 971 ct
226 919 333 971 concives
346 920 419 986 pietas
432 934 457 971 se
466 921 577 976 extendit.

63 995 108 1045 Sed
120 996 203 1044 contra
220 994 271 1054 est,
286 992 346 1054 quod
357 991 444 1042 Tutilius
458 991 513 1043 dicit
526 993 550 1042 iu
567 1007 609 1044 sua
620 993 767 1052 Rhetorica,
778 993 839 1055 qudd

40 1083 50 1112 u
62 1065 136 1129 pietas
151 1067 189 1114 cst
204 1076 247 1128 per
265 1075 335 1125 quam
353 1065 463 1126 unguine
479 1065 567 1129 junctis
578 1065 705 1129 patriaque
721 1063 839 1115 benevolis

5 1163 6 1170 κ
37 1135 131 1187 cilicium
149 1138 175 1186 et
189 1133 287 1198 diligens
301 1134 405 1186 tribuitur
419 1136 503 1186 cultus.
515 1154 529 1184 o

66 1210 235 1270 (cesanam.
245 1233 276 1244 -
292 1207 325 1258 ld
337 1210 410 1258 certas
423 1211 446 1258 et
459 1208 621 1260 determinatas
635 1221 759 1273 personas,
774 1207 838 1260 vidc-

38 1280 86 1330 licet
98 1281 126 1330 ad
136 1281 249 1343 parantes
260 1278 441 1342 maunguineos
449 1283 473 1330 et
486 1281 514 1330 ad
525 1285 693 1342 conterraneos,
703 1279 777 1344 pietas
788 1292 838 1331 scae

38 1351 162 1412 exordio.)

64 1420 205 1486 despondeo
214 1419 352 1481 dicendum,
368 1419 426 1486 qudd
436 1423 505 1474 homo
512 1421 611 1473 elicitur
623 1421 771 1474 diversimode
784 1422 836 1474 aliis

39 1495 133 1556 debitor,
156 1489 286 1542 secundnm
308 1505 385 1542 ectum
406 1493 517 1544 diversam
534 1494 691 1546 excellentiam
709 1499 733 1544 et
751 1495 838 1546 divona

39 1565 146 1616 leuellcio
167 1563 197 1614 ab
215 1563 250 1612 cis
267 1566 380 1626 suscepta.
395 1566 421 1614 lu
443 1567 539 1628 uimque
557 1569 633 1618 autem
653 1567 839 1632 lleusssumrnuru

5 1693 6 1696 Ἴ
40 1637 224 1697 oltinctlocum3
240 1634 281 1698 qui
291 1635 586 1698 etexoelteutisslmuacst,
597 1642 620 1687 et
630 1637 738 1688 estnohis
748 1636 840 1688 essendi

39 1711 56 1758 et
71 1705 250 1772 gubernationis
267 1705 367 1771 primam
383 1705 534 1772 principium
548 1707 679 1759 secundaria
692 1707 746 1758 rerd
764 1707 838 1758 nostri

38 1792 81 1829 esce
94 1783 120 1830 el
134 1777 310 1842 gubernationis
321 1777 432 1842 principia
445 1782 499 1830 sunt
510 1783 616 1844 parentes
629 1783 652 1830 et
664 1779 747 1844 patria,
761 1779 774 1830 l
788 1778 839 1843 qui·

38 1849 74 1900 lus
84 1855 109 1901 ot
123 1850 148 1898 in
158 1863 211 1912 ,qua
228 1849 277 1898 nati
291 1852 315 1900 et
329 1848 409 1898 nutriti
423 1863 511 1900 sumus.
525 1851 554 1900 tlt
570 1851 637 1911 ideo,
651 1853 704 1914 post
712 1852 783 1901 ileum
799 1852 835 1900 est

38 1922 101 1973 horno
115 1917 219 1972 maxime
230 1919 461 1984 debitorparentilrus
474 1925 497 1970 ct
506 1922 597 1986 patriae,
612 1923 673 1972 unde
683 1921 741 1972 sicut
755 1923 782 1972 ad
799 1935 840 1972 re-

37 1992 144 2054 ligionem
161 1991 266 2056 pertinet
279 1991 365 2041 cultura
378 1993 423 2043 llco
437 1992 558 2056 exhihere,
573 1993 606 2044 ita
624 1992 758 2044 sccmdario
769 1994 840 2056 gradu

38 2065 62 2113 ad
72 2067 187 2129 pietatm
199 2063 300 2128 pertinet
316 2063 424 2114 exhibere
437 2063 522 2114 cultuur
535 2065 666 2129 parentibus
678 2067 703 2115 et
713 2064 799 2128 patria.
815 2065 841 2115 ln

38 2140 95 2188 cultu
112 2140 192 2186 antero
212 2138 332 2199 parentum
351 2134 473 2186 includitur
492 2135 565 2184 cultus
587 2135 688 2185 omnium
706 2135 841 2198 consangui-

38 2221 147 2270 neorum,
166 2206 223 2271 qula
238 2205 308 2257 etiam
327 2206 503 2270 coorooprrloer'
515 2217 545 2256 eu
560 2207 606 2256 lroc
617 2205 724 2256 dicuutur
739 2205 799 2268 qudd
812 2218 841 2255 ex

38 2280 122 2331 endem
132 2277 269 2344 parentinus
274 2281 440 2342 processerunt,
450 2281 476 2327 ut
485 2281 549 2341 patet
557 2291 597 2342 per
603 2277 778 2340 Philosophum,
789 2276 842 2326 Vlll

39 2352 120 2402 litote.
127 2367 136 2415 ,·
146 2350 172 2400 in
183 2349 245 2399 cultu
256 2351 332 2398 auom
344 2348 423 2413 patriar
436 2348 572 2412 intelligitur
584 2349 657 2398 cultus
672 2347 774 2399 omnium
785 2361 842 2399 con·

39 2422 122 2474 uirium
136 2425 160 2472 ct
179 2419 282 2470 omnium
300 2419 379 2484 patrae
399 2419 531 2470 amicorum.
548 2421 580 2483 Et
595 2419 648 2470 ideo
667 2419 698 2468 ad
711 2421 756 2471 lroc
770 2419 843 2484 pietas

38 2493 196 2558 principaliter
209 2505 234 2542 se
243 2490 355 2543 ostendit.

68 2563 218 2630 ltprimum
233 2571 287 2626 ergo
301 2562 434 2626 dicendum,
449 2561 509 2625 quod
522 2561 548 2612 iu
565 2561 647 2627 maini
662 2560 785 2612 includitur
800 2563 843 2612 rni-

40 2651 89 2688 nus.
104 2637 137 2688 Et
146 2636 199 2686 idco
213 2636 289 2686 cultus
302 2634 342 2698 qui
352 2635 397 2685 Deo
411 2634 518 2698 debetur,
530 2633 624 2684 includit
636 2634 661 2684 in
678 2646 703 2684 se
714 2633 790 2698 (sicut
802 2635 844 2686 ali·

40 2709 91 2771 prid
106 2706 248 2773 particulare
257 2705 357 2772 lculturu
370 2705 410 2770 qui
423 2705 517 2756 debetur
526 2706 674 2771 parentibus3
689 2704 749 2755 unde
762 2704 844 2755 dicitur

40 2779 162 2839 lluluco„
179 2779 211 2828 1:
233 2777 286 2828 «sl
299 2789 342 2840 ego
351 2781 428 2842 paler,
446 2777 486 2826 ulri
501 2780 536 2826 est
545 2778 618 2827 hono
630 2777 711 2828 meust
726 2793 740 2825 n
754 2775 843 2827 Etidco

40 2863 124 2902 nomeu
141 2849 237 2916 pietatis
250 2849 320 2901 etiarn
334 2851 361 2900 ad
377 2849 478 2900 divium
487 2847 572 2898 cultum
584 2848 690 2900 retertur.

69 2924 105 2976 tld
119 2922 247 2976 nouom
261 2920 397 2985 dicendum
413 2919 474 2985 quid
487 2919 546 2973 scut
559 2919 700 2988 lugusfinus
716 2917 770 2970 dicit
782 2916 806 2967 iu
822 2910 845 2973 X
