1934 3284
178 136 758 189 mrmrsonsmmsssscsmmm.
816 132 869 193 ,cop

67 215 196 271 modun
208 216 355 282 Dionysium,
365 232 417 283 cap.
428 219 468 269 tv.
477 219 514 269 Ds
525 220 611 271 Dicin.
622 222 694 273 Nost.
702 220 748 273 Sed
757 220 871 275 atemere

68 290 97 341 ab
107 289 216 341 omnibus
226 290 399 343 delectabilibus
411 292 499 351 menie,
513 290 611 342 maxirnd
622 295 741 356 promovet
754 292 871 345 bominem

66 360 91 411 in
105 363 167 413 bono
180 361 276 412 rationis
288 378 294 410 ε
305 361 388 417 dicitur
405 362 464 413 enirn
481 363 580 421 Daniel,
595 365 616 426 l,
633 363 693 428 qudd
708 381 722 413 c
738 365 815 429 pneris
829 366 872 429 qui

65 434 189 485 utebantur
200 432 366 497 leguminibus,
377 434 438 485 dedit
448 440 510 485 Deus
522 435 641 487 scientiam
654 439 678 485 et
687 435 830 500 disciplinam
845 436 869 489 in

67 505 133 557 omni
146 504 203 555 libro
220 509 245 556 et
265 505 413 570 sapientia.»
433 506 492 570 Ergo
512 505 674 557 insensibilitas
688 522 739 571 que
755 500 872 564 universa·

65 579 121 631 liter
133 578 224 642 repellit
236 578 368 640 huiusmodi
381 579 560 641 delectationes,
569 592 620 630 non
634 582 670 629 est
684 580 775 631 uitiosa.

101 656 125 702 e.
140 652 270 712 emona,
283 649 341 703 illud
360 663 402 714 per
419 650 480 715 qnbd
496 649 595 703 mummi
608 651 722 702 receditur
739 651 870 716 spernaco,

65 736 116 774 nou
129 721 219 773 uidetur
229 734 281 773 cese
290 721 406 776 uitiosum.
417 723 463 773 Sed
475 724 519 774 boc
532 726 567 774 est
581 722 727 787 potissimum
742 723 871 775 remedium

66 794 199 845 abstinendi
215 794 228 845 l
241 797 348 858 peccato,
360 794 422 857 qudd
434 794 517 857 abens
529 794 602 859 fugiat
614 794 776 847 delectationes
790 811 796 845 :
811 796 872 860 qnod

65 864 171 930 pertinet
188 865 218 916 ad
235 866 439 917 insensibilitatem.
460 865 521 917 llicit
539 867 601 918 eninr
626 865 780 931 Philosophus
799 866 825 917 in
841 868 871 919 11.

65 937 162 993 medic,
177 938 238 1001 uubd
252 955 267 986 n
281 937 415 1003 abjicientes
427 938 601 991 delectationem
615 934 691 990 minius
707 951 837 1003 peccamus.
855 953 871 987 s

66 1011 132 1073 Ergo
144 1009 308 1062 insensibilitas
320 1024 367 1061 non
379 1013 415 1063 eet
425 1009 511 1075 abquid
524 1011 640 1065 uitiosum.

102 1082 150 1134 sod
158 1087 252 1146 contra,
265 1082 324 1135 nibil
336 1083 458 1149 opponitur
466 1083 547 1135 uirtuti
563 1084 610 1137 uisi
625 1084 718 1137 uitium
731 1084 775 1135 Sed
791 1084 872 1135 insen·

67 1155 168 1207 sibtlitee
179 1155 260 1206 niduli
272 1156 431 1220 temperantia
444 1157 576 1220 oppositum
590 1160 617 1207 ut
632 1158 697 1221 patet
711 1169 753 1221 per
766 1155 873 1209 Philoso-

65 1230 143 1293 plrnm
160 1226 186 1277 in
200 1229 229 1278 ll.
243 1231 268 1279 et
283 1229 321 1279 111.
336 1229 420 1279 Etbtc.
436 1228 496 1292 lirae
505 1228 671 1281 insensibilitas
686 1231 722 1280 est
734 1228 824 1279 uitium.

100 1299 263 1364 (concepero.
275 1300 493 1363 -lnseneibilitas‚
508 1300 616 1365 qusquis
628 1302 685 1353 adeo
699 1300 873 1352 delectationem

66 1370 171 1435 refugit,
188 1375 216 1421 nt
229 1372 292 1423 illins
305 1371 418 1436 fugiende
431 1370 501 1423 cunei
513 1372 670 1437 pretermittit
685 1372 709 1424 id
720 1372 780 1438 quod
791 1372 821 1425 ad
833 1384 874 1423 nu-

65 1450 127 1497 ture
140 1443 338 1495 concenationem
350 1449 386 1497 est
397 1444 563 1509 noemenrium,
578 1443 658 1495 riuum
672 1444 735 1501 est-l

99 1517 239 1581 Respondes
254 1517 389 1581 dicendum,
404 1516 464 1581 subd
485 1530 554 1569 omne
570 1517 626 1569 illud
645 1518 705 1581 quod
725 1516 875 1571 contrariatur

66 1588 146 1642 ordini
170 1587 284 1652 naturali,
298 1593 334 1640 eet
351 1589 468 1642 uitiosum.
489 1590 574 1640 Natura
597 1593 674 1641 autcm
698 1589 874 1643 delectationem

65 1659 178 1727 apposuit
189 1659 358 1723 operationibus
368 1659 507 1712 necessariis
524 1660 637 1712 advitam
653 1661 762 1713 bominis.
777 1662 807 1712 llt
820 1661 874 1713 ideo

67 1731 182 1785 naturalis
193 1733 247 1783 ordo
263 1732 357 1796 requirit
368 1735 394 1783 ut
405 1734 476 1785 bomo
490 1732 515 1785 in
528 1731 618 1783 mutum
629 1732 763 1799 hujusmodi
775 1732 874 1785 delectu·

65 1805 171 1861 tionibus
183 1808 270 1868 utatur,
283 1808 393 1868 mantum
409 1805 563 1857 neceesarium
577 1808 612 1857 cst
625 1805 693 1857 saluti
704 1807 824 1869 humante3
835 1807 874 1857 vel

66 1878 179 1942 qmntum
190 1876 219 1926 ad
230 1874 426 1927 conseruationem
439 1875 562 1939 individui,
571 1876 609 1926 uel
620 1879 729 1940 mantum
742 1876 771 1925 sd
781 1888 874 1929 muser-

67 1946 190 1999 rationem
203 1946 298 2011 speciei,
315 1947 342 1998 si
359 1947 411 2011 quis
425 1960 481 2013 erpo
499 1948 524 1997 in
543 1951 631 1999 tanmm
645 1947 820 1999 delectationem
837 1959 875 1997 re·

66 2021 173 2085 umens,
190 2015 252 2081 qndd
264 2018 449 2082 pretermitteret
460 2032 489 2069 m
498 2032 549 2083 pue
565 2022 619 2069 sunt
632 2017 759 2069 nmessaria
770 2016 799 2068 ad
816 2029 872 2069 cou-

67 2089 225 2143 serrutionem
238 2094 335 2152 nature,
342 2094 446 2156 peccaret
458 2091 524 2155 qnasi
532 2090 607 2143 nrdiui
614 2090 712 2141 naturali
723 2102 873 2154 repugnans:

68 2166 95 2215 et
110 2162 156 2213 lroc
172 2161 274 2227 pertinet
290 2161 319 2213 nd
337 2161 421 2213 uitium
441 2161 633 2213 insensibilitatis.
657 2160 778 2211 Sciendum
798 2163 874 2211 umen

68 2232 133 2299 qubd
145 2234 174 2283 ab
184 2232 314 2297 hujusmodi
330 2232 519 2284 delectationibus
533 2232 724 2297 consequentibus
740 2230 875 2295 hujusmodi

67 2302 217 2370 operationes
234 2305 370 2369 quandoque
387 2303 501 2355 laudabile
519 2302 556 2355 rel
577 2303 646 2354 ctiam
668 2301 819 2354 necesarium
839 2305 875 2353 est

69 2375 195 2438 abstinere,
209 2380 301 2441 propter
310 2376 408 2440 adonem
418 2376 497 2427 tinem.
508 2376 573 2427 Sicut
587 2378 680 2443 propter
689 2374 812 2425 sanitatem
822 2387 872 2425 cor·

68 2447 174 2513 poralem
186 2445 258 2511 aliqui
272 2448 388 2499 abstinent
398 2446 412 2498 i
422 2447 555 2511 quibusdam
564 2445 751 2498 delectationibus
760 2445 873 2509 ciborum,

68 2523 185 2586 minum,
197 2522 222 2569 et
231 2532 390 2582 venereorurn3
401 2523 425 2569 et
438 2520 508 2571 etiam
522 2522 615 2584 propter
626 2518 724 2583 alicujus
733 2516 804 2568 officii
818 2530 874 2569 exe·

71 2592 205 2653 mnenon,
221 2591 281 2641 sicto
297 2592 395 2643 attens
411 2595 435 2643 et
445 2592 536 2643 *milites
555 2603 647 2641 necesse
664 2593 699 2641 est
713 2588 727 2639 d
743 2588 821 2640 multis
835 2588 876 2639 de-

69 2664 233 2717 lectationibus
249 2664 364 2717 abstinere
377 2668 404 2714 ut
416 2663 516 2715 otdcmm
534 2664 650 2729 proprium
671 2665 812 2726 exequantur
830 2676 836 2711 ε
853 2663 876 2711 et
951 2706 952 2719 p

71 2736 180 2791 similiter
190 2736 328 2799 penitentes
338 2737 367 2787 ad
381 2737 558 2800 recuperandam
570 2735 652 2787 anime
666 2735 796 2797 sanitatem,
806 2733 876 2785 absti-

70 2807 153 2859 nentid
169 2808 336 2859 delectabilium
355 2807 451 2872 quadam
467 2806 535 2858 dieta
549 2811 665 2859 utuntur:
680 2810 704 2859 ct
717 2806 821 2859 homines
834 2818 875 2855 ro-

70 2881 149 2932 lentes
161 2878 382 2945 mntemptrtionist
394 2880 463 2933 rebus
471 2878 559 2933 dirime
575 2893 667 2945 mcum,
678 2883 768 2947 opertet
777 2877 837 2944 qubd
849 2888 875 2928 se
950 2912 951 2935 r
