1934 3284
95 155 142 202 om
211 164 318 203 arcuum
334 165 463 215 munuum,
478 163 573 211 onnon.
590 164 670 214 cxvii,
688 165 743 204 nur.
760 167 777 202 r.

94 255 148 294 oero
161 241 249 292 oooultt
264 240 410 305 doolpiendo,
420 241 454 290 ita
465 239 578 305 litigiosus
594 244 671 305 potest
682 239 798 292 interdum
813 253 898 295 nonore

95 313 216 365 manifesti
233 313 395 377 impugnando.
414 313 511 363 Grauius
529 315 603 362 autom
617 317 669 373 est,
685 313 775 364 coluris
786 315 895 378 paribus,

96 383 217 436 manifesti
228 385 297 435 alicui
309 398 403 448 nocero,
418 385 484 450 quasi
497 398 538 448 per
550 383 693 448 violentiam,
709 384 777 449 quam
791 387 894 438 occulto:

95 458 156 508 undo
170 455 249 522 rapina
265 456 529 534 ostgrauiuuopemutum
543 455 610 520 quim
621 455 720 516 lurtum,
732 457 837 522 utsupra
849 459 897 509 dio·

96 533 146 580 tum
158 531 202 579 ost.

127 601 298 652 numdandum
317 597 525 668 dicundum,pudd
543 613 590 652 non
606 613 695 664 semper
711 600 735 650 in
752 599 839 651 autibus
856 603 899 652 hu·

96 673 171 724 manis
183 672 237 723 illud
253 675 289 722 est
301 670 392 734 gravina
407 671 468 734 qnod
478 676 514 722 est
527 672 617 736 turpius
626 689 633 736 3
642 672 710 722 ducor
722 671 785 722 onim
798 672 900 724 dominis
962 675 963 682 ³

95 750 132 796 eut
144 759 174 796 ex
186 746 291 796 rationo:
306 749 329 795 et
342 745 395 795 ideo
406 744 506 807 turpiora
517 748 571 794 sunt
582 749 674 808 pennata
684 744 800 806 mimalia,
814 745 900 808 quitus

95 830 148 868 noro
162 816 289 868 dominatur
300 815 397 879 rationi,
411 815 516 879 quamvis
532 821 626 880 puooata
642 815 767 880 spiritualia
785 815 833 868 aiut
846 831 899 880 gra-
962 821 963 836 ¹

96 889 175 950 viora,
190 888 243 953 quia
255 889 380 952 procudunt
389 901 419 938 ex
434 887 515 950 majori
528 890 668 951 contemptu.
683 886 792 938 similitor
802 892 900 951 pennata

96 974 148 1024 qua
156 961 214 1012 dunt
222 974 251 1011 ox
260 960 321 1021 dolo,
337 963 390 1010 sunt
401 960 514 1023 turpiora,
525 959 549 1009 iu
560 962 671 1022 quantum
683 958 790 1009 videntur
803 973 832 1009 ox
842 973 900 1023 qua·

96 1034 149 1083 mm
163 1033 294 1084 infirmitate
309 1032 447 1096 procedere,
466 1035 491 1080 et
507 1045 535 1082 ex
553 1031 649 1094 quadam
668 1029 767 1081 laluimto
785 1031 899 1097 rationiS,

96 1103 148 1156 cium
162 1110 239 1156 tamon
251 1107 342 1170 pocoata
357 1103 626 1166 mamlolapuardoquo
642 1102 688 1152 sint
702 1115 733 1152 ou
744 1104 825 1167 majori
837 1117 900 1155 oon-

95 1181 199 1242 temptu:
214 1182 237 1228 el
249 1177 300 1228 ideo
314 1176 414 1226 adulatio
421 1212 429 1238 ‚
447 1175 514 1238 quasi
532 1188 583 1225 uum
603 1175 654 1225 dolo
663 1174 787 1242 nodamus,
804 1175 899 1228 uidetur

94 1262 146 1299 eruo
158 1248 259 1312 turpior3
273 1248 314 1298 sed
325 1246 439 1310 litigium,
453 1247 519 1310 quasi
530 1259 559 1297 ox
573 1245 652 1310 majori
667 1249 799 1310 contemptu
815 1261 900 1311 prooe-

95 1321 164 1384 donu,
176 1321 268 1372 videtur
280 1331 332 1370 osso
344 1318 444 1382 grauius.

126 1391 161 1442 nd
169 1391 262 1441 tertium
273 1390 400 1450 dicundum,
409 1388 470 1452 qudd
480 1389 541 1440 siout
550 1389 636 1442 dictum
646 1392 690 1451 est,
700 1389 839 1442 uerecundia
848 1403 900 1442 ros·

94 1463 150 1528 pioit
162 1463 327 1526 turpitudinem
341 1462 445 1525 poccati3
461 1463 520 1511 unde
534 1475 581 1512 non
595 1474 685 1526 semper
701 1462 774 1525 magis
786 1475 901 1514 uoreouu-

95 1537 163 1586 datur
171 1535 238 1585 homo
247 1534 276 1583 do
286 1532 384 1597 graviori
392 1533 543 1595 poooato‚sed
557 1533 584 1583 do
596 1533 667 1597 magis
681 1533 742 1597 turpi
753 1537 847 1596 poooato
859 1549 865 1584 ε
875 1541 903 1585 ot

94 1607 149 1657 iude
163 1609 199 1656 est
212 1604 272 1670 quod
290 1602 362 1668 magis
377 1605 545 1654 verecundatur
561 1606 629 1656 homo
643 1605 671 1655 do
685 1604 816 1656 adunatione
831 1604 902 1669 quam

95 1677 223 1741 delitigo,
238 1675 342 1741 quamuis
354 1673 454 1736 litigium
467 1675 499 1726 uit
511 1677 611 1740 grauius.

345 2031 514 2103 dononio
532 2031 652 2097 oxvll·

219 2178 254 2223 Do
269 2174 434 2226 liberalitato,
447 2176 477 2221 ia
491 2185 535 2221 ooo
548 2171 667 2220 articulos
682 2173 772 2220 diplom

126 2328 212 2379 deindo
228 2326 419 2378 considerandum
433 2329 469 2376 ost
482 2323 510 2374 du
520 2323 656 2374 liberalitato
673 2326 697 2374 ot
708 2321 770 2374 vitiis
778 2323 901 2388 oppositis,
962 2323 963 2378 l

95 2400 182 2450 soilioot
192 2399 287 2448 auaritia
299 2403 323 2448 et
338 2397 506 2462 prodigalitate.
962 2463 963 2468 ἵ

126 2470 191 2522 circa
208 2469 366 2520 dbomlitatom
379 2474 456 2519 autom
472 2471 606 2532 quaruutur
624 2481 684 2519 sax:
701 2471 726 2516 l⁰
742 2466 823 2517 Utrum
836 2467 901 2518 libo·-
962 2479 963 2536 p

95 2543 173 2593 ralitas
187 2542 217 2592 oit
227 2543 308 2594 virtus.
324 2547 352 2591 2⁰
361 2543 415 2601 Qua
429 2542 460 2591 sit
477 2541 573 2592 matoria
589 2541 648 2606 eJus.
665 2545 692 2590 3⁰
706 2541 737 2590 llo
749 2542 801 2588 autu
814 2539 900 2602 lpsius.
962 2551 963 2608 }

95 2619 123 2665 ln
132 2614 211 2666 Utrum
219 2615 292 2678 magis
299 2616 327 2665 ad
336 2628 386 2665 eam
394 2614 509 2679 pertineat
518 2615 572 2664 dare
582 2613 649 2678 quam
659 2613 771 2678 arripere.
782 2616 808 2661 5⁰
818 2610 901 2662 Utrum

94 2687 219 2737 liberalitm
229 2687 260 2737 sit
277 2699 330 2751 para
345 2687 448 2751 justitio.
464 2692 491 2736 6⁰
503 2688 535 2737 lto
554 2686 723 2750 comparatione
735 2683 786 2748 ejus
799 2684 828 2735 ad
844 2683 902 2734 ullas

95 2757 204 2808 virtutus.
