1934 3284
133 178 179 227 lllb
243 186 354 227 unumne
371 188 501 240 numu,
517 188 609 235 consu.
626 186 711 239 cxxxi,
728 189 783 227 ann.
801 190 820 226 1.

132 266 208 329 adona
223 264 284 315 bona
292 265 392 317 fortunae
401 281 407 315 :
417 268 444 315 ul
452 264 513 316 euim
525 264 678 329 Philosophus
691 266 748 317 dicit
758 266 783 316 in
796 266 836 317 lv.
850 266 929 317 Etbic.

134 336 181 401 (ut
193 334 279 401 cupri)
289 351 296 386 ε
308 336 374 395 «Qui
386 336 436 387 aine
447 336 531 388 uirtute
540 336 596 387 talia
606 337 666 388 bona
674 337 770 399 liabent,
783 350 861 403 noque
873 336 928 402 jostd

132 408 220 471 magnis
228 407 315 473 seipsos
326 407 467 473 dignificant,
475 422 549 473 neque
557 408 617 461 recte
625 411 786 475 moonontmu'
791 410 907 461 dicuntur.
916 427 927 456 »

132 479 242 530 Similiter
253 480 321 531 etiam
339 479 394 530 illud
406 482 435 531 ad
447 480 509 544 qood
523 480 605 545 aliquis
618 481 692 531 tendit
705 493 774 547 snpra
791 481 857 533 uires
871 494 928 541 suas,

132 552 266 616 quandoque
276 550 368 616 quidem
381 550 507 603 secundbm
522 552 557 604 rei
572 552 692 604 ueritatem
705 556 740 603 est
754 566 866 617 magnum
880 553 930 605 sim·

132 621 235 687 plicitel3
251 624 312 673 sicut
324 626 387 687 patet
397 624 425 675 de
437 626 523 687 Petro,
538 623 577 691 qni
589 624 697 675 tendebat
710 624 737 674 ad
751 626 795 675 boc
813 624 877 689 qubd
894 639 929 689 pro

132 693 220 746 consto
231 698 357 759 pateretur,
369 695 429 759 qnod
443 700 492 746 erat
503 709 571 761 supra
583 696 691 747 vitutem
706 708 780 746 suum.
793 696 930 760 Quandoque

132 766 187 817 nord
200 780 246 818 uon
254 771 290 818 cat
301 766 387 831 ailquid
395 779 504 830 magnum
515 766 657 832 simpliciter,
670 766 710 817 sed
724 766 797 821 solum
807 767 929 818 secundin

134 838 253 889 multorum
264 836 403 903 opinionem3
417 836 477 889 sicut
492 838 599 903 pretiosio
611 838 714 889 uestibus
726 837 805 901 indui,
821 842 846 889 et
858 837 929 902 despi-

132 922 199 971 cere,
212 913 235 960 et
253 907 357 973 iniuriari
373 908 422 959 aliis
442 926 448 959 :
466 910 529 973 qood
545 909 635 975 quidem
652 908 751 974 pertinet
763 910 794 960 ad
812 922 929 961 excessum

133 980 325 1045 magnanimitatis
343 993 390 1031 uon
409 980 533 1033 secundlim
553 980 736 1044 relucentem,
752 980 793 1031 sed
810 981 931 1033 secundini

133 1052 271 1116 opinionem.
282 1052 347 1103 Unde
360 1052 447 1103 Seneca
460 1052 514 1102 dicit
524 1053 549 1103 in
562 1052 603 1104 ltbss
616 1052 653 1102 Dc
663 1054 930 1118 quotuoroirtultbus,

132 1122 217 1188 quido
230 1123 402 1187 magnanimitas
413 1124 434 1173 si
447 1136 472 1174 oc
487 1128 550 1175 extra
563 1125 655 1175 modum
665 1135 731 1175 snum
746 1125 853 1189 extollat,
867 1125 929 1176 faciet

132 1194 206 1244 vinnm
219 1194 346 1257 miltacam,
360 1194 478 1256 inlatum,
493 1194 620 1257 turbidum,
634 1194 775 1259 inquietum,
792 1199 816 1245 et
832 1196 858 1247 in
871 1210 929 1261 quos·

134 1279 231 1329 cumque
244 1265 389 1317 excellentias
400 1265 512 1317 dictorum
520 1266 675 1332 factorumque
687 1267 791 1333 neglecti
801 1268 926 1330 honestate,

134 1337 252 1387 latinum.
271 1337 325 1387 ulit
343 1337 376 1388 sic
388 1340 452 1402 patet
469 1337 533 1402 quod
548 1342 740 1405 praesumptuosus
758 1339 928 1391 secundiore

133 1408 252 1459 ueritatem
261 1410 396 1474 quandoque
406 1409 483 1460 delicit
493 1409 504 1460 l
516 1410 674 1477 magnanimem
684 1412 723 1463 ned
732 1408 859 1463 secundbm
868 1424 930 1477 appa-

134 1479 232 1530 rentiam
245 1480 270 1530 in
283 1493 378 1533 excessu
391 1494 416 1533 oe
428 1482 505 1533 habet.

371 1824 539 1895 tudelle
557 1824 696 1891 dxxxi.

267 1972 301 2019 De
310 1971 456 2023 ambitione,
464 1972 495 2018 itt
504 1972 566 2018 duos
576 1974 695 2020 articulus
706 1975 796 2022 diuiso.

167 2126 252 2179 Deinde
264 2126 451 2179 considerandum
469 2128 504 2178 est
517 2126 545 2178 de
556 2125 687 2180 ambitione.

166 2199 197 2249 Et
207 2198 268 2250 circa
280 2200 324 2250 hoc
340 2203 472 2263 queruntur
487 2198 540 2249 duo.
559 2202 585 2248 l⁰
602 2198 681 2251 Utcim
697 2200 790 2254 ambitio
805 2204 837 2255 sit
849 2216 927 2271 pecca·

135 2272 192 2321 tum.
200 2274 228 2321 2⁰
238 2269 317 2323 lltrlim
329 2274 456 2338 opponatur
466 2269 647 2333 magnanimitati
660 2284 701 2337 pen
709 2286 839 2327 excessum.

437 2449 596 2503 tenebitis
609 2453 629 2506 Ι.

345 2570 431 2617 Utrt'em
444 2570 543 2616 ambitio
556 2572 589 2617 nit
602 2576 731 2629 peccatum.

169 2691 203 2741 ld
217 2692 315 2755 primum
333 2695 367 2746 sic
386 2698 524 2761 proceditur.
537 2698 633 2749 Videtur
650 2698 709 2765 qobd
729 2700 823 2753 ambitio
841 2699 929 2751 nonsit

136 2765 264 2826 peccatum.
275 2765 384 2829 importat
396 2768 458 2818 enim
473 2768 565 2819 ambitio
578 2769 725 2834 cupiditatem
739 2770 840 2823 honorio
857 2772 928 2821 Honor

137 2834 213 2881 anum
226 2833 254 2883 dc
267 2846 292 2885 se
303 2836 415 2899 quoddam
425 2838 511 2890 bonnm
521 2841 570 2900 est,
580 2842 602 2890 et
615 2841 740 2892 maximum
750 2841 810 2893 inter
823 2842 927 2892 extentora

139 2901 199 2955 bona
213 2917 220 2953 ε
237 2905 298 2957 uude
311 2909 335 2958 ot
345 2906 380 2958 illi
394 2909 434 2973 quii
447 2910 481 2962 de*
493 2912 580 2964 bonore
598 2924 644 2965 nou
660 2916 757 2981 curant,
771 2914 927 2981 decocuntur.
