1934 3284
125 187 156 236 tt
229 194 338 234 suumn
354 195 478 247 sumnus,
495 195 587 244 essm.
605 196 699 247 nxnn,
715 195 770 234 aar.
787 195 822 233 rr.

158 273 293 338 Respondeo
305 271 439 335 dicendum,
450 271 510 336 quod
523 273 615 324 devotio
627 285 670 336 per
683 285 708 332 se
720 271 813 336 quiden
825 274 851 322 et
859 275 941 337 ,prin-

127 342 231 408 cipaliter
249 342 385 408 spiritualem
404 343 507 394 letitiam
520 341 604 394 ruentis
620 347 713 405 causat3
733 355 763 394 ex
778 348 941 407 consequenti

126 417 202 466 autem
216 417 241 464 et
254 414 420 478 peracciderrs,
430 418 508 466 causat
520 414 744 464 tristitiamllioturn
753 413 859 467 ostenim
868 416 940 478 quod

127 485 218 536 devotio
228 499 257 536 er
265 485 349 549 duplici
362 485 542 540 consociatione
546 485 659 566 procedit.
668 483 826 549 Priuolpalitet
836 485 940 548 quidem

127 568 157 606 ex
172 555 350 606 consideratione
363 555 446 608 dirinae
457 555 652 620 bonitatequia
660 555 705 606 ista
714 553 867 606 consideratio
876 571 939 621 per·

126 623 186 678 tinet
199 625 265 691 quasi
277 627 305 677 ad
313 626 434 679 terminum
449 627 525 679 motis
535 627 659 678 voluntatis
670 625 781 678 tradentis
790 639 815 677 se
825 627 882 678 neo.
907 631 941 679 Et

128 711 156 750 ex
170 697 215 748 ista
231 697 413 752 consideratione
426 713 466 765 per
484 713 510 750 se
523 699 613 763 quidem
624 697 728 762 sequitur
738 698 874 763 delectatio,
890 714 939 750 se-

128 769 227 820 cundum·
236 769 291 820 illud
310 771 402 822 Psatm.
416 771 522 822 Lxxvl:
539 787 553 818 u
562 771 646 820 llcmor
655 769 688 820 fui
702 769 752 831 liei,
766 772 790 820 et
798 769 939 824 delectatus

129 853 194 904 sum;
208 857 221 888 rr
238 841 278 890 sed
291 855 330 904 per
343 842 447 894 accidens
461 843 512 892 lraec
525 839 674 905 consideratio
683 839 799 892 tristitiam
809 843 940 903 quamdam

130 915 206 963 causat
218 911 242 962 in
252 911 290 963 lris
302 913 340 978 qui
353 915 454 964 nondum
463 911 532 977 plene
547 914 594 963 Ileo
609 913 722 973 ineuntur,
737 910 864 962 secundirm
875 912 939 964 illud

129 983 225 1034 Psalm.
238 983 288 1034 llLl
299 1000 305 1034 :
316 984 415 1035 «sitivit
424 983 500 1034 anima
512 997 564 1034 mea
572 984 601 1035 ad
612 984 683 1034 Deum
694 983 784 1049 riuum3
797 999 812 1029 »
821 987 940 1046 etpostea

130 1057 233 1118 sepultor
245 1071 251 1104 :
265 1071 278 1102 o
288 1055 391 1106 Fuerunt
399 1054 456 1104 milri
468 1055 576 1119 lacrpnrae
590 1067 647 1104 meae
660 1067 746 1118 panes,
759 1056 804 1102 etc.
820 1069 834 1100 r
847 1053 941 1104 Secun-

131 1126 194 1176 darid
205 1125 259 1177 verd
272 1129 377 1176 causatur
392 1125 492 1187 devotio,
508 1125 629 1176 ntdictom
640 1128 692 1188 est,
706 1137 737 1174 ex
749 1123 941 1176 consideratione

130 1198 273 1263 propriorum
285 1198 412 1249 defectuum
420 1215 426 1262 ;
435 1209 489 1248 nam
502 1199 553 1250 hec
565 1197 716 1248 consideratio
727 1195 829 1262 pertinet
841 1196 871 1246 ad
885 1200 942 1248 ter-

130 1270 219 1319 minum
233 1269 246 1318 l
262 1283 308 1332 quo
321 1269 390 1319 homo
401 1271 537 1332 permotum
554 1267 679 1319 uoluntatis
692 1268 780 1318 devote
793 1267 897 1331 recedit,
914 1276 943 1320 ut

131 1339 219 1390 sedicet
233 1352 280 1390 uon
292 1339 317 1390 iu
331 1339 460 1404 securiori,
473 1341 513 1393 sed
522 1341 570 1392 lieo
581 1352 608 1389 se
619 1339 708 1388 subdat.
723 1339 777 1388 lieo
787 1340 866 1388 autem
877 1353 940 1390 con-

131 1409 237 1462 sideratio
250 1409 387 1462 econverso
400 1423 424 1461 se
439 1411 509 1461 habet
517 1412 545 1462 ad
559 1411 673 1475 primam:
687 1422 740 1460 nam
748 1421 789 1473 per
797 1421 823 1458 se
839 1409 940 1472 quidem

131 1484 186 1531 nata
197 1486 231 1532 est
242 1481 356 1532 tristitiam
369 1490 477 1543 causare,
487 1481 633 1545 recogitando
646 1480 750 1544 proprios
759 1480 875 1544 deiectos,
891 1496 940 1546 per

131 1553 237 1604 accidens
250 1555 334 1617 summ,
346 1553 458 1617 letitiam,
469 1553 557 1604 scilicet
567 1548 729 1617 propterspem
741 1551 822 1601 divine
833 1552 942 1604 subveu-

131 1623 210 1674 tionis.
226 1625 254 1675 ldt
266 1626 299 1676 sic
311 1628 374 1691 patet
387 1625 448 1690 quod
461 1626 490 1676 ad
502 1623 646 1675 devotionem
653 1621 727 1686 primo
736 1626 760 1674 et
768 1636 810 1687 per
821 1636 846 1674 ss
854 1638 942 1678 conse-

132 1695 208 1759 quitur
227 1696 360 1761 delectatio;
379 1696 513 1748 secundario
526 1697 638 1753 serenet
651 1708 693 1759 per
709 1695 826 1758 accidens,
839 1695 942 1750 tristitia

132 1779 184 1829 que
198 1770 234 1816 est
244 1767 367 1818 secundum
381 1767 462 1818 licum.
809 1817 813 1821 .

92 1853 95 1859 ·
166 1837 198 1887 ltd
207 1837 306 1901 primum
314 1851 368 1901 ergo
376 1838 509 1900 dicendum,
522 1835 582 1900 quod
592 1836 808 1888 inconsideratione
819 1838 941 1902 passionis

133 1907 218 1958 Christi
227 1911 262 1958 est
276 1908 360 1972 siquid
371 1909 431 1972 quod
444 1907 576 1967 contristet,
590 1907 675 1957 scilicet
688 1907 792 1958 delectus
809 1910 941 1975 humanus,

133 1982 226 2042 propter
241 1993 309 2042 quem
327 1980 463 2041 tollendum,
476 1976 592 2028 Christum
606 1978 655 2042 pati
670 1978 782 2043 oportuit,
800 1981 873 2032 etesi
893 1983 942 2034 ali-

134 2049 188 2112 quid
196 2051 256 2115 quod
270 2051 381 2115 letificet,
391 2051 476 2101 scilicet
484 2049 525 2099 Ilei
538 2061 591 2112 erga
603 2062 647 2100 nos
655 2049 795 2115 lreuignitss,
807 2065 858 2116 quae
868 2054 941 2106 uobis

134 2121 162 2172 de
172 2121 212 2171 tali
221 2121 354 2172 liberatione
367 2120 474 2186 providit.
949 2182 951 2191 Ι

166 2193 331 2246 Adsecuudum
343 2191 476 2254 dicendum,
492 2190 739 2258 quddspiritusqniex
749 2197 872 2258 anapesto
881 2209 942 2246 con-

134 2263 252 2314 tribulatur
264 2264 357 2330 propter
368 2262 489 2327 praesentis
502 2262 554 2314 dtu
568 2264 688 2326 deiectus,
703 2278 733 2317 es
745 2264 790 2316 alia
802 2269 868 2330 parte
880 2280 943 2318 con·

135 2334 258 2400 delectatur
270 2347 299 2383 ox
317 2333 497 2386 consideratione
515 2333 596 2386 dirinae
609 2334 718 2386 honitatis
728 2340 753 2388 et
768 2350 798 2388 ex
811 2348 853 2403 spe
865 2328 951 2397 dirimis

135 2403 222 2454 auxilii.

166 2475 200 2524 td
213 2473 304 2524 tertium
312 2474 446 2536 dicendum,
456 2475 517 2538 quod
529 2476 635 2542 lacrymae
643 2481 794 2542 prorumpunt
802 2492 850 2540 non
861 2479 942 2532 solium

136 2560 166 2598 ex
178 2545 284 2607 tristitia,
298 2545 339 2596 sed
356 2547 426 2598 etiam
439 2561 468 2598 ex
478 2548 576 2610 quadam
593 2550 688 2607 affectis
698 2549 864 2612 teneritudine,
877 2566 941 2616 prae-

135 2616 204 2680 cipue
219 2615 271 2666 clm
287 2617 441 2669 consideratur
460 2618 544 2682 aliquid
565 2619 695 2670 delectabile
713 2633 765 2669 curn
782 2621 941 2684 permixtione

135 2688 234 2752 alicujus
244 2687 378 2753 tristabilis3
396 2690 454 2740 siout
464 2691 539 2750 solent
554 2691 659 2743 homines
670 2691 789 2756 lacrymari
802 2706 831 2743 ex
843 2692 942 2759 pietatis

136 2759 228 2823 adfectu,
244 2759 296 2809 cirrr
307 2764 441 2826 recuperant
452 2759 518 2825 lilios,
530 2761 568 2811 uel
578 2763 659 2812 clraros
673 2762 772 2826 amicos,
785 2764 941 2826 quosexisti-

136 2833 256 2882 moverant
265 2845 290 2882 se
299 2833 433 2896 perdidisse.
441 2833 472 2883 nt
484 2846 526 2897 per
536 2834 597 2883 lruno
607 2835 698 2888 modum
708 2835 814 2899 memmae
829 2849 859 2886 ex
867 2836 941 2888 devo

137 2900 199 2954 tione
212 2903 346 2972 procedunt.
