1934 3284
97 177 146 240 ies
222 199 329 241 escorni
346 189 477 251 incusum,
494 195 588 246 etur.
604 195 651 249 er,
667 198 724 239 nur.
741 201 769 238 n.

99 284 123 330 et
132 279 183 330 ideo
194 277 360 328 inobedientem
374 289 425 328 esse
439 277 524 328 diuinis
533 276 652 341 proneptis
665 281 702 327 est
711 279 831 342 ponentem
840 288 900 328 rnor-

97 351 158 412 tule,
172 349 235 413 quusi
251 347 333 399 divine
352 348 469 399 dilectioni
482 347 626 399 contrarium.
645 348 671 398 lu
689 347 807 412 preceptis
823 352 900 399 nutem

99 419 181 470 divinis
195 417 324 469 continetur
336 418 395 482 qudd
411 420 480 470 mium
494 417 649 482 superioribus
662 418 780 468 obediatur
796 424 839 470 :et
847 419 901 469 ideo

98 490 166 540 eliam
181 489 334 540 inobedientia
348 489 456 554 qusquis
467 489 602 540 inobediens
614 493 650 540 est
663 489 783 554 preceptis
797 489 903 553 superio·

99 574 149 610 runs
163 565 198 611 est
209 571 326 625 peccatum
340 561 443 624 mortrle,
451 559 608 624 quinidirinro
618 560 735 610 dilectioni
751 560 900 623 contrarium,

99 632 223 684 secundbm
232 633 287 683 illud
297 635 377 693 Rom„
385 634 453 683 lllll:
467 633 532 693 «Qui
539 633 647 697 potestati
657 631 750 695 resistit,
759 632 800 683 liei
810 633 903 683 ordinu-

99 705 158 755 tioni
168 705 262 756 resistit.
274 703 546 768 »Contrarirmrinsuper
553 703 672 756 dilemmni
677 702 789 768 portui,
796 704 902 768 inquen-

101 780 149 826 tum
163 775 274 841 superiori
287 775 391 839 proximo
405 775 516 828 subtrabit
535 775 689 827 obedientiam
704 786 774 838 quam
786 774 809 825 ei
819 776 900 826 debet.

132 848 165 897 bd
176 847 271 912 prinlum
282 860 336 909 erpo
348 846 476 909 dicendum,
485 845 593 910 qubdillu
600 845 702 898 delinitio
710 846 821 897 Ambrosii
835 847 906 897 detur

101 919 129 968 de
142 921 235 982 peccato
251 917 353 980 mortali,
368 919 428 981 quod
444 915 514 967 babet
526 917 650 981 perlectam
665 915 752 980 peoonti
767 916 879 968 rationem
896 934 903 968 :

101 994 219 1053 pecentum
235 993 310 1040 eutem
326 988 415 1038 rentem
431 1001 478 1038 non
498 993 534 1039 est
553 988 718 1051 inobedientia,
738 988 852 1052 quianon
868 994 907 1041 est

102 1065 181 1111 contra
197 1063 351 1124 preceptum,
369 1060 408 1109 sed
420 1063 503 1123 proter
517 1063 672 1123 preceptum,
693 1071 736 1108 nec
749 1059 818 1109 edam
836 1074 908 1114 omne

103 1135 221 1195 peccatum
234 1130 327 1180 mortale
339 1133 375 1180 est
383 1129 535 1180 inobedientia
546 1128 639 1194 proprie
650 1133 674 1180 el
684 1143 726 1195 per
739 1143 765 1180 so
778 1130 905 1196 loquendo,

103 1202 142 1252 sed
159 1201 233 1252 solium
244 1205 298 1250 tunc
311 1201 400 1265 quando
412 1200 494 1264 aliquis
504 1205 642 1265 preceptum
656 1201 794 1264 contemnit,
806 1203 861 1265 quin
872 1217 905 1256 ex

104 1273 149 1322 tine
164 1272 260 1324 morales
273 1276 335 1324 uetus
350 1272 449 1336 speciem
465 1273 569 1324 babent:
586 1270 638 1322 cum
652 1276 729 1323 nutem
743 1272 799 1324 mdc
816 1274 908 1338 aliquid

104 1348 183 1393 contre
201 1347 354 1407 preceptum,
370 1357 414 1395 non
434 1348 526 1408 propter
547 1344 656 1407 precepti
676 1347 846 1408 contemptum,
864 1349 909 1398 sed

105 1417 196 1476 propter
205 1413 289 1478 aliquid
299 1415 367 1477 aliud,
377 1419 412 1466 est
422 1414 576 1466 inobedientia
587 1412 735 1466 uuerden
745 1412 850 1476 tostin,
864 1419 909 1468 sed

105 1485 202 1546 pertinet
215 1485 339 1536 formaliter
349 1488 377 1538 ad
393 1487 459 1536 uliam
475 1485 576 1550 speciem
585 1486 682 1550 petunt.

138 1557 170 1606 lid
185 1557 307 1606 secundum
321 1555 450 1619 dicendum,
462 1556 522 1620 quid
535 1555 689 1619 inunisssloriu
698 1557 908 1620 uppetitmeuiics·

107 1626 214 1678 tationem
230 1627 326 1692 alicujus
349 1626 501 1690 excellentim3
518 1625 611 1690 et-quiu
632 1627 721 1678 videtur
736 1628 765 1677 nd
783 1630 908 1690 quodem

106 1697 263 1750 excellentiam
277 1697 389 1762 pertinere
407 1695 468 1760 quod
479 1699 546 1749 bomo
560 1697 680 1762 preceptis
690 1697 908 1751 nurciensium·

10 1793 23 1818 e
107 1770 180 1831 detur,
192 1768 245 1818 inde
257 1772 292 1818 est
306 1767 366 1832 qnbd
384 1767 538 1818 inobedientia
550 1781 579 1818 ex
597 1766 660 1827 inani
670 1769 742 1831 glorie
755 1769 833 1820 oritur.
842 1769 913 1821 llinil

107 1842 183 1890 nutem
194 1839 298 1902 probibet
314 1851 343 1890 ox
358 1843 452 1902 peccato
467 1838 552 1890 renuti
564 1839 620 1892 oriri
634 1840 738 1900 mortnle,
751 1839 805 1890 cim
817 1840 910 1892 renirle

108 1909 138 1959 sit
151 1909 269 1973 dispositio
283 1909 311 1958 ud
325 1909 429 1960 mortale.

138 1980 172 2030 nd
186 1980 276 2031 tertium
291 1979 410 2030 dicendum
413 1980 495 2044 q,ndd
509 1982 586 2034 nudus
595 1981 707 2045 obligetur
717 1981 907 2045 adimposeiblte.

109 2051 137 2102 lli
155 2039 203 2102 ideo
222 2053 241 2103 sl
259 2055 292 2102 tot
306 2057 419 2116 precepta
434 2055 541 2126 prelatus
553 2053 636 2118 aliquis
647 2055 734 2116 ingeret
747 2067 788 2104 sen
802 2053 911 2117 injungat

109 2123 168 2188 qubd
185 2122 288 2174 subditus
300 2136 328 2173 eu
344 2124 437 2190 implere
449 2139 494 2175 nou
507 2124 593 2189 possit,
608 2124 753 2176 excusatori
766 2129 867 2189 pnoouo
880 2127 912 2176 lit

109 2196 160 2248 idco
174 2194 260 2260 prolati
273 2193 384 2246 abstinere
395 2194 504 2246 debenti
517 2195 661 2246 multitudine
675 2200 849 2260 preceptorum

406 2373 568 2430 cubiculos
584 2376 615 2426 ll.

184 2499 268 2550 Utrum
281 2502 441 2548 iliodcdirntiu
456 2503 491 2547 rit
502 2502 672 2557 paenitentem
687 2504 844 2556 morum.

144 2621 315 2678 bd'seonudum
329 2627 362 2677 slc
376 2627 505 2690 proceditur
522 2627 566 2690 (1).
579 2627 673 2678 Videtur
685 2628 745 2691 qnbd
757 2604 917 2688 inobedientia

113 2701 144 2749 sil
157 2698 315 2760 pravissimum
329 2701 456 2762 peccatum.
473 2698 560 2751 Dicitur
572 2699 633 2750 euim
646 2702 656 2750 l
670 2701 740 2764 dep,
753 2702 810 2754 liv
803 2718 809 2728 ·
819 2704 914 2765 «Quasi

113 2849 350 2976 loc[c1)tneeohi¹⁵temm
366 2853 470 2910 Opitre.
477 2855 621 2942 mv'm'
634 2852 679 2906 ll;
691 2854 858 2907 studitam
869 2861 917 2919 lid,
