1934 3284
115 156 160 206 tot
235 167 342 206 uacuum
359 165 487 217 manuum,
504 165 599 212 pnusr.
615 163 681 216 caru,
698 165 756 204 aar.
774 167 792 204 r.

113 245 207 294 alterius
220 243 355 293 conditionis
367 243 463 293 mulieri.
472 243 531 306 Ergo
540 243 629 293 videtur
640 241 701 308 quid
710 257 752 308 per
760 245 815 294 hura
829 243 918 312 ¹spumea

113 315 207 365 luxuria
219 329 263 364 non
281 315 467 366 rlirersillreutm.

148 390 171 436 2.
189 387 315 450 Praeterea,
329 388 417 450 species
429 387 478 436 vitii
496 386 565 436 unius
581 399 627 435 nau
643 385 752 434 videntur
770 385 923 437 diversificari

112 471 154 524 per
172 471 199 508 aa
220 473 271 521 (pm
290 461 406 523 pertinent
424 459 524 509 adalind
542 459 633 506 uilium.
651 458 694 507 Serl
714 458 857 507 adulterium
876 473 923 508 uon

114 531 191 581 diliert
204 531 216 580 a
230 532 326 594 simplici
338 532 499 590 fornicatione,
510 530 556 580 nisi
570 531 595 579 iu
606 532 650 578 lina
662 528 724 592 quod
738 529 823 592 aliquis
833 532 923 580 accedit

115 601 142 652 ad
157 613 206 651 eam
219 605 317 664 quaeest
335 603 444 663 alterius,
460 606 483 651 et
497 601 531 650 sic
547 601 684 664 injustitiam
701 601 838 650 committit.
864 603 922 666 Ergo

114 673 203 724 videtur
217 673 275 735 ιμιὸιί
290 672 451 723 (adulterium
468 687 514 722 non
528 674 596 724 (lebet
608 672 664 735 poni
676 672 766 735 species
781 673 893 724 luxuria.

147 748 169 794 a.
189 745 315 808 Praeterea,
331 746 389 795 sieut
402 743 515 806 continuit
528 745 588 808 quill
601 745 682 806 uliquis
693 744 862 794 commiscetur
874 761 926 795 mu-

114 813 164 866 lieri
177 827 227 879 quiae
239 820 274 865 est
293 816 356 866 alteri
371 816 420 866 uiro
437 829 479 880 per
494 816 660 866 matrimonium
672 815 770 877 obligata
779 853 786 874 ‚
796 815 833 865 sic
848 817 919 866 eliam

116 887 225 951 contingit
242 886 301 950 qulm
315 887 395 951 aliquis
414 886 572 937 commiscetur
592 886 747 949 mulierique
768 891 804 936 est
819 888 922 951 obligata

115 959 161 1008 lleo
174 972 213 1022 per
224 963 309 1008 votum.
319 957 381 1007 Sicut
396 971 450 1022 ergo
466 957 627 1006 adulterium
638 956 732 1021 punitur
743 958 836 1020 speciae
849 959 918 1010 luxu-

114 1029 167 1092 ria,
182 1029 214 1079 ita
229 1031 295 1079 etiam
314 1029 478 1094 eucrr'leqtum
491 1030 579 1093 species
592 1028 688 1078 lunaria
702 1029 758 1091 poni
773 1027 855 1079 tleluet.

148 1104 170 1150 t.
190 1103 317 1162 Praeterea,
333 1101 371 1150 ille
389 1102 428 1164 qui
450 1105 486 1150 est
505 1101 650 1150 matrimonio
663 1102 755 1160 iunctus
775 1113 823 1148 uun
845 1102 920 1151 sulum

115 1177 193 1237 peceat
206 1172 225 1222 si
240 1173 342 1221 aulalium
354 1171 470 1222 mulierem
485 1175 591 1232 accedat,
602 1174 642 1222 sed
651 1172 720 1222 etiam
730 1171 751 1219 si
762 1171 806 1220 sua
819 1174 921 1236 conjuge

115 1243 241 1294 inordinate
257 1248 340 1292 utatur.
358 1245 402 1293 Sod
419 1245 462 1294 hoa
478 1248 596 1308 peccatum
616 1245 658 1293 sub
672 1241 761 1292 luxuria
775 1244 920 1295 continetur.

115 1317 175 1379 Ergo
187 1317 254 1366 dehet
267 1317 327 1366 iuter
340 1317 429 1380 species
446 1319 540 1367 luxuria
559 1315 692 1380 computari.

149 1391 172 1436 5.
191 1388 316 1449 Praeterea,
334 1388 454 1452 Apostolus
463 1389 493 1438 ll.
507 1392 539 1436 ael
558 1389 683 1441 coriaut..
699 1387 749 1448 llll,
762 1386 840 1436 dicit:
861 1391 920 1439 «Νι

116 1459 197 1508 ilerum
216 1458 267 1507 aim
286 1467 369 1509 venero
390 1460 493 1510 himiliet
508 1474 544 1510 me
562 1461 621 1508 Deus
637 1459 695 1521 apud
710 1471 766 1519 vos,
782 1462 807 1508 et
826 1459 919 1524 lugeam

116 1529 200 1578 multos
217 1543 245 1579 er
260 1530 288 1580 iis
305 1530 345 1593 qui
359 1535 411 1582 ante
422 1535 587 1595 peccaverunt,
600 1535 677 1580 elnon
691 1535 787 1593 egemut
803 1532 921 1594 preniten·
956 1542 958 1585 i

115 1601 170 1650 tiam
187 1615 253 1665 super
272 1602 413 1652 immunditia
430 1606 453 1653 et
470 1603 621 1652 inminutione
642 1607 664 1651 el
684 1601 826 1664 impudicitia
846 1617 918 1666 quam
956 1594 958 1651 l

116 1677 244 1735 gesserunt.
258 1689 272 1719 n
288 1673 346 1736 Ergo
361 1674 449 1724 virletur
464 1673 525 1738 queo
543 1675 612 1724 etiam
623 1673 767 1722 immunditia
780 1678 805 1723 ct
817 1673 920 1739 impudi·
956 1666 958 1685 '

117 1743 168 1794 uitia
180 1744 276 1794 debeant
287 1745 341 1809 poni
355 1746 443 1809 speeies
457 1745 560 1805 luxurie,
574 1745 634 1795 sicut
648 1748 672 1794 et
684 1744 819 1794 fornicatio.

149 1819 171 1864 6.
189 1816 313 1878 praterea,
325 1833 339 1864 a
350 1817 448 1866 divisum
461 1830 507 1868 uon
516 1817 669 1867 eomiuiditnr
679 1816 835 1865 linientibus
845 1815 894 1880 (1).
902 1832 918 1862 ι
956 1840 958 1843 -

117 1887 160 1937 Sed
178 1886 266 1936 luxuria
281 1888 432 1938 condividilor
443 1888 565 1952 praedictis.
581 1887 666 1937 Dicitur
683 1887 745 1936 anim
762 1886 864 1940 Galat..
881 1887 917 1936 v:

117 1975 132 2006 ιι
145 1959 262 2009 llanilesta
277 1963 329 2009 snut
345 1973 413 2024 opera
429 1961 517 2020 carnis,
531 1973 583 2024 quat
596 1964 649 2010 sunl
666 1959 799 2022 fornicatio,
813 1961 918 2009 immun·

116 2029 183 2092 ditia,
195 2030 332 2094 impudicitia
340 2069 346 2094 ,
354 2032 452 2082 luxuria.
465 2047 479 2078 n
490 2033 548 2093 Ergo
559 2031 649 2081 videtur
658 2031 717 2094 quud
726 2030 919 2081 inconvenienter
956 2054 958 2065 =

116 2099 233 2151 fornicatio
247 2108 342 2165 ponatur
356 2103 443 2166 species
465 2103 570 2152 luxurie.
956 2110 958 2123 ²

148 2172 191 2222 Sed
207 2177 285 2223 contra
301 2176 350 2234 est,
367 2173 427 2239 quid
442 2175 551 2238 predicta
564 2172 646 2224 divisio
659 2172 749 2238 ponitur
762 2173 787 2224 in
803 2175 919 2224 Decreta
956 2144 958 2203 Ι

117 2245 208 2296 XXXVI
219 2246 263 2310 (2),
278 2261 317 2308 qu.
334 2245 357 2294 1.
956 2248 958 2285 i

150 2389 183 2454 (ll
199 2392 291 2446 Alioqui
308 2392 344 2436 sui
364 2391 437 2448 ipsius
455 2397 518 2438 esset
535 2392 626 2449 aperies
641 2391 680 2437 val
698 2403 765 2448 parur
782 2392 821 2436 vel
834 2394 918 2448 quovis

118 2456 187 2500 murlo
201 2454 228 2498 ad
243 2455 344 2510 seipsum
356 2462 541 2512 compararetur,
553 2461 578 2499 ut
591 2455 686 2500 interius
700 2455 728 2499 ad
737 2455 846 2511 superius
853 2490 863 2514 ,
873 2461 918 2500 ete.

152 2522 183 2583 (2)
200 2526 284 2582 supple
298 2523 386 2580 (lauet,
398 2527 437 2571 ubi
454 2527 488 2571 sic
503 2527 593 2570 tantum
610 2527 733 2572 Gratianus
747 2526 771 2570 in
790 2529 919 2584 appendice
956 2556 958 2561 -

17 2596 20 2619 ¹
118 2597 189 2658 quam
207 2589 276 2644 capiti
288 2589 338 2634 Lea·
352 2589 399 2662 illa
412 2590 484 2634 nectit
500 2605 506 2632 ι
519 2589 597 2662 alliud
614 2595 650 2663 ert
662 2587 763 2662 linquit)
785 2589 920 2664 fornicatio,

119 2648 823 2771 titt.tritt-'a2tltetiltzttatltatztlt
837 2653 918 2774 allai

120 2769 177 2814 tibet
187 2771 274 2817 illiciti
289 2776 365 2819 enitor
378 2777 421 2834 qui
435 2778 462 2835 fit
474 2781 545 2822 aetra
559 2789 661 2822 uxorem
675 2777 825 2835 tepilt‘mam,
839 2783 916 2823 maren

120 2832 260 2888 specialiter·
276 2837 427 2894 tutelltpitur
439 2841 468 2883 trt
487 2852 534 2884 usu
547 2840 697 2888 uiduarum,
709 2841 747 2885 nel
760 2842 914 2886 mretricem

118 2892 157 2938 vel
170 2894 372 2946 concubinarum.
391 2904 512 2962 stuprum
525 2907 605 2948 autem
620 2904 726 2962 proprie
742 2903 914 2963 virgiuum
