1934 3284
170 210 176 217 .
210 210 215 215 .
232 174 266 213 nn
279 172 358 214 nrvnn
373 172 474 213 nonnus
489 172 664 216 muzulens-
804 167 850 217 iti

3 218 4 241 l

3 252 4 277 ³
44 250 185 305 suetudinem
197 252 326 315 epprolrere
339 252 364 301 in
376 250 491 315 leudesio,
500 255 526 303 ut
533 265 576 317 per
585 252 750 305 oblectamenta
761 256 852 307 aunum

43 324 152 375 intirmior
165 322 261 373 eninrrrs
278 323 303 372 in
317 323 424 373 edesium
438 322 529 387 pietatis
542 329 653 387 asserem
664 341 678 372 u
690 326 718 376 El
728 326 758 377 de
771 328 851 392 seipso

43 396 94 445 dicit
107 396 134 445 in
148 396 181 445 lx
196 394 311 457 Confess-
328 396 398 459 (sep.
412 400 427 443 6
438 396 445 455 )
457 409 463 443 :
481 395 570 445 «Flevi
583 396 609 445 iu
618 397 710 459 hymnis
721 404 745 447 et
757 398 853 451 canticis

44 468 94 529 luis,
107 480 182 517 suave
197 466 305 517 senentis
319 464 425 517 ecclesie
435 470 480 517 tum
491 466 585 517 roribus
597 472 724 519 commotus
736 470 850 521 emtor.»

3 546 4 589 l
70 540 104 587 Ad
117 538 223 602 primum
236 550 292 601 ergo
301 538 423 587 dicendum
431 574 440 599 ,
448 536 509 601 qudd
518 537 606 588 centies
617 538 743 602 spiritualia
753 545 852 604 possunt

3 646 4 649 η
42 610 82 659 dici
96 623 145 661 non
160 608 239 660 solum
249 622 278 659 ee
292 622 343 673 que
353 608 451 659 interiise
461 614 574 659 emuntur
584 610 609 659 in
618 610 714 675 spiritu,
727 613 766 661 sed
779 612 848 663 etiem

41 696 66 731 ea
86 696 140 745 ques
152 680 264 733 exterius
281 694 322 731 ore
336 684 468 743 eruuntur,
491 681 640 745 inquantum
661 697 702 746 per
719 683 853 747 hujusmodi

41 754 126 805 eruum
140 752 272 817 spiritualis
283 752 375 803 devotio
388 757 533 816 prouocatur.

3 886 4 899 χ
70 826 247 878 sesecundum
261 824 399 887 uiuendum,
411 822 471 886 qudd
485 823 637 889 Hieronymus
651 838 697 875 nou
714 826 853 891 simpliciter

3 912 4 933 1
41 896 155 961 vituperet
165 900 278 959 santum,
297 896 336 945 sed
348 894 494 959 reprehendit
504 910 542 946 eos
557 896 598 959 qui
610 897 633 946 iu
647 898 741 948 ecclesis
752 901 851 948 centeni

42 982 99 1018 nore
123 968 255 1029 theatrico,
272 980 321 1017 non
341 970 435 1031 propter
458 966 602 1024 devotionem
626 968 783 1032 excitandam,
805 971 846 1020 sed

42 1045 132 1103 propter
150 1037 334 1090 ostentationem
352 1039 389 1088 vel
406 1038 578 1089 delectationem
591 1041 769 1103 provocandam.
784 1041 852 1091 Unde

42 1110 184 1175 Augustinus
193 1109 251 1161 dieii
264 1109 288 1158 iu
301 1110 442 1173 Xconfess.
453 1109 519 1174 (oep.
532 1110 576 1173 3³)
589 1125 595 1159 ι
609 1109 690 1159 «Cium
703 1110 760 1160 milri
769 1111 851 1161 oceidit

43 1188 64 1231 ut
78 1196 114 1247 spe
126 1181 231 1247 amplius
246 1184 329 1231 centus
340 1179 408 1244 quim
424 1194 461 1231 res
471 1192 526 1245 qum
537 1182 641 1245 canitur,
652 1186 758 1243 moveat,
773 1196 849 1246 pone·

42 1253 144 1305 literne
166 1265 265 1318 peecare
278 1250 403 1319 eonfite0r3
419 1255 443 1303 et
456 1254 510 1303 tune
530 1253 621 1303 mallem
641 1265 688 1302 non
705 1252 783 1304 audne
797 1267 850 1304 ean-

43 1330 136 1376 mntem.
149 1342 164 1373 n
746 1369 750 1387 ,

71 1400 105 1448 dd
115 1398 212 1450 tertium
228 1396 367 1457 dieendum,
385 1394 447 1459 quod
461 1394 556 1447 nobilior
569 1396 650 1446 modus
664 1399 699 1447 est
711 1399 849 1462 provocandi

45 1471 146 1522 homines
156 1472 186 1521 sd
200 1468 350 1521 devotionem
360 1480 400 1532 pes
413 1467 538 1518 doctrinam
547 1473 570 1519 el
577 1468 770 1533 predicationem,
779 1470 852 1534 quem

49 1554 85 1602 per
98 1547 204 1604 mmmm
224 1544 248 1592 et
264 1540 317 1591 ideo
335 1538 426 1591 oneum
440 1543 465 1590 el
482 1540 569 1604 praeleti
589 1540 671 1603 quibem
689 1542 799 1605 competit
810 1556 852 1607 per

49 1614 271 1675 pruneriensem
291 1610 418 1663 uminum
438 1611 527 1664 animos
547 1613 666 1663 hominum
683 1626 808 1677 prouocare
827 1614 852 1665 iu

45 1685 119 1750 neum,
129 1699 180 1738 uon
191 1684 280 1736 debent
290 1682 396 1735 mutibus
405 1683 512 1735 insistere
521 1720 528 1745 ,
538 1698 568 1735 ne
579 1698 621 1748 per
637 1685 681 1735 hoe
698 1685 711 1735 i
725 1686 851 1749 majoribus

44 1759 192 1809 retrahantur.
211 1756 278 1806 Unde
291 1754 377 1806 ibidem
390 1754 512 1817 Gregorius
529 1756 584 1807 dioit
604 1770 610 1806 :
628 1772 642 1804 u
657 1757 804 1809 Consuetudo
816 1760 852 1807 est

45 1828 105 1881 valde
117 1826 327 1893 reprehensibilis,
342 1830 368 1877 ut
379 1826 405 1877 iu
418 1825 551 1879 diaconatus
569 1826 647 1878 ordine
665 1826 786 1877 constituti
799 1840 850 1877 mo-

44 1900 151 1951 dulationi
173 1897 241 1950 uocis
259 1896 402 1960 inservient,
417 1899 515 1961 quosne
530 1897 698 1963 predimtiouis
711 1898 814 1949 officium
826 1902 851 1949 et

44 1972 242 2035 eleemosynarum
259 1969 360 2019 studium
377 1979 458 2022 uenere
470 1970 617 2032 oongruetet.
631 1986 646 2017 »

72 2045 104 2093 ad
119 2046 231 2107 quartum
242 2040 382 2102 dicendum,
392 2040 453 2103 quod
465 2040 524 2093 siem
535 2040 688 2106 Philosophus
698 2042 752 2093 dieit
763 2042 788 2091 in
798 2041 849 2093 Vlll

47 2115 130 2174 Polie„
145 2124 249 2177 unoque
264 2112 351 2165 ustum
365 2112 394 2163 ed
409 2112 551 2175 disciplinam
560 2116 595 2164 est
602 2113 767 2178 adducendum,
775 2126 850 2176 neque

45 2188 132 2251 aliquod
146 2186 211 2237 aliud
226 2184 345 2239 mileum
363 2196 488 2247 organum,
501 2185 556 2249 put'a
573 2184 702 2247 elthman,
717 2188 741 2234 et
760 2183 781 2233 si
797 2184 852 2247 (inid

46 2262 85 2309 lule
101 2260 201 2311 alterum
213 2260 265 2321 est,
284 2257 324 2307 sed
337 2258 487 2321 quecumque
503 2256 590 2308 iaciunt
610 2255 725 2306 auditores
740 2256 850 2319 bonos3»

47 2330 175 2395 hujusmodi
192 2328 255 2380 enim
265 2328 354 2379 musice
363 2328 514 2383 instrumente
524 2329 597 2393 magis
610 2327 710 2377 animum
721 2331 813 2378 mouent
821 2329 850 2377 ed

47 2402 230 2464 delectationem,
244 2399 312 2465 quim
325 2414 366 2463 per
382 2412 409 2451 ea
422 2398 531 2450 formetur
544 2398 641 2450 interius
652 2400 712 2450 bone
722 2398 848 2463 dispositio.

46 2474 70 2524 lu
84 2474 157 2527 veteri
169 2477 247 2523 nutem
261 2472 409 2523 testamento
421 2485 476 2523 usus
487 2475 536 2523 erat
548 2472 629 2522 lelium
638 2471 851 2537 instrumentorum,

47 2549 91 2595 lun
102 2546 157 2609 quia
170 2544 270 2609 populus
284 2546 332 2595 eret
343 2544 417 2607 magis
431 2544 501 2595 durus
512 2548 535 2594 et
545 2544 657 2607 earnalis,
669 2544 729 2596 unde
748 2546 796 2594 eret
811 2555 852 2606 per

48 2616 178 2681 huiusmodi
186 2616 338 2667 instrumenta
350 2616 523 2679 proponendus,
532 2614 593 2666 sieut
603 2619 627 2666 et
638 2629 680 2680 per
688 2614 852 2681 promissiones

48 2691 226 2752 terrenas,lun1
246 2686 316 2739 eliam
335 2687 389 2751 quia
409 2684 542 2751 hujusmodi
562 2686 711 2739 monumenta
725 2684 852 2751 eorporalie

47 2761 128 2825 aliquid
142 2759 284 2831 ligurpbent.

74 2833 107 2884 Ad
124 2831 233 2896 quintum
245 2830 381 2896 emendum,
393 2830 454 2897 quod
464 2846 506 2898 per
516 2836 607 2885 munim
625 2845 670 2899 quo
683 2832 735 2896 quis
747 2824 848 2880 studiose

48 2905 72 2956 nl
90 2902 254 2966 delectandum
273 2901 352 2969 utitur,
368 2903 508 2961 austrenum
524 2904 613 2961 minus
637 2898 847 2957 teonsiderelione
