1934 3284
285 165 317 200 ne
330 162 404 202 umus
418 163 541 202 uerosrrrs
557 161 676 202 mirera.
834 153 879 200 ιιι

77 240 151 292 ctiam
166 239 192 290 iu
200 238 316 304 Scriptura
328 253 391 290 sacra
402 239 556 290 inueniuntur.
571 241 622 290 Non
637 251 691 303 erqo
703 249 771 292 omne
786 241 879 292 nenda·

77 312 143 362 cium
154 315 190 362 est
201 315 330 374 peccatum.

110 383 159 433 Sed
172 385 252 432 contra
262 386 310 444 est,
320 385 379 445 quod
390 382 472 435 dicitur
480 381 585 438 Euclea„
596 383 634 432 llll
646 397 651 432 :
668 400 681 431 o
691 381 743 433 Noli
751 383 809 434 uelle
818 395 881 435 men·

75 453 117 504 tiri
131 466 204 504 omne
215 454 367 505 mendacium.
379 467 393 502 n

114 527 315 589 (Comusro.—
324 527 466 577 Mendacium
481 541 549 578 omne
560 529 595 579 est
608 539 636 578 ex
650 541 732 591 genere
743 541 784 578 sou
799 529 882 578 muium

76 601 102 648 et
114 600 257 662 peccatum,
269 597 322 648 cium
335 603 413 648 eontra
423 603 525 648 naturam
535 600 565 650 sit
582 598 691 660 mentiri.)

112 669 252 732 Respondeo
273 670 408 733 dicendum,
425 670 487 735 quid
502 671 559 722 illud
581 671 641 734 quod
658 673 694 721 ost
715 672 839 722 secundum
858 685 883 725 se

78 742 169 792 malum
182 754 211 790 ex
226 753 322 804 genere,
334 742 397 792 nulio
411 744 477 793 modo
487 746 564 808 potest
579 743 726 794 essebonum
741 746 764 794 ιι
778 743 881 808 licitum,

79 812 135 876 quia
152 813 182 862 ad
201 813 245 862 boc
257 812 317 876 qubd
334 813 417 876 aliquid
436 814 467 863 sit
483 814 582 876 bouum,
597 807 718 877 requiritur
732 813 791 878 qnbd
807 815 884 866 omniu

78 883 144 934 recte
159 888 310 934 consumant:
326 885 409 934 bonum
423 885 485 935 enim
503 889 539 936 est
551 899 579 936 er
602 886 689 948 integra
703 897 785 947 censa,
800 886 884 937 malum

81 956 137 1006 uerit
162 961 198 1005 cst
212 968 240 1006 cx
262 956 413 1019 singularibus
429 957 571 1018 defectibus,
585 961 611 1007 ιιι
632 955 753 1021 Dionysius
773 956 843 1019 dicit,
855 957 883 1006 lV

79 1040 135 1091 cap.
147 1028 186 1076 De
195 1027 249 1077 dio.
261 1027 365 1077 Nomio.
377 1028 518 1078 Mendacium
528 1032 602 1078 autem
612 1031 648 1078 est
657 1028 741 1078 malum
752 1041 781 1078 es
791 1041 883 1091 genere,

82 1103 119 1148 est
131 1100 196 1148 eninr
212 1103 276 1149 actus
291 1100 376 1150 cadens
391 1113 460 1163 super
471 1099 596 1150 indebitam
610 1099 741 1162 materiam3
755 1098 807 1148 cium
823 1100 884 1150 enim

84 1183 155 1220 uoces
164 1171 298 1222 naturaiiter
307 1171 353 1222 sint
361 1172 426 1235 sigua
438 1171 607 1232 intellectuum,
623 1170 749 1222 innaturale
762 1175 798 1220 est
811 1175 834 1222 et
848 1171 885 1220 in·

83 1241 189 1292 debitum
206 1241 267 1304 qubd
284 1241 368 1304 aliquis
387 1255 443 1290 uoce
462 1240 578 1304 significet
599 1242 620 1292 id
637 1244 697 1306 quud
710 1256 756 1292 uon
773 1243 841 1292 babet
860 1241 885 1293 in

85 1316 180 1376 mente3
194 1314 256 1363 nnde
266 1313 418 1377 Philosophus
427 1313 482 1364 dicit
493 1313 518 1362 in
530 1315 558 1363 ιι
569 1313 652 1364 Elicio.
669 1313 719 1378 (ubi
731 1314 886 1378 supril‚qudd
962 1307 966 1316 '

86 1402 101 1432 ι
111 1384 257 1434 mendacium
267 1389 305 1436 est
316 1399 357 1448 per
368 1399 393 1436 se
404 1398 500 1448 pravum
514 1388 537 1435 et
550 1384 697 1448 fugiendum,
712 1401 800 1436 verum
811 1389 886 1437 auteur

84 1459 122 1506 est
138 1456 226 1507 bonnm
237 1461 261 1507 et
272 1457 394 1507 laudabile.
409 1471 422 1504 u
437 1457 502 1506 Unde
515 1469 581 1508 omne
596 1456 738 1508 mendacium
751 1461 787 1507 est
801 1471 887 1521 pccca-

84 1531 152 1589 tum,
167 1527 227 1577 sicut
239 1527 308 1578 etiam
324 1528 463 1591 Augustinus
479 1529 561 1578 asserit
576 1527 601 1578 iu
614 1528 654 1578 lib.
672 1530 766 1578 Contra
784 1527 887 1578 mencio-

86 1602 158 1652 cicm
174 1599 285 1665 (capt).
779 1591 780 1602 ¹

120 1674 155 1722 td
170 1673 270 1738 primum
284 1687 337 1738 erpo
351 1674 487 1735 dicendum,
503 1673 564 1738 qudd
577 1687 619 1724 nec
637 1673 661 1722 iu
673 1673 797 1736 Evangelio
811 1685 854 1723 nec
864 1674 888 1723 in

86 1744 164 1808 aliqua
177 1744 294 1809 Scriptura
302 1745 411 1796 canonica
423 1746 458 1795 ias
468 1749 505 1796 est
512 1745 600 1808 opinari
613 1744 702 1807 aliquod
715 1745 795 1794 falsum
809 1744 888 1804 asseri,

88 1830 134 1868 nec
150 1815 213 1879 qnod
232 1816 353 1881 scriptores
366 1830 444 1866 earum
458 1817 599 1868 mendacium
617 1816 732 1876 dixerint,
743 1815 795 1877 quia
807 1815 890 1880 periret

89 1887 142 1937 iidei
156 1886 285 1950 certitudo,
301 1901 351 1952 qua
366 1887 495 1938 auctoritati
507 1901 576 1938 sacre
595 1887 717 1951 Scriptura
731 1887 843 1937 innititur.
863 1887 889 1935 ln

87 1959 133 2010 boo
146 1957 203 2007 uerd
215 1958 275 2022 qubd
288 1959 313 2009 iu
325 1959 448 2022 Evangelio
463 1963 487 2009 et
501 1959 525 2008 in
538 1958 588 2008 aliis
600 1959 723 2023 scriptoris
740 1959 810 2008 sacris
821 1958 890 2008 verba

87 2031 216 2095 aliquorum
230 2031 380 2082 diversimode
395 2032 533 2094 recitantur,
550 2043 596 2080 unu
610 2034 646 2081 est
659 2030 818 2091 mendacium
829 2030 890 2080 unde

88 2103 228 2167 Augustinus
236 2104 291 2154 dicit
297 2104 320 2153 in
331 2105 370 2154 tib.
382 2105 418 2152 De
429 2105 551 2153 Coruensu
562 2102 786 2166 iiconpelistorum
797 2101 847 2165 (lib.
858 2103 888 2162 ll,

89 2189 141 2239 cap.
152 2175 222 2238 tt):
241 2176 336 2226 «Nullo
350 2177 415 2226 modo
433 2175 581 2226 laborandum
596 2187 646 2225 esse
663 2173 764 2238 judicat,
781 2173 820 2236 qui
837 2186 890 2236 pru-

90 2248 172 2297 denter
183 2246 294 2311 iuteiligit
303 2247 366 2311 ipsas
377 2246 502 2297 secuntias
516 2259 566 2298 esse
576 2244 715 2296 necessarias
725 2244 888 2308 cognoscendu

89 2317 195 2379 ueritati,
210 2317 347 2381 quibuslibet
360 2318 436 2368 uerbis
451 2317 535 2368 inerint
549 2317 683 2382 explicatae3
694 2331 708 2363 n
723 2320 745 2366 et
758 2316 783 2365 in
794 2317 837 2366 hoc
851 2329 890 2380 ap·

91 2393 168 2454 paret,
181 2394 209 2440 ut
230 2390 314 2441 ibidem
335 2389 423 2451 subdit,
442 2403 512 2440 unorr
529 2389 611 2440 debere
624 2402 666 2439 nos
679 2387 782 2438 arbitrari
797 2386 888 2438 mentiri

91 2475 243 2526 quemquam,
259 2463 279 2513 si
298 2462 401 2526 pluribus
417 2460 614 2512 reminiscentibus
629 2473 677 2511 rem
690 2473 759 2523 quam
772 2459 892 2510 audieruut

92 2533 251 2598 ueiuidsrunt,
266 2534 400 2584 noneodsm
415 2534 482 2583 modo
496 2537 564 2596 atque
578 2533 663 2582 eisdem
675 2531 751 2581 uerbis
763 2531 842 2581 eadem
856 2541 892 2580 res

92 2604 161 2656 tuerit
171 2605 281 2655 indicata.
290 2622 304 2652 n

124 2678 158 2728 td
172 2679 297 2729 secundom
315 2677 450 2741 dicendum,
464 2676 526 2742 qubd
539 2676 673 2728 obstetrices
687 2687 731 2725 uon
747 2677 800 2724 suut
817 2687 892 2724 ιιιιιιι-

94 2753 178 2801 uerataa
195 2763 237 2814 pro
251 2749 384 2810 mendacio,
399 2750 440 2800 sed
456 2762 497 2811 pro
511 2749 593 2799 timore
605 2748 644 2798 Dei
659 2752 683 2798 et
692 2746 849 2798 benevolentia
864 2759 893 2795 ex

94 2835 138 2884 qua
157 2822 267 2884 processit
280 2820 432 2872 mendacium.
448 2822 513 2871 Unde
531 2819 647 2884 signanter
663 2819 745 2870 dicitur
761 2816 893 2875 Ecod.,1:

97 2911 113 2941 c
130 2894 158 2944 ut
175 2893 229 2957 quin
246 2895 372 2945 timuerumt
387 2892 522 2944 obstetrices
541 2893 625 2955 Ιιιιιιι,
647 2889 767 2944 edificavit
788 2888 834 2938 iliis
854 2885 896 2936 do·
