1934 3284
348 122 381 163 ιι
396 122 553 166 mutarn.
803 117 852 165 io!

71 195 108 246 ld
128 198 234 259 omnum
246 197 382 261 dicendum,
396 199 457 264 qntd
470 199 522 252 ideo
533 200 639 252 chrislus
652 201 766 268 pruuipnt
782 203 851 255 noluit

34 267 198 320 humilitatem
214 271 394 332 commendauit,
410 270 465 334 quia
486 285 527 336 per
547 274 592 324 noo
607 273 706 324 mulne
722 279 851 327 narratur

33 340 234 404 impedimentum
252 343 357 394 luumauao
378 344 540 408 sustulimus
559 345 663 396 consistit
683 345 707 396 in
726 347 770 398 hoo
789 345 849 410 prod

33 414 116 462 homo
130 412 161 461 nd
173 414 274 466 caelestia
288 417 312 466 et
326 415 453 480 spiritualia
468 417 561 478 tendat,
572 416 585 467 l
596 418 677 479 ouibus
693 418 761 468 homo
777 417 850 483 inpo-

33 483 115 547 ditur,
126 484 180 534 dum
191 484 215 534 in
228 486 325 537 murenis
338 487 478 552 magnificari
492 489 576 539 studet.
592 490 621 539 Et
633 489 685 540 ideo
700 489 810 540 dominns
823 494 850 542 ut

34 555 236 617 impedimentum
250 559 330 610 eelulis
344 560 456 622 ruerus,
470 560 605 612 exteriorem
621 559 849 615 celsitudinenoun-

32 627 193 678 temnendam
206 631 339 681 monstrauit
355 643 395 694 per
403 630 538 682 numilitatis
551 632 671 696 exempla:
689 635 713 682 et
727 631 760 682 sic
772 634 849 684 numi-

33 700 97 750 litas
108 703 146 750 est
157 701 224 765 quasi
231 703 332 765 quedem
343 701 463 766 dispositio
472 703 502 752 ad
511 703 607 754 liberum
620 716 737 756 amenum
747 704 848 756 hominis

31 772 63 822 in
80 770 208 834 spiritualia
225 778 249 824 et
268 773 344 824 diuina
360 775 428 826 bona.
444 773 510 826 Siout
529 788 583 839 ergo
603 776 712 840 perlectia
728 779 762 830 est
775 775 848 840 polion
951 829 952 842 ,

34 842 204 906 dispositione,
218 845 251 896 ita
264 847 333 898 etiam
347 848 445 899 ennius
457 851 482 898 et
498 846 549 898 ulie
560 846 669 909 nmen,
680 847 763 912 quous
779 849 848 900 hunno

34 914 133 970 direele
145 919 288 972 mouetnrin
297 919 382 981 Deum
396 921 450 971 sunt
462 918 563 983 potiores
575 918 714 970 humilitate.

337 1092 497 1146 innodius
515 1093 554 1146 Vl.

40 1220 139 1271 vorem
148 1220 314 1265 ammissum
326 1220 511 1276 nemausam
524 1219 652 1266 seeundum
666 1221 762 1268 deum
770 1222 846 1268 Bene·

66 1286 165 1331 dictent
172 1283 295 1328 duodecino
303 1283 395 1340 maduo
403 1282 564 1338 tumilitutr'a3
574 1284 663 1330 calceet
672 1285 741 1330 corde
750 1289 848 1342 «leem

65 1347 343 1465 {temeretlgumititotem
362 1346 497 1402 ootesedem
513 1345 598 1404 delimo
613 1347 642 1394 ln
661 1350 750 1394 teroem
772 1357 848 1405 arpeo·

70 1539 110 1591 nd
125 1529 215 1587 eertum
229 1536 261 1587 sic
276 1534 406 1600 proceditur
418 1535 461 1599 (l).
476 1534 571 1598 Videtur
584 1533 847 1604 emolumentum

35 1610 215 1672 distinguantur
224 1607 340 1661 duodecim
354 1607 594 1674 gradus'luumilitatis,
605 1607 645 1672 qui
656 1607 679 1658 in
688 1607 774 1674 Regula
786 1607 848 1660 beuti

35 1682 163 1738 Benedicti
179 1684 293 1746 ponuntur
306 1697 311 1731 :
324 1681 423 1740 Quorum
437 1681 524 1746 primus
544 1685 580 1732 est
598 1698 611 1728 ιι
630 1681 698 1732 corde
714 1685 736 1731 el
754 1695 847 1746 corpore

35 1768 137 1820 semper
153 1753 303 1804 humilitatem
321 1754 438 1803 ostendere
452 1751 533 1804 deliris
547 1752 572 1802 in
588 1756 670 1804 tenram
684 1751 846 1817 aspectibus.»

36 1826 177 1886 Secundus,
196 1842 210 1874 u
223 1828 248 1875 ut
261 1837 332 1889 pauca
346 1823 415 1873 uerna
428 1828 452 1873 et
471 1821 612 1876 rationabilia
628 1825 733 1892 loquatur
750 1823 847 1892 aliquis,
951 1837 952 1876 ῖ

36 1916 92 1954 nou
103 1900 203 1950 clamosa
212 1909 279 1948 uoce.
295 1911 309 1943 u
321 1894 427 1958 Tertius,
438 1911 452 1942 u
462 1899 489 1944 nt
500 1907 545 1944 non
559 1895 590 1944 sil
598 1894 670 1944 facilis
681 1899 718 1943 aul
729 1898 848 1958 promptus

36 1976 64 2026 in
76 1971 160 2022 risum.
172 1983 186 2014 u
196 1969 305 2031 Quartus,
318 1983 332 2014 a
343 1965 484 2016 taciturnitas
493 1977 565 2028 usque
574 1966 601 2016 ad
613 1963 846 2030 interrogationem.»
951 1971 952 2018 ι

37 2045 157 2106 Quintus,
178 2043 279 2091 «unere
297 2038 357 2102 quod
373 2036 443 2087 habel
462 2035 588 2086 eommunis
606 2035 693 2099 Regula
706 2033 847 2086 monasterii.

40 2135 56 2165 u
72 2116 172 2174 Sextum
191 2125 206 2157 u
219 2111 309 2161 credere
328 2111 351 2160 et
372 2107 519 2173 pronuntiare
535 2119 559 2158 so
575 2106 681 2156 omnihus
699 2105 811 2156 uiliorem.
832 2122 847 2164 ιι,
896 2163 899 2170 ,

38 2183 179 2252 septimus,
193 2198 207 2230 ιι
224 2182 251 2231 ad
268 2179 345 2237 omnia
365 2178 483 2242 indignum
500 2181 524 2228 el
541 2177 646 2229 inutilem
665 2189 690 2228 se
708 2176 812 2232 confiteri
825 2179 861 2234 et.

38 2257 149 2311 eredere.
165 2269 180 2300 u
195 2253 306 2314 Octavus,
319 2268 334 2298 u
347 2250 458 2302 confessio
471 2252 623 2316 peccatorum.
638 2266 651 2296 u
666 2247 760 2310 Nouius,
781 2264 795 2296 u
809 2261 850 2312 per
916 2245 923 2265 ¹
949 2291 950 2294 ,

39 2324 200 2383 obedientiam
214 2322 238 2374 in
256 2324 318 2374 duris
332 2327 355 2374 et
375 2321 462 2387 asperis
479 2320 612 2387 patientiam
627 2320 740 2386 amplecti.
755 2335 768 2368 u
784 2321 851 2376 Deci·

39 2415 113 2462 mus,
128 2399 182 2446 «nt
198 2410 250 2447 curn
268 2394 396 2453 obedientia
416 2407 440 2444 se
460 2393 543 2444 subdat
561 2391 679 2457 majori.»
697 2389 848 2456 undecimae,

40 2493 56 2524 u
69 2475 99 2523 ut
108 2470 249 2521 uoluntatem
260 2467 374 2533 propriam
388 2479 433 2517 nou
451 2466 577 2518 delectetur
591 2464 694 2529 implere.
709 2481 722 2512 n
734 2465 850 2516 duodeci·
946 2469 947 2476 ’

40 2558 112 2606 mus,
124 2557 139 2589 u
148 2544 174 2590 ut
184 2541 257 2590 Deum
266 2540 358 2603 timeat,
369 2542 392 2589 et
401 2551 488 2599 memor
498 2537 528 2588 sit
539 2536 700 2600 omniumque
711 2536 849 2600 pracepitu
951 2543 952 2564 ³

39 2617 214 2669 Enumerantur
225 2611 286 2663 euim
309 2610 411 2674 hicque
426 2609 455 2659 ad
469 2609 525 2658 alias
538 2609 635 2659 uirtutes
648 2606 776 2672 per·tiuenl;
792 2605 851 2662 sicut
942 2644 944 2655 ,

41 2684 192 2739 obedientia
210 2687 234 2734 el
250 2683 388 2748 patientia.
402 2681 567 2730 Enumerantur
581 2677 648 2740 etiam
664 2678 737 2742 aliqua
754 2693 804 2747 quae
823 2680 857 2732 ad⁴

81 2801 116 2867 (l)
130 2805 164 2849 lle
175 2803 211 2850 tls
220 2800 367 2863 etlanlnlrl,
376 2813 417 2858 qu.
428 2798 484 2860 loll,
497 2803 542 2845 ert.
552 2797 577 2856 l,
589 2799 618 2844 ad
627 2797 655 2854 l,
669 2801 693 2844 et
703 2797 798 2849 dnm..
807 2798 849 2856 111,
951 2833 952 2836 ,

45 2871 95 2918 eol.
111 2866 137 2912 3.

761 3122 936 3235 Γ“
