1934 3284
369 148 401 185 b!
415 147 555 187 mutuum.
809 143 854 193 513

59 216 117 279 qnod
129 233 145 266 u
157 218 227 269 lason
241 218 354 271 ambiebat
365 234 479 271 summum
493 220 651 276 sacerdotium.
662 238 677 270 o
690 223 750 288 ldrgo
760 224 855 291 ambitio

57 301 102 338 non
112 290 238 353 opponitur
251 291 440 355 magnanimitati.

86 362 109 408 3.
121 362 252 425 Praetema,
262 363 354 415 ambitio
363 364 452 415 uidetur
464 366 493 414 ad
508 366 643 419 exteriorem
658 370 791 433 apparatum
803 382 856 433 per·

56 431 127 483 tinere
140 447 146 481 :
159 431 244 483 dicitur
256 435 317 484 euim
329 437 459 492 dotorum,
467 437 539 499 XXV,
549 436 610 501 qubd
624 456 637 485 o
649 439 747 503 agrippa
758 443 782 489 et
799 439 853 491 Ber·

55 503 105 554 uiue
127 518 182 555 eum
205 506 276 556 molta
295 507 418 562 ambitione
437 507 574 560 introierunt
590 510 734 574 pretorium,
753 528 767 559 a
785 515 808 561 et
823 514 852 563 ll.

54 576 153 640 Perat,
167 575 236 639 xvi,
250 576 310 639 qnod
325 595 339 626 o
353 592 421 643 supeg
434 592 516 645 corpus
531 582 574 631 risu
589 581 673 631 mortni
682 583 855 634 combusserunt

54 651 155 699 aromata
176 651 200 697 et
216 654 332 713 unguenta
344 650 469 702 ambitione
487 651 566 702 nimia.
583 652 655 701 »Sed
678 655 852 717 magnanimitas

54 733 98 769 non
111 724 148 772 est
163 719 224 771 eima
238 722 372 774 exteriorem
388 728 529 788 apparatum.
540 724 599 789 Ergo
615 724 707 776 ambitio
721 738 767 776 uon
781 738 853 791 oppo-

54 788 112 840 nitur
125 792 316 855 magnanimitati.

82 864 128 913 Sed
149 865 230 913 contra
247 868 295 928 est,
311 865 371 929 quod
389 866 478 920 rubrus
492 867 516 917 iu
530 868 550 916 l.
573 868 607 917 De
627 868 711 931 Ossia,
727 866 853 931 dicitquod

56 934 140 985 osiemt
157 935 254 999 quisque
273 936 426 1001 magnitudine
439 938 511 989 animi
528 938 631 1000 excellit,
647 939 678 988 ita
692 936 790 988 maxime
804 939 854 988 uult

54 1006 157 1057 omniura
171 1006 349 1072 princepssolus
361 1022 421 1061 esse.
438 1027 453 1059 a
470 1010 518 1061 sod
529 1012 574 1061 hoo
589 1011 688 1075 pertinet
705 1010 734 1061 ad
750 1008 854 1061 ambitio-

53 1090 113 1128 nem.
131 1079 193 1142 Ergo
212 1078 304 1130 ambitio
319 1079 418 1144 pertinet
430 1083 458 1131 ad
476 1094 596 1133 excessum
613 1080 813 1143 magnanimitatis.

84 1151 247 1211 (Cumanusro.
258 1178 289 1188 -
300 1152 399 1203 Ambitio
408 1153 541 1205 adversatur
554 1150 744 1216 magnanimitati,
755 1155 781 1202 ut
790 1152 851 1203 isur-

53 1218 155 1272 dinatum
165 1225 259 1287 propter
272 1220 406 1287 excessum,
417 1224 533 1277 ordinato.
548 1224 558 1287 )

80 1293 208 1359 Rependeo
224 1293 361 1357 dimndm,
375 1295 437 1359 maid
453 1296 512 1347 sicut
527 1294 663 1348 dictumest
679 1296 733 1355 (art.
749 1294 790 1359 d),
802 1308 852 1347 am-

53 1362 107 1416 bitio
119 1365 231 1430 importat
247 1368 374 1431 appetitum
389 1368 541 1419 inordinatum
555 1367 657 1419 horroris.
681 1366 853 1431 ldagnanimitas

54 1440 126 1487 autem
140 1441 178 1487 est
186 1438 246 1489 circa
255 1439 367 1498 honores,
379 1443 403 1491 et
413 1439 483 1489 utitur
495 1439 529 1490 eis
538 1438 662 1491 monadum
673 1438 734 1502 qudd
744 1442 849 1503 oportet:

54 1509 109 1558 mde
127 1509 273 1560 manifestum
288 1514 323 1561 est
336 1512 396 1574 qubd
412 1510 505 1562 ambitio
521 1510 642 1577 opponitur
656 1509 851 1575 magnanimitati,

54 1576 109 1629 sicut
123 1580 279 1633 inordinatum
290 1584 403 1634 ordinato.

82 1652 116 1703 id
131 1653 233 1717 primum
242 1666 296 1718 ergo
308 1654 427 1706 dicendum
434 1692 444 1718 ,
455 1652 516 1721 qubd
528 1651 703 1717 magnanimitas
714 1652 742 1703 ad
756 1654 800 1702 duo
808 1667 853 1705 res·

54 1721 127 1783 picit:
140 1724 170 1773 ad
187 1738 258 1774 unum
272 1724 364 1789 quidem
376 1765 383 1789 ,
397 1727 457 1777 sicui
469 1725 497 1776 ad
514 1726 581 1775 tinem
599 1724 726 1785 intentum,
741 1724 800 1795 quod
819 1730 854 1776 est

54 1792 144 1859 ltquod
158 1809 266 1861 magnum
279 1810 353 1863 opus,
366 1800 426 1862 guod
440 1796 600 1861 magnanimus
620 1798 717 1846 attentat
729 1796 853 1847 secundum

54 1877 119 1915 surm
141 1868 270 1919 facultatem
287 1886 293 1920 :
310 1874 456 1933 atquinium
471 1868 501 1919 ad
522 1869 580 1931 hue,
596 1867 718 1932 opponitur
733 1869 852 1931 magnani-¹

55 1936 93 1987 mit
100 1940 133 1990 uti
145 1952 187 2003 per
201 1954 336 2003 excessum,
348 1940 506 2006 praesumptim
519 1939 665 2004 presumptio
679 1938 739 1989 euim
757 1941 854 1990 attentat

55 2008 146 2075 aliquod
159 2024 266 2075 magnum
280 2027 339 2077 opus
349 2027 417 2077 supra
428 2025 494 2062 suam
509 2011 649 2071 laenitatem.
660 2012 693 2060 lid
703 2008 765 2059 aliud
778 2013 853 2061 antem

55 2082 146 2146 respicit
159 2083 345 2147 magnanimitas,
362 2085 421 2135 sicut
442 2085 471 2133 ad
485 2082 602 2133 materiam
615 2094 660 2144 qua
677 2079 752 2132 debite
769 2080 852 2143 utitur,

54 2151 140 2205 mirioet
154 2156 184 2206 ad
197 2156 307 2207 honorem
329 2173 335 2207 :
353 2160 378 2207 et
390 2159 501 2220 quantum
518 2155 546 2203 ad
562 2155 606 2203 boc
624 2152 746 2217 opponitur
759 2165 855 2215 magna-

55 2222 152 2275 uimiuti
168 2240 210 2290 per
223 2240 342 2278 excessum
356 2228 458 2278 ambitio.
475 2228 527 2277 Nun
543 2227 577 2275 ost
596 2228 672 2274 autem
689 2222 854 2273 inconveniens

56 2296 180 2347 meandum
193 2292 283 2350 diuersa
296 2313 348 2350 esse
363 2301 439 2364 plures
453 2310 560 2349 excessus
576 2296 643 2345 onius
658 2293 738 2345 medii.

85 2370 119 2419 dd
138 2371 263 2421 secundum
283 2371 416 2433 dicendum,
430 2370 492 2435 qnod
512 2368 611 2433 illisqui
628 2370 681 2417 sunl
696 2366 853 2417 constituliin

57 2433 175 2501 dignitate,
184 2446 278 2506 propter
287 2443 407 2507 quamdam
416 2440 573 2493 excellentiam
580 2438 655 2490 statuis
663 2438 759 2489 debetur
765 2439 837 2489 honor
846 2455 852 2489 :

58 2510 78 2557 ll
91 2513 216 2563 secundirm
234 2516 278 2565 boo
296 2514 439 2565 inordinatus
459 2513 573 2578 appetitus
597 2510 733 2573 dignitatum
754 2510 855 2575 pertinet

58 2582 83 2631 td
96 2585 252 2637 ambitionem.
267 2586 292 2637 Si
304 2586 355 2651 gruis
370 2584 431 2637 enim
448 2582 576 2636 inordinate
590 2584 707 2645 appeteret
720 2580 854 2644 dignitatem

59 2660 101 2704 uon
108 2657 197 2710 ratione
203 2658 311 2720 homone,
320 2658 360 2709 sed
372 2661 464 2721 propter
472 2655 573 2707 debitum
584 2652 702 2715 dignitatis
712 2666 779 2701 nsum
790 2664 855 2703 suam

60 2720 187 2780 facultatem
195 2730 354 2792 excedentem,
368 2744 415 2781 non
426 2731 486 2780 esset
501 2726 645 2785 ambitiosus,
657 2724 699 2775 sed
713 2724 786 2787 magis
795 2738 854 2789 prae-

59 2800 209 2863 sumptuusus.

88 2872 122 2923 ad
130 2871 223 2924 mum
235 2872 498 2939 monumemtum
508 2869 639 2927 mammos
650 2868 770 2925 cummunis
779 2865 854 2919 ouius
