1934 3284
100 102 146 150 titt
223 108 477 159 mensunusum,
494 108 580 155 consr-
596 108 655 157 exn,
672 108 729 147 ann.
746 110 775 147 11.

99 185 231 253 tcmpomlie
245 184 370 250 pronissa;
388 198 474 237 norum
487 190 564 237 autem
580 184 706 251 spiritualia
719 186 743 237 et
760 188 867 249 eum,
879 188 904 235 ul

99 256 239 322 Augustinus
255 256 311 307 dicit
331 256 634 310 consupiscentiam
649 255 800 309 necesarium
822 256 868 307 luit
879 259 905 307 nt

101 330 126 380 in
138 328 211 380 veteri
227 328 278 393 lege
289 328 387 393 populns
398 328 554 381 institueretur
568 328 666 393 qualiter
677 341 780 393 pugnare
793 328 904 390 deberat,

100 400 169 453 eliam
179 399 337 464 corporaliter,
347 412 388 466 pro
398 404 487 451 terrem
495 400 639 467 possessione
647 400 794 464 acquirenda.
806 400 835 451 ln
844 411 904 451 noro

100 474 175 523 antem
191 472 336 523 testamento
351 470 479 524 instruendi
496 473 590 525 luerunt
602 471 707 523 homines
722 470 823 535 cuntur
836 470 904 537 spiri-

100 543 191 596 tualiter
203 544 325 605 certando,
338 544 367 594 al
384 542 549 609 possessionem
564 544 619 595 vite
637 547 727 595 atem
740 544 904 609 peruenirent3

100 614 224 667 secundini
240 614 297 667 illul
310 616 414 677 licitis„
426 616 472 669 lll:
489 617 613 681 «Regnum
627 616 734 668 colorum
743 616 791 669 uini
807 616 903 681 patitur,

94 690 125 739 et
138 686 234 739 uiolenti
245 686 337 754 rapiunt
352 687 421 739 illud:
433 704 448 737 o
458 688 523 739 Unde
538 691 562 739 ot
575 689 656 739 Petrus
669 686 784 753 precipit,
802 688 823 739 l.
839 690 905 743 Pet„

101 756 143 808 ult.
164 772 171 808 ι
186 758 359 810 «Adversarius
372 762 447 809 vester
461 758 564 811 diabolus
577 762 686 822 unquam
698 757 735 809 leo
749 758 846 823 rugiens
858 758 907 809 cir-

102 829 262 896 cnitquaerens
278 844 347 895 quem
359 831 467 894 devoret3
483 830 522 881 cul
533 830 634 883 resistite
643 830 714 881 foues
732 830 758 881 in
770 830 834 895 iide3
854 834 907 882 oet

101 899 234 959 carnin
244 916 251 962 ;
265 920 279 950 ιι
290 900 503 965 llesistitedlabolo‚
514 903 538 952 et
545 900 617 967 lugiet
628 900 724 953 luobls.
734 917 749 949 u
757 901 817 963 Quia
828 905 907 953 tanuen

101 970 206 1025 homines
222 971 251 1024 ad
267 972 394 1039 spiritualia
407 973 467 1025 bona
482 974 603 1025 unientes
616 973 644 1023 ab
656 972 691 1025 eis
706 972 793 1025 retrahi
811 978 908 1039 possent

101 1057 143 1109 per
156 1044 281 1111 corporalia
292 1044 410 1111 pericula,
419 1044 512 1097 luerunt
522 1044 591 1095 etiam
600 1044 683 1107 inlege
698 1042 760 1095 noul
768 1044 846 1097 danda
859 1046 906 1097 lor·

101 1114 207 1167 titudinis
220 1108 333 1181 precepta
343 1116 371 1166 ad
387 1114 519 1166 sustinenda
534 1114 623 1166 fortiter
635 1114 769 1179 temporalia
780 1117 857 1181 mala,
871 1130 907 1169 se·

102 1186 204 1238 continu
222 1186 280 1240 illud
297 1186 437 1248 uertex
452 1202 459 1237 ε
476 1186 583 1241 «Nolite
600 1186 680 1237 liniens
692 1186 785 1251 eosqui
799 1187 907 1243 occidnut

102 1268 222 1324 eorpus.»

134 1333 168 1383 td
183 1332 308 1384 ιιιιιιιᾰιιιιι
322 1330 456 1394 nuum,
469 1330 532 1396 quun
546 1332 584 1382 len
599 1329 625 1401 iu
639 1328 687 1384 suis
700 1332 823 1397 preceptis
837 1333 907 1385 halet

103 1414 246 1454 communem
263 1402 444 1454 instructionem.
459 1403 491 1453 lla
507 1402 562 1455 uero
577 1417 627 1468 qne
639 1406 692 1453 sunt
707 1403 796 1467 agenda
808 1404 835 1453 in
847 1404 908 1470 peri-

103 1473 170 1535 culis,
187 1486 234 1524 non
242 1477 339 1539 possunt
351 1475 382 1526 ad
401 1474 492 1541 aliquod
505 1487 624 1527 wmmuns
637 1474 722 1525 bonnm
734 1474 833 1539 reduci,
848 1475 906 1527 sicut

103 1557 129 1596 ea
149 1559 200 1613 qne
217 1550 272 1595 sunt
286 1546 387 1597 uitanda.
406 1547 436 1597 Et
457 1546 509 1597 ideo
530 1551 647 1615 precepta
666 1546 810 1599 tortitudinis
833 1548 906 1612 nangis

103 1616 185 1670 dantur
197 1616 304 1681 negative
316 1616 384 1683 quin
398 1617 542 1670 affirmative.

133 1688 169 1738 ld
179 1687 269 1739 tertium
277 1688 406 1755 dicendum,
416 1690 477 1755 prol
491 1690 551 1741 siunt
560 1690 645 1741 dictum
657 1692 700 1752 est,
709 1694 827 1755 precepta
838 1692 906 1742 nera-

104 1756 151 1823 logi
158 1762 274 1825 ponuntur
282 1759 307 1811 in
317 1761 367 1825 lege
378 1762 437 1811 sicut
450 1760 523 1825 prima
533 1760 659 1828 principia,
668 1774 719 1825 qne
733 1760 812 1811 stetim
822 1762 906 1813 debent

104 1842 157 1893 esse
167 1829 271 1883 orontius
285 1835 348 1904 nota.
363 1832 392 1882 llt
404 1832 455 1883 ideo
471 1835 586 1897 precepta
599 1831 706 1897 Becalogi
715 1831 845 1885 debuerunt
857 1847 906 1887 esse

103 1901 260 1967 principaliter
270 1904 299 1954 ule
308 1904 398 1957 actibus
407 1903 512 1969 justitiae,
520 1902 544 1954 in
556 1904 638 1967 quihus
652 1902 773 1965 manifeste
788 1903 904 1957 inuenitur

104 1988 156 2029 esse
170 1976 227 2027 ratio
240 1976 310 2030 daim
321 1994 328 2027 ε
340 1992 388 2029 non
400 1981 477 2029 autem
491 1978 520 2029 ‹ls
533 1975 783 2041 actibus‘lurtitudinis‚
796 1979 853 2042 poia
862 1992 906 2031 non

103 2046 136 2098 ita
152 2046 273 2100 manifeste
283 2048 434 2101 videturesse
444 2047 706 2114 debitumquldallquls
713 2048 818 2113 pericula
829 2051 905 2103 mortis

104 2132 153 2180 non
164 2118 304 2174 reformidet

400 2226 560 2279 inuenitis
575 2227 604 2278 ll.

107 2333 199 2403 ΨΜ
211 2352 378 2399 comico·
393 2351 525 2397 intimau-
541 2354 658 2409 precepto
675 2350 705 2397 ιἰι
719 2352 771 2409 lopo
783 2352 868 2399 ἄυίιια
877 2354 904 2400 dc

361 2415 470 2473 partitate
481 2416 643 2471 fortitudinis.

135 2542 171 2593 llil
188 2540 626 2606 manumitterentur
641 2541 702 2605 usti
717 2542 904 2597 inconvenienter

102 2613 221 2709 nomm
237 2616 352 2679 precepta
368 2613 394 2664 in
415 2613 474 2678 lege·
488 2611 567 2663 lisine
584 2613 613 2664 de
631 2613 732 2679 palinus
750 2614 900 2667 tortitudinis.

104 2774 275 2835 transmittor
290 2778 420 2827 musanus
432 2768 597 2831 cameruost,
606 2780 702 2840 usmete
720 2780 802 2841 wopis
815 2782 903 2831 dour·

105 2838 165 2887 ts'eor
181 2835 256 2899 siout
271 2836 586 2905 consummaturus
953 2872 954 2881 ι
