1934 3284
920 11 934 98 l

106 141 153 188 tte
223 147 332 186 securum
349 146 479 197 meorum,
496 146 592 193 oum.
608 147 661 193 cur,
678 145 735 183 aar.
752 147 788 184 rr.
932 101 935 189 i

106 224 290 277 vehementiores
301 227 325 272 et
338 223 410 286 magis
423 222 580 286 opprimentes
593 221 720 279 tutionem,
732 235 802 284 quem
818 223 914 274 delecta·
934 202 936 265 i

108 298 184 347 tiones
201 293 309 344 ciborum.
328 296 355 343 Et
371 299 463 358 propter
482 295 527 343 troc
548 293 621 357 magis
637 294 744 356 indigent
763 295 915 357 castigatione
935 304 936 347 t

109 373 133 420 et
146 366 318 430 refrenatioue3
333 367 386 430 quin
408 367 427 416 si
441 365 475 417 eis
493 365 662 427 consentiatur,
677 365 753 429 magis
765 380 797 416 ex
814 369 862 416 troc
882 366 916 416 iu·
936 404 937 433 p

111 439 193 490 crescit
210 437 246 490 ris
265 437 471 502 concupiscentis,
488 440 513 488 st
525 436 632 500 dejicitur
649 435 723 486 virtus
742 438 837 488 ruentis.
856 438 917 488 llnde

112 510 252 574 Augustinus
272 509 330 560 dicit
347 509 371 560 iu
387 511 405 560 l.
422 508 527 573 soliloq.
546 523 554 558 t
574 525 588 556 s
606 507 671 561 lttnit
689 520 743 559 esse
765 510 845 560 mutio
861 509 918 572 quod
937 504 938 557 l

53 593 60 609 ·
114 582 188 645 magis
201 595 230 633 ex
243 595 295 634 arce
319 581 412 646 dejiciat
433 581 535 631 euimuur
553 580 657 643 viritem,
678 580 747 644 qrrim
762 582 919 633 blandimenti

114 652 237 716 leminea,
252 665 414 720 corporumque
433 653 472 704 ille
491 656 606 705 contectos
628 651 678 704 sine
700 667 748 717 qno
764 667 826 704 uxor
844 652 920 704 hateri

114 739 162 777 non
176 730 287 791 potest.»

146 797 181 848 ld
195 797 286 850 tertium
300 797 436 859 dicendum,
453 795 515 861 quid
526 795 688 848 delectationes
701 795 801 846 ultorum
813 811 920 848 muscum

118 882 165 921 non
185 869 300 934 pertinent
316 870 344 919 ad
359 871 461 919 naturam
476 867 576 919 hominis
588 868 781 927 commendam,
797 869 845 919 nisi
858 871 921 933 prout

117 941 250 996 ordinentur
263 943 290 992 ad
301 941 441 992 delectabilia
456 942 532 992 tactus
543 957 549 990 z
560 944 584 992 et
596 940 647 991 ideo
660 939 720 990 circe
732 942 872 1005 hujusmodi
882 943 921 991 de-

116 1013 248 1066 lectationes
261 1027 306 1065 nou
320 1017 356 1064 est
368 1013 444 1076 aliqua
454 1012 500 1063 alia
514 1012 588 1064 uirtus
596 1012 640 1062 sub
649 1012 805 1076 temperentia
820 1025 922 1078 compre·

117 1085 199 1136 leuse.
215 1084 259 1136 Sed
269 1082 432 1134 delectationes
444 1082 546 1152 ciborum
560 1080 665 1146 quamue
674 1081 805 1145 aliqualiter
818 1084 922 1134 ordinen-

117 1159 155 1209 tur
168 1157 197 1206 ed
211 1155 373 1206 delectationes
390 1167 552 1218 reurrmwm,
565 1159 642 1206 tamen
663 1153 731 1205 etiam
751 1168 795 1219 per
814 1169 842 1207 se
862 1156 925 1207 ordi-

119 1232 203 1279 neutur
215 1229 243 1279 ed
257 1227 326 1277 vitam
338 1227 437 1278 nominis
452 1229 639 1280 conservandam.
648 1227 677 1277 ttt
690 1226 743 1278 ideo
759 1226 834 1278 etiam
846 1241 924 1293 perse

119 1299 205 1350 habent
220 1299 342 1366 specialem
351 1299 467 1362 virtutem,
478 1298 629 1363 quamunilla
639 1298 712 1350 uuus
722 1312 775 1362 quc
783 1299 924 1352 abstinentia

122 1369 213 1434 dictur,
227 1371 316 1422 ordinet
326 1373 401 1422 actum
415 1383 481 1422 suum
494 1371 524 1420 ad
537 1369 607 1420 linem
618 1369 738 1422 uirtutis

414 1547 576 1601 reticentis
592 1546 631 1600 tt.

181 1676 267 1722 Utriter
279 1674 397 1732 pudicitie
409 1676 528 1732 pertineat
542 1675 718 1733 specialiterud
726 1676 878 1723 castitatem.

155 1803 189 1854 td
203 1805 306 1868 quartum
319 1801 353 1854 sic
365 1803 504 1868 proceditur.
515 1802 610 1856 Videtur
617 1802 677 1866 quod
691 1801 812 1867 pudicitia·
821 1818 873 1856 uon
881 1819 927 1870 per·

123 1875 196 1928 lineat
211 1874 339 1938 specialiter
353 1877 380 1926 ad
394 1875 531 1926 castitatem.
551 1873 609 1924 llicit
624 1873 685 1926 enim
705 1874 853 1938 Augustinus
872 1877 897 1926 in
911 1877 926 1925 t.

124 1947 162 1998 De
174 1947 251 1998 civit.
265 1947 315 1996 Dei
326 1947 336 2011 (
347 1959 397 2010 cap.
412 1945 523 2010 1),un
535 1962 550 1993 «
563 1944 673 2011 pudicitie
686 1950 723 1995 est
731 1946 839 2008 quedam
854 1949 927 1998 uirtus

125 2018 213 2070 anime.
229 2018 306 2068 »Nou
327 2028 381 2081 ergo
394 2021 429 2068 est
444 2016 528 2080 aliquid
547 2019 576 2068 ed
594 2017 723 2068 melotem
736 2016 877 2083 pertinens,
891 2020 927 2070 sed

125 2094 162 2142 eet
177 2102 219 2153 per
231 2088 330 2153 seipsam
343 2089 415 2140 uirtus
431 2087 445 2138 a
458 2087 563 2140 castitate
574 2089 689 2140 distincta.

157 2165 182 2212 i.
199 2161 322 2224 Praeterea,
336 2159 445 2225 pudicitie
462 2159 475 2210 l
489 2161 685 2225 pateremini,
702 2158 742 2223 uui
759 2160 854 2213 ridetur
872 2164 928 2214 idem

127 2245 179 2286 esse
204 2232 357 2284 verecundie.
385 2231 428 2282 Sed
454 2231 591 2282 uerecundia
612 2230 739 2282 secundum
763 2232 926 2286 llaurusceuuu

127 2304 185 2372 (lib.
200 2304 234 2366 tt,
244 2317 293 2369 cap.
305 2303 361 2366 ti).
373 2307 408 2353 est
418 2303 515 2367 deturpi
523 2306 575 2354 actu
585 2302 595 2368 (
605 2305 665 2368 quod
680 2302 789 2354 courenit
798 2305 864 2356 omni
873 2307 928 2356 ectri

126 2378 218 2430 vitioso.
228 2377 286 2441 Ergo
297 2374 404 2440 pudicitia
418 2387 464 2425 non
479 2376 551 2439 magis
562 2376 660 2440 pertinet
670 2376 698 2425 nd
708 2375 839 2428 castitatem
848 2417 855 2442 ‚
864 2379 929 2444 quau

129 2451 157 2502 ad
168 2450 224 2500 alias
241 2448 345 2500 uirtutes.

162 2525 184 2572 s.
199 2522 327 2585 Preterea‚
341 2518 495 2584 Philosophus
507 2519 564 2571 dicit
577 2521 603 2571 iu
618 2521 658 2571 llt.
675 2520 759 2572 litteo.
773 2519 817 2584 (ut
835 2523 929 2588 cupri),

130 2590 190 2655 quod
206 2592 281 2642 omnis
298 2588 470 2655 intemperentia
493 2593 628 2654 generaliter
643 2595 679 2642 est
697 2591 797 2642 monime
812 2595 931 2657 exprobra·

129 2661 190 2711 bilis.
203 2663 246 2710 Sed
258 2663 286 2712 ad
296 2662 427 2725 pudicitiam
438 2662 552 2724 pertinere
563 2663 651 2712 ridetur
660 2663 739 2725 ingere
747 2674 775 2712 ea
786 2677 839 2726 que
849 2678 930 2728 expro-

130 2731 226 2781 brabitiu
237 2736 297 2780 sunt.
312 2734 370 2794 Ergo
387 2731 494 2795 pudicitia
509 2734 607 2796 pertinet
620 2735 647 2783 ed
661 2745 742 2784 omnes
754 2739 833 2798 partes
847 2740 931 2799 tempe·

129 2799 224 2861 santiae,
242 2813 288 2850 uon
304 2808 378 2852 auum
392 2802 520 2866 specialiter
529 2805 558 2854 ad
570 2803 707 2855 castitatem.

163 2869 206 2918 sed
219 2875 298 2922 eontra
309 2877 359 2935 est,
372 2873 433 2936 quot
452 2875 591 2938 Augustinus
605 2874 661 2926 dicit
674 2875 699 2925 iu
713 2874 754 2927 lib.
767 2877 806 2927 De
818 2891 930 2941 perseue-
