1934 3284
15 2920 17 3003 i

129 156 176 207 ort
228 162 336 204 uncum
352 162 482 211 ιιιιιιιιι,
499 161 593 206 oum.
610 160 710 211 cuum,
727 162 786 201 ur.
801 165 840 202 ιι.

127 245 216 295 veritur
229 240 379 300 intelligibilis
387 238 529 303 exprimitur.
540 238 568 289 tii
575 238 629 301 puin
637 238 706 300 rigna
717 239 820 291 maxime
827 254 925 305 exprezeu

129 313 280 379 intelligibilis
293 312 394 363 tentetis
408 315 461 361 sunt
473 311 554 371 verbe,
568 311 620 359 ideo
631 310 699 359 altior
710 313 797 371 gradus
810 316 924 377 prophetie

128 389 217 438 uidetur
229 386 320 447 quaudo
331 385 440 447 prophete
451 382 514 432 endit
523 381 591 433 reihe
599 381 756 444 exprimentia
763 370 924 449 &iligihilen

130 456 248 511 veritatem
260 458 269 521 (
279 457 328 507 eive
338 456 363 505 in
373 455 495 518 uigilando,
505 455 555 504 uiuo
565 454 588 504 in
601 454 751 516 dormiendo)
764 454 837 517 quiin
847 458 925 519 ιιιιιι

129 532 190 581 videt
205 530 293 592 aliquas
306 542 342 579 res
355 526 518 591 significativas
530 525 647 586 ιοιίιιῑίις
658 525 719 575 mont
729 542 744 573 u
757 533 852 590 septem
867 529 926 591 spine

129 602 201 669 plene
215 601 344 665 significent
356 604 443 662 septem
457 612 529 649 annuos
544 597 656 647 ubertatis
665 614 680 644 ι
694 598 812 660 (donee,
828 600 927 658 xtlhln

131 674 215 739 quihus
226 674 295 723 etiam
306 673 377 734 signis
389 670 452 721 tenth
466 672 556 721 uidetur
569 669 690 732 prophetie
702 683 756 719 esse
768 670 929 734 altior,qnonui

131 747 195 809 signe
211 750 264 795 siunt
278 744 350 806 magis
366 756 488 807 expressa:
503 741 562 791 sient
582 741 675 803 quondo
690 742 808 792 ieremias
827 744 884 792 vidit
899 744 931 791 in-

132 817 236 868 cendium
250 816 347 866 ciuitatis
363 815 404 865 sub
422 813 569 863 similitudine
581 812 633 863 olle
644 825 773 875 succense,
788 814 932 865 sieutdrcitur

132 894 198 945 der„
211 890 229 937 1.
244 888 319 938 Tertio
337 891 412 936 autern
422 886 550 937 ostenditur
563 884 629 933 altior
638 897 690 933 esse
704 886 794 945 gradus
806 889 932 950 prophetie,

133 961 223 1025 quondo
242 959 352 1023 prophete
366 971 412 1008 uon
425 956 499 1007 solim
515 956 580 1005 uidet
594 955 662 1017 signe
674 955 806 1005 uerborum
815 958 856 1007 vel
870 960 934 1009 lento

134 1046 199 1091 rum,
215 1032 254 1081 sed
269 1030 336 1079 etiem
351 1029 412 1078 uidet
432 1028 487 1091 (vel
504 1028 672 1090 invigilando,
686 1026 765 1076 uelim
788 1030 933 1090 dormiendo]

134 1103 232 1167 aliquem
250 1101 296 1153 sihi
310 1100 491 1163 colloquentem,
505 1105 545 1150 ιιι
559 1098 643 1162 aliquid
661 1098 881 1163 demonstrantem
892 1103 934 1164 qun

134 1188 175 1239 per
193 1176 236 1225 hoe
250 1173 376 1224 ostenditur
389 1171 448 1235 quod
463 1186 529 1223 mene
547 1174 664 1235 prophete
680 1164 756 1235 megi's
776 1176 935 1239 appropinquet

134 1248 162 1297 ed
176 1259 267 1297 ιιιιιιι
283 1247 431 1295 revelantem.
451 1242 536 1302 Quarti
554 1246 632 1292 entem
649 1247 727 1306 potest
744 1246 840 1295 attendi
852 1246 936 1295 altitudo

135 1317 218 1381 padule
234 1315 371 1381 prophetalis
388 1328 416 1366 ex
429 1315 558 1366 conditione
571 1313 675 1377 ejusqui
692 1314 796 1364 videtur.
814 1318 876 1367 Nem
887 1319 937 1367 eltin-

135 1391 217 1453 gredns
229 1389 354 1453 prophetie
366 1391 418 1448 est,
433 1388 454 1437 si
466 1389 505 1438 ille
518 1387 558 1451 oui
568 1387 668 1450 loquitur
678 1387 717 1436 uel
729 1388 896 1452 demonstrat,
910 1392 936 1437 ιι

135 1464 214 1512 deetnr
227 1461 374 1523 invigilando
389 1461 425 1509 uel
438 1460 462 1509 ἰι
474 1460 605 1511 dormiendo
615 1459 640 1507 in
652 1459 731 1522 speeie
741 1462 840 1523 angeli,
849 1464 914 1527 quin
924 1463 937 1510 si

136 1534 241 1583 uideatur
252 1533 276 1581 in
295 1532 371 1597 speeie
390 1532 490 1583 hominis
505 1548 511 1583 ι
526 1535 550 1582 et
566 1532 640 1581 adhue
657 1531 735 1591 elder,
754 1532 777 1581 ei
802 1535 909 1585 videetm
923 1548 938 1580 :n

136 1605 268 1656 dormiendo
288 1605 324 1654 vel
344 1603 367 1652 iu
390 1604 506 1667 vigilando
524 1603 551 1652 in
572 1602 650 1665 specie
667 1602 724 1663 llei3
743 1605 883 1655 ueonndirm
898 1607 938 1655 illei

137 1679 208 1734 Ioui,
222 1677 252 1725 Vl
269 1690 302 1725 z«
314 1674 365 1725 Vidi
377 1677 499 1727 Dominum
510 1676 639 1726 uedentem.
654 1689 668 1721 u
683 1674 762 1738 Super
775 1690 866 1729 omnes
880 1687 938 1727 auten

138 1753 181 1801 hos
194 1750 276 1813 gradus
290 1753 324 1799 est
338 1748 428 1799 tertium
443 1761 516 1811 genno
537 1747 678 1811 prophetie,
689 1746 714 1795 iu
728 1761 778 1811 qno
798 1749 939 1813 intelligibilis

139 1822 225 1873 veritae
237 1825 260 1871 et
270 1820 447 1885 supernaturalis
459 1821 544 1883 ehmue
554 1818 689 1882 imaginarie
699 1818 797 1870 risione
811 1825 937 1874 ostenditur:

139 1908 190 1958 que
204 1898 279 1943 temen
293 1893 384 1943 excedit
394 1891 506 1942 rationem
520 1890 643 1955 prophetie
655 1888 750 1953 proprie
760 1891 855 1957 diotre,
869 1900 896 1943 ut
905 1893 939 1941 dic-

140 1972 188 2017 tum
205 1972 240 2017 est
254 1966 316 2030 (ert.
330 1964 401 2025 2,ed
416 1964 459 2025 t).
476 1965 505 2013 Et
515 1963 569 2013 ideo
583 1974 728 2024 consequens
739 1968 781 2013 est
793 1965 863 2027 qndd
874 1967 940 2029 grele

140 2039 264 2103 prophetie
278 2036 369 2102 proprie
382 2035 448 2086 dicte
462 2034 630 2097 distinguentur
639 2031 771 2084 eeenudhm
789 2036 955 2101 imaginariam¹

139 2124 261 2161 hieronem.

171 2183 205 2233 hd
217 2182 316 2246 primum
331 2176 389 2245 ergo‘
398 2181 532 2241 dicendum,
545 2179 606 2242 qnod
622 2176 731 2227 diseretio
748 2176 854 2230 luminis
869 2181 941 2230 intell·

140 2256 216 2322 gihilis
232 2268 277 2306 non
290 2258 367 2320 potest
384 2253 474 2305 huobis
488 2251 602 2316 ooguosoi,
613 2250 658 2301 uisi
668 2248 800 2299 seeundum
817 2253 882 2316 quod
893 2253 940 2316 jnd-

73 2323 83 2345 '
138 2331 201 2380 cetur
213 2340 254 2391 per
267 2326 342 2390 eliqua
356 2325 420 2387 signe
431 2324 564 2388 imaginaria
572 2324 610 2373 uel
619 2320 746 2373 sensibilia.
760 2323 793 2371 Et
805 2323 866 2376 ideo
876 2340 905 2376 ex
917 2324 941 2372 di-

140 2400 246 2522 'venitote
271 2399 445 2462 imaginatornm
467 2394 617 2460 perpenditur
635 2393 759 2443 diuersitas
784 2394 955 2472 intellectuali:

150 2486 240 2524 uminis.

171 2546 205 2595 lid
215 2543 339 2594 seeundum
350 2542 469 2593 dicendum
476 2578 485 2605 ,
492 2540 553 2604 qnod
560 2540 695 2602 sleuteupru
702 2538 795 2588 dietum
803 2544 846 2591 est
854 2542 904 2605 (qn.
912 2544 940 2588 il.
953 2503 955 2600 l

140 2620 183 2665 ert.
204 2615 246 2677 ι),
259 2614 378 2677 prophetia
392 2626 438 2664 nou
453 2617 489 2663 est
507 2626 547 2677 per
562 2612 655 2661 modurn
665 2610 759 2660 habitos
776 2610 955 2669 immanentis,-

141 2686 182 2734 eed
203 2685 275 2747 magis
293 2698 336 2747 per
354 2684 446 2735 modum
462 2681 578 2748 passionis
594 2680 743 2733 huneenutie.
765 2684 837 2735 Unde
859 2699 904 2735 non
917 2691 941 2730 eei

139 2755 304 2806 inconveniens
320 2756 380 2819 qudd
398 2756 438 2806 nni
455 2760 479 2807 et
496 2756 570 2806 eidem
584 2756 700 2819 prophete
714 2752 755 2803 het
768 2756 883 2807 revelatio
899 2761 955 2818 pro¹

141 2825 246 2887 phetiee,
261 2826 356 2877 diversis
368 2827 471 2891 vicibus,
487 2824 725 2877 eeunudlrmdiuereos
742 2828 841 2888 gradus.
953 2821 955 2832 '

173 2894 208 2943 hd
218 2896 309 2947 tertium
320 2898 455 2963 dicendum,
467 2897 530 2963 quod
549 2898 610 2949 dictu
622 2901 649 2949 et
658 2897 721 2948 tneo
738 2897 769 2949 de
785 2898 874 2962 quilius
884 2897 914 2948 ihi
924 2895 941 2944 it
