1934 3284
119 162 164 209 ott
230 172 337 211 secunus
353 172 479 219 emulum,
496 170 589 214 oonsr.
606 170 697 219 curru,
713 171 774 209 aar.
791 174 815 209 r„

124 252 193 307 tur,n
208 252 234 297 nt
244 248 327 297 dicitur
339 246 364 297 in
378 246 418 297 ttt.
431 248 540 297 utbr'cor.
551 247 646 297 Confert
657 250 737 297 antem
749 251 920 313 unumquodque

121 321 149 369 ad
166 320 186 368 iu
206 320 228 367 in
242 320 302 382 quod
317 318 391 368 tendit
409 318 534 369 secundnm
552 319 668 382 propriam
686 320 878 382 inclinationem,
890 326 921 371 ret

122 392 285 453 uoluntariam,
301 392 337 441 uel
351 391 484 440 naturalem.
499 391 528 439 Et
541 390 592 441 ideo
603 394 694 453 oportet
704 391 770 454 quot
784 395 825 446 ille
838 396 874 458 qui
888 411 923 443 ra-

125 464 186 527 pitur
197 463 224 511 ab
240 464 314 526 aliquo
326 463 431 513 exteriori
438 500 446 525 ,
457 464 557 525 rapiatur
566 463 589 511 iu
600 463 683 526 aliquid
696 466 760 525 quud
772 471 808 516 est
819 467 923 516 diuersum

126 536 153 584 ab
171 548 198 585 eo
218 534 241 583 iu
257 536 316 598 quod
337 536 388 598 ejus
402 533 517 583 inclinatio
530 533 611 583 tendit.
627 535 682 592 Quae
696 535 793 597 quidem
815 538 925 588 diuersitas

127 608 250 656 attenditur
267 606 392 671 dupliciter.
411 608 459 656 Uuo
478 606 570 669 quidem
587 606 671 668 modo,
687 612 805 670 quantum
819 611 848 660 ad
867 611 924 659 bueu

127 678 296 740 inclinationis,
312 677 366 742 puta
380 677 399 727 si
419 676 491 739 lapis,
505 676 544 739 uui
563 677 695 727 naturaliter
708 678 839 730 inclinatur
853 683 879 730 ad
892 684 925 730 box

128 750 187 814 quiid
198 752 281 800 teratur
291 752 409 808 deorsum,
419 749 550 813 projiciatur
560 762 660 799 sursum.
674 750 725 800 blio
737 752 818 812 modo,
829 761 927 815 quantun

128 822 258 872 admodum
273 821 393 884 teudeudi3
402 826 455 885 puta
469 822 489 870 si
503 820 560 883 lapis
568 820 670 870 relocibs
683 823 825 885 projiciatur
834 826 928 874 deoncuu

129 894 197 957 quam
216 894 245 943 sit
263 896 337 942 motus
356 894 407 955 ejus
424 891 542 941 naturalis.
560 891 597 940 Sic
616 892 686 955 igitur
700 898 724 942 et
738 894 822 944 anima
839 897 928 947 bomin}

129 964 247 1029 dupliciter
268 965 350 1014 dicitur
367 963 416 1029 rapi
429 964 451 1012 iu
471 963 496 1013 id
517 964 577 1026 quod
592 968 629 1014 est
649 968 732 1029 prater
753 972 873 1018 naturam.
891 972 929 1019 tut

130 1038 212 1100 ruodo,
227 1042 335 1100 quantum
351 1038 377 1086 ad
390 1035 513 1086 terminum
525 1035 616 1099 rapttls3
630 1035 688 1099 puta
706 1040 803 1099 qnando
818 1042 902 1104 rapitur
910 1055 929 1088 uc
944 1043 946 1048 '

130 1121 225 1172 poenas,
241 1110 366 1158 secundum
380 1108 435 1157 iilud
450 1106 544 1157 Prolm.
560 1108 647 1157 XLIX:
663 1126 677 1155 u
693 1110 729 1159 Ne
743 1112 843 1172 mando
858 1113 928 1176 rapiat.

129 1183 153 1228 et
167 1180 253 1229 nonsit
265 1179 303 1243 qui
315 1179 404 1243 eripiat.
423 1194 436 1225 r
456 1178 505 1229 alio
518 1179 601 1243 modo,
614 1181 727 1242 qnantum
741 1184 774 1232 ad
789 1186 886 1233 modurn
896 1187 930 1233 be

129 1251 187 1299 mini
196 1251 373 1310 connaturalem,
380 1251 417 1313 qui
425 1254 460 1300 est
470 1255 496 1299 ut
505 1262 546 1313 per
554 1250 671 1299 sensibilia
680 1251 803 1316 intelligat
809 1256 930 1305 veutauu.

131 1322 158 1371 Et
172 1322 222 1372 ideo
240 1324 329 1385 pando
347 1321 508 1373 abstrahiturir
521 1320 665 1371 sensibilium
678 1325 889 1387 apprehensione,
905 1327 931 1374 uii-

131 1394 189 1443 citur
206 1394 272 1457 rapi;
288 1393 355 1444 etiam
374 1394 394 1445 si
408 1394 509 1444 elevetur
521 1394 550 1442 ad
566 1405 594 1443 ea
608 1394 636 1441 ad
651 1406 705 1456 quae
727 1396 870 1447 naturaliter
887 1399 931 1447 urar

132 1469 215 1514 natur:
232 1466 285 1515 dum
303 1469 379 1515 tamen
392 1467 435 1515 boo
452 1464 552 1515 nuntiat
568 1476 597 1514 ex
608 1464 699 1528 propria
719 1465 875 1530 intentioue3
888 1469 931 1518 sicu

133 1537 216 1585 accidit
225 1536 248 1585 iu
263 1550 343 1587 sumno
356 1536 395 1601 qui
406 1540 442 1587 est
455 1534 580 1586 secundirm
592 1540 696 1585 naturam
708 1553 715 1587 r
729 1539 800 1589 unde
810 1554 862 1592 nou
873 1549 932 1605 petra

133 1607 224 1671 proprie
236 1613 326 1673 ruptus
338 1609 392 1659 dici.
408 1608 543 1672 liujusmodi
556 1610 632 1657 autem
647 1607 777 1659 abstractio
788 1612 820 1661 ad
832 1626 932 1677 quecun

135 1693 180 1743 que
196 1679 252 1743 stat,
268 1684 344 1745 potest
363 1694 393 1731 ex
412 1679 494 1745 triplici
507 1692 575 1729 causa
592 1679 727 1742 contingere
747 1697 754 1730 :
771 1696 823 1733 nno
838 1686 905 1734 modo
915 1697 934 1730 u

132 1764 201 1802 causa
214 1753 340 1817 corporati,
358 1754 419 1803 sicut
437 1752 519 1803 accidit
531 1753 556 1802 iu
569 1753 607 1802 his
621 1752 660 1815 qui
675 1758 774 1816 propter
790 1757 894 1820 aliquan
907 1757 932 1802 iu-

134 1823 264 1875 firmitatem
278 1826 437 1875 alienationem
451 1824 580 1889 patiuntur,
595 1825 695 1874 securmo
714 1826 804 1891 modo,
821 1842 852 1879 ex
867 1830 933 1877 rirtua

134 1900 348 1963 daemonuu13sicut
366 1902 428 1962 patet
445 1898 469 1946 in
482 1896 619 1961 arreptitiis3
630 1895 700 1945 tertio
715 1899 805 1962 modo,
822 1916 855 1951 ex
868 1902 933 1949 virtus

134 1972 210 2021 diuina
225 1986 230 2019 :
245 1972 308 2022 etsie
323 1971 436 2034 loquimur
450 1983 510 2019 nuuc
524 1971 551 2020 de
567 1972 648 2033 raptu,
665 1974 735 2033 prout
754 1972 853 2025 scillcet
867 1974 934 2035 atique

133 2044 214 2108 spiritu
227 2043 304 2093 dinuo
319 2044 419 2093 elevatur
431 2042 457 2092 ad
470 2042 546 2106 aliqua
563 2040 749 2104 supernaturalia
763 2057 825 2095 cum
845 2048 934 2096 abste:-

135 2117 196 2166 tlone
214 2114 359 2175 ascusibus3
379 2114 503 2164 seeuudlrm
526 2114 581 2163 illud
599 2114 699 2167 Erech„
719 2114 773 2164 Vlll
796 2133 804 2165 ι
823 2135 839 2164 u
853 2119 935 2181 Spirat

134 2186 231 2239 elevavit
249 2200 284 2237 rue
295 2187 354 2236 inter
368 2187 450 2236 caelum
462 2190 487 2236 et
498 2190 598 2247 terram,
613 2188 638 2235 et
650 2184 750 2234 adduxit
764 2190 849 2239 mein
861 2192 936 2239 lerusr·

135 2258 179 2307 lem
192 2257 216 2307 iu
232 2257 319 2308 risione
332 2257 381 2307 bei.
395 2274 409 2305 u
424 2256 545 2307 Sciendum
560 2259 637 2305 tamen
655 2256 717 2318 quod
735 2258 792 2321 rapi
814 2264 933 2325 quandoqn

135 2328 215 2378 dicitur
229 2330 310 2392 aliquis
322 2342 367 2379 nou
379 2328 452 2379 solium
466 2334 560 2393 propter
572 2327 731 2378 alienationem
748 2329 763 2379 b
779 2336 900 2390 sensibus,

136 2400 205 2450 etiam
223 2404 315 2465 propter
331 2401 491 2451 alienationem
509 2400 537 2449 ab
551 2398 587 2449 bis
610 2399 694 2462 quibus
712 2398 876 2467 intendebat3
894 2406 931 2452 siu

136 2472 188 2521 cirin
197 2472 278 2537 aliquis
286 2472 369 2537 patitur
379 2472 539 2537 evagationem
548 2470 632 2521 mentis
642 2474 727 2534 praeter
736 2476 936 2537 propositurum.

137 2545 181 2593 boc
195 2556 241 2594 nou
251 2544 281 2593 ita
295 2544 387 2609 proprie
399 2544 489 2595 (licitur.

168 2614 200 2663 bd
216 2614 314 2678 primum
330 2628 385 2677 ergo
399 2614 527 2677 dicendum,
537 2613 597 2677 quod
617 2612 719 2664 naturale
730 2619 770 2665 est
783 2616 880 2669 bomini
893 2623 914 2665 ut
921 2618 931 2661 1:

136 2682 214 2732 diuina
225 2685 302 2733 tendat
311 2698 352 2749 per
362 2684 504 2735 sensibilium
518 2685 736 2749 apprehensionem
750 2690 886 2739 secuudirnr
896 2689 926 2736 illl

136 2753 243 2804 Rom.,1
262 2769 267 2802 :
286 2757 434 2806 ‹iturisibilia
446 2756 491 2807 Dei
505 2770 545 2820 per
562 2770 652 2820 eaquae
666 2756 727 2807 tacla
743 2763 819 2823 sunt,
835 2761 934 2811 inretiat

135 2822 314 2884 conspiciuntur.
325 2842 339 2872 u
349 2828 392 2877 Sed
402 2827 445 2877 iste
458 2828 540 2878 modus
552 2826 613 2890 quod
623 2826 706 2891 aliquis
713 2827 826 2880 elevetur
836 2834 865 2881 ad
876 2834 935 2880 diurna

136 2902 187 2937 oum
201 2890 350 2945 abstractione
364 2896 378 2945 a
390 2896 510 2962 sensibus,
525 2911 573 2950 non
586 2902 622 2950 est
634 2897 724 2951 bomini
741 2897 872 2953 naturalis.
