1934 3284
120 136 166 185 ote
233 147 339 185 socnam
355 147 484 198 mennnm,
501 146 594 193 onaan.
612 148 698 198 cuna,
716 148 770 185 aar.
788 148 816 185 ιι.

150 224 185 273 td
198 223 293 287 primum
309 236 364 287 ergo
377 223 512 285 dicendum,
530 222 591 287 qndd
602 224 717 289 appetitus
729 222 787 274 boni
802 224 874 275 debet
886 236 918 273 re·

118 294 192 358 potari
205 294 328 345 secundom
342 294 465 358 rationem,
475 295 540 360 cnjus
556 296 656 355 mentam
670 296 690 345 si
700 296 863 359 transcendat,
880 294 920 346 erit

117 365 215 418 vitium
226 370 266 417 :et
276 369 321 419 hoc
333 368 400 418 modo
414 367 522 418 vitiosum
535 371 571 419 est
583 365 738 433 unitationis
751 368 867 419 honorem
880 381 918 430 ap-

118 440 183 502 petat
193 451 240 489 nou
249 438 373 491 secunddnn
386 440 486 491 ordinem
501 439 603 491 rahonis.
615 440 777 503 Vituperantur
791 442 871 489 antam
881 438 920 501 qui

119 521 167 560 non
178 514 258 560 curant
270 511 298 562 de
310 512 395 562 honore
408 510 537 563 secundnm
548 510 608 577 qubd
621 510 683 561 ratio
693 510 779 574 dictat,
792 513 819 561 ut
833 510 923 561 scilicet

119 594 165 631 non
182 580 257 631 vitent
269 595 296 633 ea
311 596 361 647 apra
376 586 430 634 sunt
448 581 562 632 contraria
580 580 670 632 honori.

150 652 185 706 nd
199 654 323 705 sectandum
333 653 467 717 dicendum,
477 653 539 717 qndd
547 654 620 703 honor
634 656 729 703 nonest
741 651 863 717 premium
877 651 921 700 ιιι-

119 722 174 775 tntiu
193 726 266 790 quoad
287 725 361 789 ipsum
379 724 522 786 ubtuosum,
543 726 569 773 nt
588 723 675 775 scilicet
690 725 736 775 hoc
759 736 802 787 pro
827 722 922 788 praemio

121 799 228 860 expetere
242 797 323 847 debeat
337 812 344 846 z
356 797 396 847 sed
410 810 451 860 pro
464 796 558 861 premio
572 794 659 866 expetit
676 794 859 856 beatitudinem,
873 806 922 859 qua

121 870 156 919 est
166 866 218 918 tinia
233 867 522 919 crotoniatarum
537 880 588 918 esse
602 868 742 931 promtam
755 866 882 923 nictatio,
897 878 923 915 en

120 942 186 1003 parte
197 938 292 989 aliorum
303 938 343 1002 qui
355 951 401 989 non
411 939 498 992 babent
511 937 596 1003 aliquid
609 938 683 1001 majus
696 936 757 1001 quod
770 936 877 989 virtuoso
891 949 923 985 re-

120 1010 233 1076 tribuant,
242 1008 309 1074 quim
321 1011 444 1074 honorem;
455 1010 495 1073 qui
506 1024 535 1059 en
547 1009 650 1073 hocipso
659 1007 844 1071 magnitudinem
855 1008 923 1059 hebet

119 1081 180 1147 uubd
194 1082 301 1147 perhibet
315 1081 473 1133 testinnonium
492 1082 580 1133 virtuti.
595 1082 659 1132 Unde
674 1084 737 1145 patet
750 1079 813 1145 qood
828 1094 877 1132 nou
890 1082 923 1129 est

119 1153 237 1206 aufidena
252 1152 388 1217 praemium,
403 1157 430 1203 ct
443 1151 525 1203 dicitm
537 1152 562 1202 in
574 1152 612 1203 w.
629 1152 711 1203 Ethic.
731 1151 783 1212 (ubi
796 1150 893 1217 snpnd).

151 1226 184 1275 hd
205 1224 298 1275 tertium
315 1223 452 1285 dicendum,
467 1222 529 1289 qubd
541 1224 601 1275 sicut
618 1238 661 1289 per
672 1221 798 1287 appetitum
812 1222 923 1283 honoris,

119 1296 209 1361 qnando
222 1294 299 1347 debito
312 1294 379 1345 modo
394 1295 519 1360 appetitur,
529 1292 600 1359 ahqni
613 1298 765 1361 provocantur
779 1293 808 1343 ad
826 1294 923 1354 bonum,

118 1371 144 1419 ot
158 1366 318 1420 revocantuntr
331 1366 406 1430 malo,
418 1368 450 1417 ita
464 1366 533 1419 etiem
551 1366 571 1417 si
581 1364 683 1418 ordinate
698 1370 836 1431 appetatur,
849 1368 923 1431 potest

118 1451 170 1491 esse
182 1436 271 1489 homini
285 1438 375 1488 occasio
391 1439 462 1489 multa
477 1440 536 1491 mala
550 1438 655 1501 iaciendi;
671 1438 725 1489 dum
739 1436 827 1487 scihcet
842 1436 923 1502 alionis

119 1522 166 1561 non
178 1512 240 1559 curat
253 1509 446 1574 qualitercumque
463 1511 571 1563 honorem
584 1508 696 1573 consequi
708 1508 789 1573 possit.
803 1508 872 1561 Unde
885 1510 923 1559 Sa·

119 1578 203 1632 iustius
218 1579 274 1629 dicit
283 1579 308 1629 in
319 1580 484 1639 Cutiliacrio,
495 1582 555 1647 qnbd
565 1599 579 1631 ιι
589 1580 681 1647 gloriam
691 1585 715 1632 et
722 1577 836 1632 honorem
847 1586 872 1633 et
884 1582 923 1631 bu-

121 1650 211 1717 perium
226 1649 332 1701 bonuset
342 1651 441 1714 ignavus
451 1652 516 1717 eqni
527 1653 570 1704 sibi
584 1653 755 1719 exoptant3sed
764 1652 804 1703 itte
820 1652 924 1717 (scilicet

120 1721 211 1785 bonus)
226 1721 280 1773 ueri
288 1720 326 1772 rii
337 1722 424 1787 utitnr3
434 1724 490 1774 hnic
502 1722 712 1787 (scilicetignavo)
724 1721 778 1786 quia
786 1722 856 1775 bonae
866 1726 923 1773 artes

121 1793 220 1855 desum,
237 1792 295 1845 dotis
317 1797 384 1857 atque
405 1794 502 1845 rabodus
521 1796 648 1846 contendit.
666 1811 680 1842 n
696 1795 725 1844 Et
739 1798 817 1845 umen
833 1794 870 1847 illi
888 1791 924 1857 qui

122 1863 197 1917 uotum
205 1868 298 1930 propter
308 1866 417 1917 honorem
429 1867 466 1917 rel
477 1868 539 1921 bona
547 1866 634 1917 iaciunt
641 1904 650 1933 ,
660 1867 698 1917 uel
708 1867 767 1917 mala
779 1866 869 1933 nitunt,
881 1878 923 1917 uon

21 1950 22 1956 ¹
121 1940 176 1987 munt
186 1935 299 2000 virtuosi3
311 1941 336 1987 nt
348 1941 411 2002 patet
422 1951 464 2002 per
476 1937 640 2001 Philosophum
653 1938 692 1987 ιιι.
708 1936 804 1995 utute„
816 1937 859 1988 nbi
872 1936 923 1989 dicit

122 2005 183 2073 quid
195 2026 208 2056 ιι
222 2022 268 2059 non
283 2012 338 2059 sunt
355 2008 409 2060 verb
427 2010 497 2061 fortes
517 2008 557 2073 qui
570 2012 663 2075 propter
681 2010 793 2060 honorem
808 2010 880 2063 iotha
894 2010 923 2059 ia-

123 2080 196 2131 ciunt.

425 2188 585 2239 anamotus
599 2189 628 2239 11.

152 2315 239 2359 Utriam
251 2314 350 2359 eruditio
364 2316 499 2371 opponatur
507 2312 703 2369 moubanimttcta'
711 2322 755 2369 per
769 2324 898 2359 mosaeam.

153 2440 187 2491 hd
206 2440 330 2493 secundnm
352 2440 386 2491 sic
406 2438 544 2505 proceditur.
566 2437 661 2489 Videtm
681 2438 742 2505 qudd
765 2438 860 2489 ambitio
879 2451 920 2490 non
947 2474 948 2501 ι

122 2515 250 2576 opponatur
263 2510 444 2575 magnanimitati
456 2524 498 2592 per
510 2523 638 2561 excessum.
653 2508 696 2560 Uni
710 2509 773 2561 enim
785 2508 860 2561 medio
880 2522 948 2569 non}

122 2582 244 2647 opponitur
253 2595 283 2632 ex
296 2596 343 2633 nna
353 2587 417 2649 parte
427 2582 472 2633 nisi
486 2594 555 2631 unum
565 2585 701 2633 extremum.
710 2582 755 2632 Sed
771 2580 948 2649 magnanimi

121 2653 164 2705 tati
177 2665 219 2717 per
228 2665 346 2704 excessum
360 2654 482 2719 opponitur
495 2652 650 2718 presumptio,
662 2656 688 2703 ut
701 2654 839 2704 dictumt
801 2658 846 2704 est.
865 2654 919 2717 Ergo

123 2735 170 2774 non
182 2724 303 2786 opponitur
316 2726 338 2775 ei
355 2724 448 2776 ambitio
460 2738 501 2788 pen
512 2738 639 2775 excessum.

155 2796 179 2841 2.
194 2792 317 2855 praterea,
331 2794 506 2858 magnanimitas
520 2799 554 2845 est
569 2795 630 2844 circa
645 2780 752 2846 honores.
767 2796 811 2847 Sed
830 2770 917 2847 ambitio

124 2863 216 2914 vedetur
227 2862 341 2927 perimere
355 2868 383 2918 ad
396 2866 545 2930 dignitatesa
558 2866 639 2917 dicitnr
652 2865 714 2917 enim
730 2866 752 2919 Π
766 2867 890 2931 dicebat„
899 2868 915 2929 i,
