1934 3284
100 165 147 214 236
242 169 351 212 sscurrna
366 171 492 223 sacam,
509 172 601 218 oum.
618 173 646 224 c,
662 171 717 212 aar.
735 174 752 210 r.

132 253 157 299 e.
171 251 299 311 Praeterea,
318 262 385 300 omne
402 249 463 313 quod
481 252 517 301 est
531 247 644 313 spirituali
661 261 789 312 annerum,
800 251 837 302 esi
849 247 900 314 spi-

100 321 188 372 rituale.
208 319 325 384 Supertlnd
338 333 392 386 ergo
405 319 502 382 additur,
519 320 584 370 orel
593 321 705 385 spirituali
715 333 838 374 annexum.
854 338 869 370 n

134 398 157 442 ι.
172 395 297 454 Praeterea,
315 393 377 456 l’apa
388 391 514 444 secundini
526 393 635 456 merdam
648 406 695 444 non
706 397 783 458 potest
795 391 902 444 commit-

103 467 151 516 tere
165 463 292 514 simoniam.
308 465 384 516 Potest
393 467 469 514 autem
483 476 558 515 emere
568 463 605 514 uel
619 465 718 516 uendere
732 465 818 528 adquid
831 464 903 529 spiri-

103 536 172 587 tuale.
193 537 252 600 Ergo
270 536 366 588 simonia
382 549 429 586 nou
445 539 479 587 est
499 537 605 587 uoluntas
624 535 714 588 emendi
732 536 769 588 uel
784 537 904 588 uendendi

101 607 186 672 aliquid
200 607 329 672 spirituale,
340 609 377 658 rel
394 606 508 672 spirituali
517 621 639 658 annerum.
693 651 704 666 „

131 681 177 731 Sed
191 684 268 732 contra
276 685 325 745 est,
335 682 395 744 quod
405 681 525 745 Gregorius
538 679 593 732 dicit
605 680 630 730 in
645 680 899 747 respiramentum,

100 751 137 802 vel
148 751 260 814 decimas,
274 753 311 802 vel
327 751 437 816 Spiritum
450 754 554 801 sanctum
565 764 642 802 emere
656 752 694 802 vel
705 750 816 816 uendere,
832 751 905 804 simo-

101 822 189 874 niacam
204 823 307 874 heresim
321 837 371 874 esse
385 823 460 873 nullus
476 821 577 872 fidelium
590 821 686 886 ignoret.
697 839 712 870 r>

135 893 296 958 (Coucnusro.
306 922 337 931 —
351 893 407 945 cnm
422 893 550 958 spiritualia
566 893 636 957 gratis
651 894 694 945 sul)
711 907 765 944 cura
779 893 902 958 dispensa-

101 964 169 1015 tionis
191 965 290 1030 praelatis
308 965 442 1028 commissa,
458 965 520 1015 nullo
539 965 630 1018 ualeant
652 970 741 1016 terreno
755 967 903 1030 compensari

100 1035 189 1100 pretio,
203 1037 284 1087 vitium
294 1037 398 1087 simonias
412 1037 531 1087 incurrunt
548 1036 683 1100 quicumque
692 1037 785 1089 student
798 1038 900 1092 vendere

100 1119 141 1158 seu
156 1121 231 1159 emere
243 1108 328 1171 aliquid
342 1107 473 1172 spirituale,
486 1107 524 1158 uel
537 1106 648 1171 spirituali
660 1107 794 1172 annexum.)

131 1179 265 1242 Respondeo
283 1179 417 1238 dicendum,
432 1177 493 1240 quod
503 1176 564 1227 sicut
577 1175 645 1242 snpra
658 1178 743 1229 dictum
761 1183 796 1230 est
807 1183 853 1243 (1,
874 1187 900 1246 2,

99 1263 138 1314 qu.
157 1253 200 1312 18,
217 1252 259 1299 art.
272 1247 314 1312 ι),
329 1254 391 1300 actus
409 1246 490 1312 aliquis
506 1253 541 1299 cst
555 1249 628 1300 malus
641 1263 670 1300 eu
686 1264 782 1315 penore,
797 1264 825 1303 eo
840 1254 905 1316 qnod

99 1320 160 1370 cadit
178 1333 246 1384 super
262 1319 377 1372 materiam
393 1319 524 1371 indebitam.
539 1321 665 1385 limpdionis
683 1325 758 1374 anem
780 1326 804 1374 et
818 1326 904 1376 vendi·

100 1391 168 1443 tionis
177 1396 211 1442 est
219 1392 314 1442 materia
322 1392 422 1444 indebita
431 1407 468 1444 res
477 1393 611 1458 spiritualis,
622 1393 705 1458 triplici
714 1395 810 1447 ratione.
820 1396 901 1447 Primo

99 1463 203 1530 quidem,
224 1463 276 1527 quia
291 1477 327 1515 res
345 1465 470 1528 spiritualis
487 1479 532 1517 non
542 1469 618 1530 potest
634 1465 709 1530 aliquo
720 1470 809 1519 terreno
824 1470 904 1533 pretio

99 1535 250 1600 compensari,
265 1535 323 1586 sicut
336 1537 364 1586 de
380 1535 498 1600 Sapientia
514 1536 596 1587 dicitnr
607 1539 735 1596 Proverln,
751 1531 797 1590 111:
814 1555 828 1587 n
841 1542 903 1593 Pre-

99 1607 178 1659 tiosior
191 1611 225 1659 est
238 1607 326 1658 cunctis
335 1609 425 1672 opibus,
440 1613 462 1659 et
474 1608 609 1673 omniaque
617 1609 774 1661 desiderantur
783 1610 839 1661 huic
849 1626 900 1664 non

99 1679 174 1732 valent
190 1680 322 1744 comparari.
336 1697 350 1728 a
371 1681 425 1732 ldeo
439 1680 507 1732 etiam
519 1682 600 1731 Petrus
613 1682 638 1731 in
650 1681 700 1745 ipsa
712 1682 749 1732 sui
766 1681 841 1734 radice
858 1684 899 1734 Si·

99 1750 171 1802 monis
181 1751 315 1816 pravitatem
325 1753 488 1814 condemnans,
503 1751 577 1802 dixit:
596 1768 609 1801 n
619 1753 719 1803 Pecunia
730 1757 769 1804 tua
781 1757 856 1805 tecum
868 1757 903 1808 sit

98 1821 122 1872 iu
133 1822 294 1888 perditionem,
310 1824 417 1888 quoniain
433 1824 518 1875 donum
532 1823 572 1873 lici
587 1822 721 1875 existimasti
739 1825 903 1889 peonnidpos-

98 1892 174 1944 sideri.
185 1909 199 1940 a
207 1894 320 1959 Secundo,
331 1896 355 1946 id
364 1908 409 1945 non
419 1897 496 1959 potest
505 1908 556 1945 esse
564 1895 639 1946 debita
649 1895 788 1947 venditionis
795 1897 902 1963 materia,

98 1964 166 2030 cujus
179 1965 282 2017 venditor
294 1981 341 2019 non
355 1971 390 2018 est
402 1965 507 2017 dominus
515 2003 524 2029 ,
532 1970 558 2017 ui
571 1970 634 2030 patet
648 1964 671 2016 in
683 1967 818 2019 auctoritate
829 1971 902 2033 supra

98 2035 197 2090 inducta.
213 2039 321 2090 Praelatns
330 2042 404 2089 autem
413 2037 522 2089 Ecclesiae
532 2051 578 2089 non
587 2042 623 2089 εει
632 2038 901 2104 dominusspiriturlium

98 2122 188 2172 rernm,
201 2111 241 2160 sed
254 2111 408 2176 dispensator,
420 2109 543 2160 secundnm
554 2109 609 2162 illud
623 2110 680 2161 lud
692 2111 763 2167 Coa,
774 2112 820 2161 lll:
834 2113 898 2165 «sio

98 2193 141 2232 nos
150 2181 263 2233 existimet
274 2185 341 2234 domo
356 2185 381 2232 ut
395 2181 513 2233 ministros
523 2181 610 2248 Christi
619 2186 643 2233 ει
653 2183 821 2246 dispensatores
834 2197 901 2250 mps-

98 2251 204 2302 teriorum
222 2252 269 2304 liei.
289 2270 303 2301 ι)
317 2253 406 2317 Tertii,
421 2253 474 2316 quia
493 2253 595 2304 venditio
615 2259 726 2320 repugnat
745 2253 900 2318 spiritualium

97 2322 192 2388 origini,
204 2338 255 2388 que
274 2339 303 2376 ex
317 2326 413 2390 petrin
430 2325 548 2377 voluntate
565 2326 606 2376 liei
625 2327 778 2390 proueniunt3
798 2326 901 2379 undeet

97 2394 205 2446 liomlnns
221 2395 288 2458 dicit,
301 2397 452 2456 Mattd.,ll:
471 2397 567 2448 «Gratis
577 2397 713 2462 accepistis,
727 2396 798 2461 pratis
810 2398 900 2449 date.»

97 2465 126 2514 Et
139 2466 205 2528 ideo,
219 2467 302 2531 aliquis
311 2468 407 2518 emendo
421 2467 458 2517 vel
475 2469 594 2520 vendendo
612 2482 659 2520 rem
671 2468 827 2532 spiritualem,
839 2468 898 2520 irre-

97 2537 222 2588 verentiam
236 2539 330 2590 exhibet
342 2540 387 2590 lieo
400 2542 425 2589 et
442 2539 511 2590 rebus
522 2539 607 2591 diuinis
620 2540 802 2605 :propterquod
817 2543 902 2604 peccat

97 2612 190 2671 peccato
205 2608 390 2672 irreligiositatis.

128 2681 162 2730 nd
179 2682 277 2745 primum
294 2695 347 2744 ergo
361 2675 495 2747 dicendum,
512 2680 648 2746 qudd'sicut
659 2681 738 2746 religio
752 2683 856 2734 consistit
869 2684 895 2735 in

99 2753 195 2815 quadam
206 2751 259 2802 fidei
270 2753 446 2815 protestatione,
459 2767 527 2818 quam
541 2757 616 2803 tamen
630 2752 712 2820 aliquis
727 2753 838 2804 interdum
849 2768 896 2806 non

99 2821 291 2886 debellatoris,
304 2823 335 2872 ita
345 2824 413 2874 eliam
426 2825 483 2876 vitia
495 2824 599 2890 opposita
609 2823 713 2889 religioni
721 2826 807 2877 liabent
816 2838 899 2889 quam-

97 2893 148 2944 dam
161 2893 348 2968 protestationem
360 2894 512 2961 infidelitatis,
527 2895 581 2948 licit
594 2897 728 2972 quaudoque
742 2896 829 2950 nonsit
840 2896 895 2960 inli-
