1934 3284
103 181 149 228 'tlt
222 186 333 226 securos
349 188 477 237 sueonum,
492 189 584 234 onum.
602 188 667 237 eurr,
683 187 739 226 aar.
755 167 788 228 vj

102 267 140 317 ille
157 265 196 328 qui
213 265 251 314 dat
272 264 439 331 eleemosynam
458 267 483 315 ut
503 265 597 328 aliquem
620 265 714 315 indurat
732 266 760 315 ad
776 267 901 333 haeresim,

102 337 226 387 mortaliter
244 340 322 400 peccet
339 341 429 401 propter
445 338 592 387 intentionem
606 340 743 402 eomuptam.
762 337 855 389 llietum
872 347 904 391 est
958 363 960 366 >

103 413 177 458 autern
191 421 271 472 supra,
291 407 350 472 qudd
364 421 490 458 consensus
508 408 532 457 in
547 408 718 458 delectationem
734 410 827 472 peccati
842 426 904 463 mor-

101 480 168 541 talis,
183 483 217 528 esl
236 484 350 542 pennatum
371 481 474 540 mortale,
488 483 510 529 et
523 493 568 528 non
585 479 657 529 soldm
676 493 805 532 consensus
822 482 848 532 iu
866 497 906 533 ao-

103 553 148 600 tum
163 551 205 614 (t).
219 551 247 600 Et
256 552 307 602 ideo
319 551 369 600 elem
378 551 495 601 looniralio
505 550 534 599 sit
546 555 663 613 peceatum
673 553 786 617 mortale,
798 556 905 604 etmulti

934 390 960 599 l

102 621 174 684 magis
187 622 236 673 allae
248 623 340 673 luxurie
355 624 457 688 species,
470 635 611 685 oonseqnens
628 626 661 672 est
671 622 729 686 qrudd
744 628 906 676 consensusiu
958 660 960 663 -

103 693 273 744 delectationem
284 695 336 744 tatis
345 694 440 758 peccati,
453 695 483 743 sil
493 698 609 757 peceatum
620 694 727 759 mortale;
737 699 761 744 et
774 710 824 746 non
835 698 906 748 sollum

104 777 228 816 cousensus
241 767 265 816 in
280 771 363 816 actum.
382 768 411 815 lit
423 765 473 817 ideo
486 766 539 815 olum
554 766 630 815 osenla
645 770 668 815 et
686 767 810 830 amplexus
829 771 907 835 hujus-

104 837 165 888 modi
182 842 273 901 propter
291 838 460 889 delectationem
475 837 604 900 lrujrrsmodi
621 837 676 886 liant
687 876 694 897 ‚
707 852 860 902 consequeus
873 845 907 892 est

104 911 163 975 quod
177 909 223 960 sint
238 915 329 974 peecata
343 910 460 973 mortalia,
474 911 541 960 etsie
558 909 630 960 sotium
642 909 748 961 dicuutur
763 912 905 965 libidinosa:

104 984 164 1032 unde
180 981 440 1045 hnjrrsmodiseeundlnu
455 981 578 1046 quodsum
591 981 726 1046 libidinosa,
742 988 798 1032 sunt
816 991 919 1048 peecata,

106 1055 208 1106 mortalia
225 1053 265 1116 tt).

137 1128 168 1176 rld
182 1126 277 1190 primurn
294 1137 347 1188 ergo
363 1123 479 1175 dieendlrrn
487 1163 495 1188 ,
510 1124 568 1188 qudd
583 1123 703 1189 Apostolus
718 1125 770 1176 ideo
784 1141 834 1180 nou
846 1143 909 1179 resu-

40 1209 45 1222 ·
106 1197 146 1246 mit
161 1197 197 1246 illa
215 1197 271 1259 tria,
285 1197 337 1261 quia
350 1211 394 1246 uon
406 1198 491 1246 habent
504 1209 586 1248 nornen
600 1196 687 1261 peceati
697 1235 703 1257 ,
714 1197 759 1248 nisi
780 1199 909 1252 secuoddm

105 1268 165 1332 qnod
178 1270 308 1318 ordinantur
324 1269 351 1318 ael
366 1269 523 1331 praecedentia.

137 1341 170 1390 dd
184 1340 307 1388 secundum
321 1334 455 1400 dicendum,
467 1339 526 1402 quod
537 1338 611 1389 oscula
623 1341 743 1398 ettamen,
754 1341 911 1403 quamvisse·

106 1409 203 1461 cundrlm
220 1425 244 1460 se
259 1424 303 1459 non
320 1410 445 1474 impediant
462 1412 545 1461 bouum
559 1410 629 1472 prolis
642 1412 763 1471 humanae,
781 1414 912 1475 procedunt
958 1414 960 1419 '

104 1485 181 1532 tamen
195 1497 223 1532 ex
234 1482 325 1532 libidine
336 1495 386 1545 que
401 1488 435 1533 est
446 1484 508 1533 radix
518 1482 648 1544 trurjrrsnuodi
658 1481 835 1548 impedimenti;
847 1489 873 1536 et
882 1499 911 1535 ex

105 1551 152 1603 hoe*
161 1554 244 1602 hahent
257 1553 366 1603 rationem
380 1555 464 1618 peccati
479 1554 587 1603 mortalis.

137 1625 169 1673 nrt
188 1625 277 1674 tertium
293 1625 427 1686 otrentum,
442 1625 502 1689 qnod
518 1626 576 1674 ratio
594 1625 632 1674 illa
646 1625 764 1675 concludit
781 1625 846 1690 qnod
861 1629 913 1678 hu-

105 1697 204 1760 jusmodi
215 1710 260 1746 nou
279 1701 331 1746 sunt
343 1701 437 1762 peecata
451 1696 574 1747 secuudium
588 1710 651 1746 suam
665 1696 776 1760 speeiem.

141 1851 173 1912 (1)
189 1853 224 1898 Sic
236 1849 297 1898 enim
309 1865 337 1898 ex
346 1852 452 1910 professo
467 1851 491 1905 l,
502 1852 527 1904 Ξ,
542 1865 583 1908 qu.
596 1851 635 1905 tt,
650 1858 693 1897 art.
704 1850 728 1904 Β,
741 1853 781 1896 ubi
797 1855 913 1910 quaeritur

107 1917 192 1961 dtrdm
212 1928 339 1961 contemnor
358 1917 387 1960 tm
405 1915 584 1960 delectationem
602 1916 633 1960 eit
650 1920 776 1972 peecatum
794 1918 910 1963 moa-late.

108 1979 182 2024 Minus
199 1977 307 2034 expresse
325 1985 401 2024 nutem
417 1984 460 2023 art.
477 1977 505 2037 7,
518 1979 557 2035 qni
568 1978 629 2034 putus
645 1984 724 2023 tamen
736 1978 913 2037 adiungebutur

110 2043 139 2088 nd
154 2043 288 2099 marginem.

141 2110 175 2175 (l)
188 2113 258 2166 Quam
272 2113 416 2168 impudenter
428 2112 498 2168 porrd
509 2112 604 2166 Regardi
615 2110 671 2157 olim
685 2115 710 2154 et
722 2111 832 2166 &wine
846 2113 913 2158 inter

107 2176 247 2222 execrandos
266 2188 369 2227 errores,
384 2187 443 2232 quos
459 2175 502 2219 lroo
515 2175 607 2220 nomine
619 2175 754 2219 clemensv
764 2173 789 2217 in
802 2175 911 2220 coneilio

107 2239 234 2286 Viennensi
245 2238 374 2291 damnarit,
387 2238 447 2283 huno
462 2238 583 2293 sentimum
591 2239 729 2293 jactabunt,
743 2236 806 2292 qnod
818 2239 912 2283 martie-

106 2304 144 2347 rie
157 2298 267 2348 osculum
280 2300 391 2357 quidem,
405 2303 460 2345 olem
473 2301 504 2344 ad
516 2301 560 2345 loe
573 2306 667 2346 nmero
679 2312 729 2344 oon
744 2300 863 2350 inclinet,
873 2306 908 2346 eat
958 2320 960 2323 ·

106 2364 209 2410 mortulo
222 2369 361 2422 peecatum:
376 2365 444 2408 oeteo
459 2368 539 2408 antem
552 2364 678 2412 cornutio,
692 2364 747 2408 edm
759 2361 790 2406 ud
803 2363 849 2407 too
864 2377 911 2408 na-

107 2430 164 2477 ture
182 2428 301 2476 inclinet,
315 2430 441 2486 peccatum
460 2439 511 2470 mon
532 2429 580 2476 eet,
596 2426 704 2471 maxime
724 2425 780 2470 olem
798 2428 911 2472 leantur

107 2501 233 2540 exercent,
244 2495 286 2535 eto.
