<?xml version="1.0" encoding="UTF-8"?>
<!DOCTYPE html PUBLIC "-//W3C//DTD XHTML 1.0 Transitional//EN"
    "http://www.w3.org/TR/xhtml1/DTD/xhtml1-transitional.dtd">
<html xmlns="http://www.w3.org/1999/xhtml" xml:lang="en" lang="en">
 <head>
  <title>
</title>
<meta http-equiv="Content-Type" content="text/html;charset=utf-8" />
  <meta name='ocr-system' content='tesseract 3.04.00' />
  <meta name='ocr-capabilities' content='ocr_page ocr_carea ocr_par ocr_line ocrx_word'/>
</head>
<body>
  <div class='ocr_page' id='page_1' title='image "./summatheologica05nicogoog_0239.png"; bbox 0 0 1934 3284; ppageno 0'>
   <div class='ocr_carea' id='block_1_1' title="bbox 118 211 771 273">
    <p class='ocr_par' dir='ltr' id='par_1_1' title="bbox 118 211 771 273">
     <span class='ocr_line' id='line_1_1' title="bbox 118 211 771 273; baseline 0.005 -16"><span class='ocrx_word' id='word_1_1' title='bbox 118 211 165 258; x_wconf 70' lang='lat' dir='ltr'><strong>itt</strong></span> <span class='ocrx_word' id='word_1_2' title='bbox 259 219 513 273; x_wconf 67' lang='lat' dir='ltr'><strong>cameracorensi,</strong></span> <span class='ocrx_word' id='word_1_3' title='bbox 530 222 621 267; x_wconf 73' lang='lat' dir='ltr'><strong>onam.</strong></span> <span class='ocrx_word' id='word_1_4' title='bbox 639 222 663 273; x_wconf 86' lang='lat' dir='ltr'><strong>c,</strong></span> <span class='ocrx_word' id='word_1_5' title='bbox 680 221 735 260; x_wconf 82' lang='lat' dir='ltr'><strong>aar.</strong></span> <span class='ocrx_word' id='word_1_6' title='bbox 753 225 771 260; x_wconf 92' lang='lat' dir='ltr'><strong>r.</strong></span> 
     </span>
    </p>
   </div>
   <div class='ocr_carea' id='block_1_2' title="bbox 88 296 926 1434">
    <p class='ocr_par' dir='ltr' id='par_1_2' title="bbox 117 296 922 718">
     <span class='ocr_line' id='line_1_2' title="bbox 118 296 919 363; baseline 0.002 -13"><span class='ocrx_word' id='word_1_7' title='bbox 118 311 164 350; x_wconf 92' lang='lat' dir='ltr'><strong>non</strong></span> <span class='ocrx_word' id='word_1_8' title='bbox 174 296 311 348; x_wconf 81' lang='lat' dir='ltr'><strong>sufficienter</strong></span> <span class='ocrx_word' id='word_1_9' title='bbox 322 296 409 347; x_wconf 75' lang='lat' dir='ltr'><strong>udatur</strong></span> <span class='ocrx_word' id='word_1_10' title='bbox 422 296 435 347; x_wconf 77' lang='lat' dir='ltr'><strong>a</strong></span> <span class='ocrx_word' id='word_1_11' title='bbox 446 297 560 362; x_wconf 80' lang='lat' dir='ltr'><strong>peccando</strong></span> <span class='ocrx_word' id='word_1_12' title='bbox 577 298 649 348; x_wconf 90' lang='lat' dir='ltr'><strong>arceri</strong></span> <span class='ocrx_word' id='word_1_13' title='bbox 662 311 703 363; x_wconf 91' lang='lat' dir='ltr'><strong>per</strong></span> <span class='ocrx_word' id='word_1_14' title='bbox 713 299 757 349; x_wconf 91' lang='lat' dir='ltr'><strong>boc</strong></span> <span class='ocrx_word' id='word_1_15' title='bbox 771 298 831 363; x_wconf 81' lang='lat' dir='ltr'><strong>qubd</strong></span> <span class='ocrx_word' id='word_1_16' title='bbox 850 313 919 352; x_wconf 84' lang='lat' dir='ltr'><strong>sacra</strong></span> 
     </span>
     <span class='ocr_line' id='line_1_3' title="bbox 117 368 916 435; baseline 0.003 -14"><span class='ocrx_word' id='word_1_17' title='bbox 117 370 140 422; x_wconf 92' lang='lat' dir='ltr'><strong>ei</strong></span> <span class='ocrx_word' id='word_1_18' title='bbox 151 368 322 428; x_wconf 84' lang='lat' dir='ltr'><strong>interdicuntur,</strong></span> <span class='ocrx_word' id='word_1_19' title='bbox 332 369 449 432; x_wconf 80' lang='lat' dir='ltr'><strong>dequibus</strong></span> <span class='ocrx_word' id='word_1_20' title='bbox 462 380 510 418; x_wconf 90' lang='lat' dir='ltr'><strong>non</strong></span> <span class='ocrx_word' id='word_1_21' title='bbox 518 372 584 418; x_wconf 89' lang='lat' dir='ltr'><strong>curat</strong></span> <span class='ocrx_word' id='word_1_22' title='bbox 596 383 603 417; x_wconf 79' lang='lat' dir='ltr'>z</span> <span class='ocrx_word' id='word_1_23' title='bbox 618 373 642 419; x_wconf 88' lang='lat' dir='ltr'><strong>el</strong></span> <span class='ocrx_word' id='word_1_24' title='bbox 654 370 706 420; x_wconf 86' lang='lat' dir='ltr'><strong>ideo</strong></span> <span class='ocrx_word' id='word_1_25' title='bbox 717 369 842 421; x_wconf 83' lang='lat' dir='ltr'><strong>sccundirm</strong></span> <span class='ocrx_word' id='word_1_26' title='bbox 848 372 916 435; x_wconf 83' lang='lat' dir='ltr'><strong>leges</strong></span> 
     </span>
     <span class='ocr_line' id='line_1_4' title="bbox 118 437 920 504; baseline 0.002 -12"><span class='ocrx_word' id='word_1_27' title='bbox 118 443 227 492; x_wconf 83' lang='lat' dir='ltr'><strong>humanas</strong></span> <span class='ocrx_word' id='word_1_28' title='bbox 250 437 368 489; x_wconf 80' lang='lat' dir='ltr'><strong>adhibetur</strong></span> <span class='ocrx_word' id='word_1_29' title='bbox 388 441 468 504; x_wconf 86' lang='lat' dir='ltr'><strong>capitia</strong></span> <span class='ocrx_word' id='word_1_30' title='bbox 487 453 568 504; x_wconf 81' lang='lat' dir='ltr'><strong>poena3</strong></span> <span class='ocrx_word' id='word_1_31' title='bbox 583 439 708 492; x_wconf 76' lang='lat' dir='ltr'><strong>secontiam</strong></span> <span class='ocrx_word' id='word_1_32' title='bbox 732 441 785 492; x_wconf 83' lang='lat' dir='ltr'><strong>verb</strong></span> <span class='ocrx_word' id='word_1_33' title='bbox 807 442 920 494; x_wconf 74' lang='lat' dir='ltr'><strong>Ecclesiae</strong></span> 
     </span>
     <span class='ocr_line' id='line_1_5' title="bbox 118 511 922 578; baseline 0.004 -15"><span class='ocrx_word' id='word_1_34' title='bbox 118 515 214 573; x_wconf 73' lang='lat' dir='ltr'><strong>statum,</strong></span> <span class='ocrx_word' id='word_1_35' title='bbox 225 523 275 575; x_wconf 80' lang='lat' dir='ltr'><strong>qum</strong></span> <span class='ocrx_word' id='word_1_36' title='bbox 290 514 384 561; x_wconf 87' lang='lat' dir='ltr'><strong>mortem</strong></span> <span class='ocrx_word' id='word_1_37' title='bbox 399 512 536 575; x_wconf 76' lang='lat' dir='ltr'>corporalem</span> <span class='ocrx_word' id='word_1_38' title='bbox 549 523 595 561; x_wconf 93' lang='lat' dir='ltr'><strong>non</strong></span> <span class='ocrx_word' id='word_1_39' title='bbox 608 511 691 575; x_wconf 74' lang='lat' dir='ltr'><strong>intigit</strong></span> <span class='ocrx_word' id='word_1_40' title='bbox 700 550 706 574; x_wconf 82' lang='lat'><em>,</em></span> <span class='ocrx_word' id='word_1_41' title='bbox 716 511 834 564; x_wconf 76' lang='lat' dir='ltr'>adhibetur</span> <span class='ocrx_word' id='word_1_42' title='bbox 847 527 922 578; x_wconf 84' lang='lat' dir='ltr'><strong>poena</strong></span> 
     </span>
     <span class='ocr_line' id='line_1_6' title="bbox 117 582 918 649; baseline 0.004 -16"><span class='ocrx_word' id='word_1_43' title='bbox 117 582 263 648; x_wconf 84' lang='lat' dir='ltr'><strong>pecuniaria,</strong></span> <span class='ocrx_word' id='word_1_44' title='bbox 283 585 309 632; x_wconf 87' lang='lat' dir='ltr'><strong>ut</strong></span> <span class='ocrx_word' id='word_1_45' title='bbox 326 583 405 634; x_wconf 86' lang='lat' dir='ltr'><strong>saltem</strong></span> <span class='ocrx_word' id='word_1_46' title='bbox 429 583 503 647; x_wconf 87' lang='lat' dir='ltr'><strong>poeuis</strong></span> <span class='ocrx_word' id='word_1_47' title='bbox 520 582 682 649; x_wconf 81' lang='lat' dir='ltr'><strong>temporalibus</strong></span> <span class='ocrx_word' id='word_1_48' title='bbox 697 583 802 634; x_wconf 87' lang='lat' dir='ltr'><strong>homines</strong></span> <span class='ocrx_word' id='word_1_49' title='bbox 816 583 830 634; x_wconf 82' lang='lat' dir='ltr'><strong>l</strong></span> <span class='ocrx_word' id='word_1_50' title='bbox 843 586 918 636; x_wconf 87' lang='lat' dir='ltr'><strong>sacri-</strong></span> 
     </span>
     <span class='ocr_line' id='line_1_7' title="bbox 118 653 338 718; baseline -0.014 -11"><span class='ocrx_word' id='word_1_51' title='bbox 118 653 185 718; x_wconf 79' lang='lat' dir='ltr'><strong>legiis</strong></span> <span class='ocrx_word' id='word_1_52' title='bbox 196 656 338 704; x_wconf 81' lang='lat' dir='ltr'><strong>reuocentur.</strong></span> 
     </span>
    </p>

    <p class='ocr_par' dir='ltr' id='par_1_3' title="bbox 88 724 923 862">
     <span class='ocr_line' id='line_1_8' title="bbox 150 724 923 793; baseline 0.005 -17"><span class='ocrx_word' id='word_1_53' title='bbox 150 725 183 776; x_wconf 78' lang='lat' dir='ltr'><strong>bd</strong></span> <span class='ocrx_word' id='word_1_54' title='bbox 200 724 298 789; x_wconf 88' lang='lat' dir='ltr'><strong>primum</strong></span> <span class='ocrx_word' id='word_1_55' title='bbox 312 738 365 790; x_wconf 83' lang='lat' dir='ltr'><strong>ergo</strong></span> <span class='ocrx_word' id='word_1_56' title='bbox 382 727 518 790; x_wconf 72' lang='lat' dir='ltr'><strong>beandum,</strong></span> <span class='ocrx_word' id='word_1_57' title='bbox 532 724 592 790; x_wconf 82' lang='lat' dir='ltr'><strong>qubd</strong></span> <span class='ocrx_word' id='word_1_58' title='bbox 605 725 706 777; x_wconf 74' lang='lat' dir='ltr'>Ecclesia</span> <span class='ocrx_word' id='word_1_59' title='bbox 726 731 820 778; x_wconf 88' lang='lat' dir='ltr'><strong>mortem</strong></span> <span class='ocrx_word' id='word_1_60' title='bbox 837 741 923 793; x_wconf 88' lang='lat' dir='ltr'><strong>corpo-</strong></span> 
     </span>
     <span class='ocr_line' id='line_1_9' title="bbox 88 796 917 862; baseline 0.004 -14"><span class='ocrx_word' id='word_1_61' title='bbox 88 803 90 810; x_wconf 81' lang='grc'>’</span> <span class='ocrx_word' id='word_1_62' title='bbox 119 798 187 848; x_wconf 87' lang='lat' dir='ltr'><strong>nalem</strong></span> <span class='ocrx_word' id='word_1_63' title='bbox 202 809 248 847; x_wconf 92' lang='lat' dir='ltr'><strong>nou</strong></span> <span class='ocrx_word' id='word_1_64' title='bbox 260 796 354 862; x_wconf 79' lang='lat' dir='ltr'><strong>inlligit,</strong></span> <span class='ocrx_word' id='word_1_65' title='bbox 372 798 410 848; x_wconf 91' lang='lat' dir='ltr'><strong>sed</strong></span> <span class='ocrx_word' id='word_1_66' title='bbox 425 797 474 847; x_wconf 92' lang='lat' dir='ltr'><strong>loco</strong></span> <span class='ocrx_word' id='word_1_67' title='bbox 489 798 538 862; x_wconf 87' lang='lat' dir='ltr'><strong>ejus</strong></span> <span class='ocrx_word' id='word_1_68' title='bbox 553 797 636 862; x_wconf 81' lang='lat' dir='ltr'><strong>iniligit</strong></span> <span class='ocrx_word' id='word_1_69' title='bbox 649 798 917 852; x_wconf 71' lang='lat' dir='ltr'><strong>excommunicationem.</strong></span> 
     </span>
    </p>

    <p class='ocr_par' dir='ltr' id='par_1_4' title="bbox 119 868 923 1220">
     <span class='ocr_line' id='line_1_10' title="bbox 150 868 922 934; baseline 0.006 -16"><span class='ocrx_word' id='word_1_70' title='bbox 150 870 184 919; x_wconf 77' lang='lat' dir='ltr'><strong>Ad</strong></span> <span class='ocrx_word' id='word_1_71' title='bbox 203 869 327 919; x_wconf 87' lang='lat' dir='ltr'><strong>secundum</strong></span> <span class='ocrx_word' id='word_1_72' title='bbox 349 868 482 932; x_wconf 85' lang='lat' dir='ltr'><strong>dicendum,</strong></span> <span class='ocrx_word' id='word_1_73' title='bbox 506 869 567 932; x_wconf 85' lang='lat' dir='ltr'><strong>qnbd</strong></span> <span class='ocrx_word' id='word_1_74' title='bbox 588 881 682 920; x_wconf 86' lang='lat' dir='ltr'><strong>necesse</strong></span> <span class='ocrx_word' id='word_1_75' title='bbox 702 873 738 920; x_wconf 87' lang='lat' dir='ltr'><strong>est</strong></span> <span class='ocrx_word' id='word_1_76' title='bbox 761 871 816 920; x_wconf 88' lang='lat' dir='ltr'><strong>duas</strong></span> <span class='ocrx_word' id='word_1_77' title='bbox 836 884 922 934; x_wconf 85' lang='lat' dir='ltr'><strong>poenas</strong></span> 
     </span>
     <span class='ocr_line' id='line_1_11' title="bbox 119 940 923 1005; baseline 0.005 -15"><span class='ocrx_word' id='word_1_78' title='bbox 119 940 220 991; x_wconf 86' lang='lat' dir='ltr'><strong>adbiberi</strong></span> <span class='ocrx_word' id='word_1_79' title='bbox 230 977 236 1002; x_wconf 91' lang='lat'><strong>‚</strong></span> <span class='ocrx_word' id='word_1_80' title='bbox 248 941 391 1005; x_wconf 85' lang='lat' dir='ltr'><strong>quandoper</strong></span> <span class='ocrx_word' id='word_1_81' title='bbox 406 954 475 992; x_wconf 89' lang='lat' dir='ltr'><strong>onam</strong></span> <span class='ocrx_word' id='word_1_82' title='bbox 489 953 536 992; x_wconf 92' lang='lat' dir='ltr'><strong>non</strong></span> <span class='ocrx_word' id='word_1_83' title='bbox 549 941 688 991; x_wconf 89' lang='lat' dir='ltr'><strong>soilicienter</strong></span> <span class='ocrx_word' id='word_1_84' title='bbox 700 945 821 991; x_wconf 85' lang='lat' dir='ltr'><strong>revocatur</strong></span> <span class='ocrx_word' id='word_1_85' title='bbox 833 941 923 1005; x_wconf 84' lang='lat' dir='ltr'><strong>aliquis</strong></span> 
     </span>
     <span class='ocr_line' id='line_1_12' title="bbox 120 1011 922 1076; baseline 0.004 -14"><span class='ocrx_word' id='word_1_86' title='bbox 120 1011 133 1062; x_wconf 82' lang='lat' dir='ltr'><strong>i</strong></span> <span class='ocrx_word' id='word_1_87' title='bbox 150 1011 272 1076; x_wconf 85' lang='lat' dir='ltr'><strong>peccando.</strong></span> <span class='ocrx_word' id='word_1_88' title='bbox 283 1012 312 1061; x_wconf 84' lang='lat' dir='ltr'><strong>Et</strong></span> <span class='ocrx_word' id='word_1_89' title='bbox 325 1011 376 1062; x_wconf 86' lang='lat' dir='ltr'><strong>ideo</strong></span> <span class='ocrx_word' id='word_1_90' title='bbox 387 1011 487 1076; x_wconf 86' lang='lat' dir='ltr'><strong>oportuit</strong></span> <span class='ocrx_word' id='word_1_91' title='bbox 497 1024 566 1076; x_wconf 89' lang='lat' dir='ltr'><strong>snpra</strong></span> <span class='ocrx_word' id='word_1_92' title='bbox 576 1025 667 1075; x_wconf 73' lang='lat' dir='ltr'><strong>poenam</strong></span> <span class='ocrx_word' id='word_1_93' title='bbox 678 1011 922 1065; x_wconf 73' lang='lat' dir='ltr'><strong>excommunicationis</strong></span> 
     </span>
     <span class='ocr_line' id='line_1_13' title="bbox 120 1083 923 1148; baseline 0.006 -16"><span class='ocrx_word' id='word_1_94' title='bbox 120 1083 222 1136; x_wconf 86' lang='lat' dir='ltr'><strong>adhiberi</strong></span> <span class='ocrx_word' id='word_1_95' title='bbox 234 1083 331 1147; x_wconf 87' lang='lat' dir='ltr'><strong>aliquam</strong></span> <span class='ocrx_word' id='word_1_96' title='bbox 342 1084 489 1148; x_wconf 76' lang='lat' dir='ltr'><strong>temporalem</strong></span> <span class='ocrx_word' id='word_1_97' title='bbox 502 1084 636 1148; x_wconf 75' lang='lat' dir='ltr'><strong>prenomen</strong></span> <span class='ocrx_word' id='word_1_98' title='bbox 648 1084 797 1134; x_wconf 85' lang='lat' dir='ltr'><strong>coercendum</strong></span> <span class='ocrx_word' id='word_1_99' title='bbox 809 1085 923 1138; x_wconf 85' lang='lat' dir='ltr'><strong>homines</strong></span> 
     </span>
     <span class='ocr_line' id='line_1_14' title="bbox 120 1154 463 1220; baseline -0.003 -15"><span class='ocrx_word' id='word_1_100' title='bbox 120 1155 159 1218; x_wconf 83' lang='lat' dir='ltr'><strong>qui</strong></span> <span class='ocrx_word' id='word_1_101' title='bbox 172 1154 296 1220; x_wconf 80' lang='lat' dir='ltr'><strong>spiritualia</strong></span> <span class='ocrx_word' id='word_1_102' title='bbox 311 1158 463 1205; x_wconf 87' lang='lat' dir='ltr'><strong>contemnunt.</strong></span> 
     </span>
    </p>

    <p class='ocr_par' dir='ltr' id='par_1_5' title="bbox 120 1225 926 1434">
     <span class='ocr_line' id='line_1_15' title="bbox 152 1225 924 1293; baseline -0.001 -17"><span class='ocrx_word' id='word_1_103' title='bbox 152 1227 185 1276; x_wconf 82' lang='lat' dir='ltr'><strong>lid</strong></span> <span class='ocrx_word' id='word_1_104' title='bbox 204 1225 295 1276; x_wconf 83' lang='lat' dir='ltr'><strong>tertium</strong></span> <span class='ocrx_word' id='word_1_105' title='bbox 312 1226 448 1289; x_wconf 83' lang='lat' dir='ltr'><strong>dicendum,</strong></span> <span class='ocrx_word' id='word_1_106' title='bbox 466 1225 527 1291; x_wconf 83' lang='lat' dir='ltr'><strong>qubrl</strong></span> <span class='ocrx_word' id='word_1_107' title='bbox 541 1227 561 1277; x_wconf 89' lang='lat' dir='ltr'><strong>si</strong></span> <span class='ocrx_word' id='word_1_108' title='bbox 577 1228 673 1292; x_wconf 89' lang='lat' dir='ltr'><strong>pecunia</strong></span> <span class='ocrx_word' id='word_1_109' title='bbox 687 1225 816 1290; x_wconf 79' lang='lat' dir='ltr'><strong>exigeretur</strong></span> <span class='ocrx_word' id='word_1_110' title='bbox 833 1228 924 1293; x_wconf 78' lang='lat' dir='ltr'><strong>absque</strong></span> 
     </span>
     <span class='ocr_line' id='line_1_16' title="bbox 120 1295 926 1363; baseline 0.005 -18"><span class='ocrx_word' id='word_1_111' title='bbox 120 1295 248 1347; x_wconf 76' lang='lat' dir='ltr'><strong>rationabili</strong></span> <span class='ocrx_word' id='word_1_112' title='bbox 261 1310 341 1358; x_wconf 90' lang='lat' dir='ltr'><strong>causa,</strong></span> <span class='ocrx_word' id='word_1_113' title='bbox 353 1299 397 1348; x_wconf 89' lang='lat' dir='ltr'><strong>boc</strong></span> <span class='ocrx_word' id='word_1_114' title='bbox 408 1297 521 1348; x_wconf 81' lang='lat' dir='ltr'><strong>rideretur</strong></span> <span class='ocrx_word' id='word_1_115' title='bbox 534 1299 561 1348; x_wconf 87' lang='lat' dir='ltr'><strong>ad</strong></span> <span class='ocrx_word' id='word_1_116' title='bbox 575 1298 719 1349; x_wconf 86' lang='lat' dir='ltr'><strong>occasionem</strong></span> <span class='ocrx_word' id='word_1_117' title='bbox 734 1297 834 1349; x_wconf 76' lang='lat' dir='ltr'><strong>orantia</strong></span> <span class='ocrx_word' id='word_1_118' title='bbox 847 1301 926 1363; x_wconf 89' lang='lat' dir='ltr'><strong>perti-</strong></span> 
     </span>
     <span class='ocr_line' id='line_1_17' title="bbox 122 1367 925 1434; baseline 0.006 -15"><span class='ocrx_word' id='word_1_119' title='bbox 122 1380 191 1432; x_wconf 81' lang='lat' dir='ltr'><strong>nere3</strong></span> <span class='ocrx_word' id='word_1_120' title='bbox 208 1367 248 1418; x_wconf 88' lang='lat' dir='ltr'><strong>sed</strong></span> <span class='ocrx_word' id='word_1_121' title='bbox 261 1369 351 1433; x_wconf 83' lang='lat' dir='ltr'><strong>quaudo</strong></span> <span class='ocrx_word' id='word_1_122' title='bbox 370 1369 467 1434; x_wconf 75' lang='lat' dir='ltr'><strong>exigitur</strong></span> <span class='ocrx_word' id='word_1_123' title='bbox 486 1370 514 1419; x_wconf 87' lang='lat' dir='ltr'><strong>ad</strong></span> <span class='ocrx_word' id='word_1_124' title='bbox 527 1370 645 1420; x_wconf 92' lang='lat' dir='ltr'><strong>hominum</strong></span> <span class='ocrx_word' id='word_1_125' title='bbox 658 1369 835 1433; x_wconf 79' lang='lat' dir='ltr'><strong>correctionem,</strong></span> <span class='ocrx_word' id='word_1_126' title='bbox 849 1370 925 1424; x_wconf 84' lang='lat' dir='ltr'><strong>babet</strong></span> 
     </span>
    </p>
   </div>
   <div class='ocr_carea' id='block_1_3' title="bbox 121 1439 925 1561">
    <p class='ocr_par' dir='ltr' id='par_1_6' title="bbox 121 1439 925 1561">
     <span class='ocr_line' id='line_1_18' title="bbox 121 1439 925 1505; baseline 0.01 -18"><span class='ocrx_word' id='word_1_127' title='bbox 121 1439 264 1490; x_wconf 86' lang='lat' dir='ltr'><strong>manilestum</strong></span> <span class='ocrx_word' id='word_1_128' title='bbox 284 1439 419 1504; x_wconf 87' lang='lat' dir='ltr'><strong>utilitatem,</strong></span> <span class='ocrx_word' id='word_1_129' title='bbox 433 1444 456 1491; x_wconf 85' lang='lat' dir='ltr'><strong>et</strong></span> <span class='ocrx_word' id='word_1_130' title='bbox 476 1441 527 1491; x_wconf 84' lang='lat' dir='ltr'><strong>ideo</strong></span> <span class='ocrx_word' id='word_1_131' title='bbox 547 1453 593 1492; x_wconf 93' lang='lat' dir='ltr'><strong>non</strong></span> <span class='ocrx_word' id='word_1_132' title='bbox 610 1441 710 1505; x_wconf 89' lang='lat' dir='ltr'><strong>pertinet</strong></span> <span class='ocrx_word' id='word_1_133' title='bbox 723 1440 752 1491; x_wconf 89' lang='lat' dir='ltr'><strong>ad</strong></span> <span class='ocrx_word' id='word_1_134' title='bbox 772 1441 925 1495; x_wconf 84' lang='lat' dir='ltr'><strong>occasionem</strong></span> 
     </span>
     <span class='ocr_line' id='line_1_19' title="bbox 121 1509 822 1561; baseline 0.021 -3"><span class='ocrx_word' id='word_1_135' title='bbox 121 1509 229 1561; x_wconf 85' lang='lat' dir='ltr'><strong>araritiae.</strong></span> <span class='ocrx_word' id='word_1_136' title='bbox 815 1535 822 1553; x_wconf 76' lang='lat'>⁸</span> 
     </span>
    </p>
   </div>
   <div class='ocr_carea' id='block_1_4' title="bbox 416 1783 629 1854">
    <p class='ocr_par' dir='ltr' id='par_1_7' title="bbox 416 1783 629 1854">
     <span class='ocr_line' id='line_1_20' title="bbox 416 1783 629 1854; baseline -0.047 0"><span class='ocrx_word' id='word_1_137' title='bbox 416 1783 582 1854; x_wconf 73' lang='lat' dir='ltr'><strong>tomello</strong></span> <span class='ocrx_word' id='word_1_138' title='bbox 600 1783 629 1849; x_wconf 81' lang='lat' dir='ltr'><strong>C.</strong></span> 
     </span>
    </p>
   </div>
   <div class='ocr_carea' id='block_1_5' title="bbox 269 1924 771 1974">
    <p class='ocr_par' dir='ltr' id='par_1_8' title="bbox 269 1924 771 1974">
     <span class='ocr_line' id='line_1_21' title="bbox 269 1924 771 1974; baseline 0.006 -6"><span class='ocrx_word' id='word_1_139' title='bbox 269 1924 304 1969; x_wconf 82' lang='lat' dir='ltr'><strong>De</strong></span> <span class='ocrx_word' id='word_1_140' title='bbox 317 1924 436 1974; x_wconf 77' lang='lat' dir='ltr'><strong>aimonio,</strong></span> <span class='ocrx_word' id='word_1_141' title='bbox 450 1926 479 1970; x_wconf 80' lang='lat' dir='ltr'><strong>io</strong></span> <span class='ocrx_word' id='word_1_142' title='bbox 495 1938 539 1971; x_wconf 73' lang='lat' dir='ltr'><strong>rac</strong></span> <span class='ocrx_word' id='word_1_143' title='bbox 551 1926 669 1973; x_wconf 74' lang='lat' dir='ltr'><strong>orticoloa</strong></span> <span class='ocrx_word' id='word_1_144' title='bbox 682 1925 771 1973; x_wconf 75' lang='lat' dir='ltr'><strong>diuiso.</strong></span> 
     </span>
    </p>
   </div>
   <div class='ocr_carea' id='block_1_6' title="bbox 120 2073 929 2570">
    <p class='ocr_par' dir='ltr' id='par_1_9' title="bbox 152 2073 640 2128">
     <span class='ocr_line' id='line_1_22' title="bbox 152 2073 640 2128; baseline 0.002 -4"><span class='ocrx_word' id='word_1_145' title='bbox 152 2073 237 2124; x_wconf 84' lang='lat' dir='ltr'><strong>Deinde</strong></span> <span class='ocrx_word' id='word_1_146' title='bbox 250 2073 438 2125; x_wconf 86' lang='lat' dir='ltr'><strong>considerandum</strong></span> <span class='ocrx_word' id='word_1_147' title='bbox 449 2078 484 2126; x_wconf 89' lang='lat' dir='ltr'><strong>est</strong></span> <span class='ocrx_word' id='word_1_148' title='bbox 498 2077 526 2126; x_wconf 87' lang='lat' dir='ltr'><strong>de</strong></span> <span class='ocrx_word' id='word_1_149' title='bbox 536 2076 640 2128; x_wconf 90' lang='lat' dir='ltr'><strong>simonia.</strong></span> 
     </span>
    </p>

    <p class='ocr_par' dir='ltr' id='par_1_10' title="bbox 120 2145 929 2570">
     <span class='ocr_line' id='line_1_23' title="bbox 153 2145 926 2210; baseline 0.006 -14"><span class='ocrx_word' id='word_1_150' title='bbox 153 2146 181 2196; x_wconf 80' lang='lat' dir='ltr'><strong>Et</strong></span> <span class='ocrx_word' id='word_1_151' title='bbox 195 2145 254 2198; x_wconf 89' lang='lat' dir='ltr'><strong>circa</strong></span> <span class='ocrx_word' id='word_1_152' title='bbox 265 2148 308 2196; x_wconf 89' lang='lat' dir='ltr'><strong>boc</strong></span> <span class='ocrx_word' id='word_1_153' title='bbox 321 2150 450 2210; x_wconf 77' lang='lat' dir='ltr'><strong>queruntur</strong></span> <span class='ocrx_word' id='word_1_154' title='bbox 458 2153 515 2199; x_wconf 83' lang='lat' dir='ltr'><strong>sex:</strong></span> <span class='ocrx_word' id='word_1_155' title='bbox 528 2151 555 2197; x_wconf 82' lang='lat'><strong>1⁰</strong></span> <span class='ocrx_word' id='word_1_156' title='bbox 568 2147 665 2207; x_wconf 80' lang='lat' dir='ltr'><strong>Quirinii</strong></span> <span class='ocrx_word' id='word_1_157' title='bbox 679 2146 784 2198; x_wconf 64' lang='lat' dir='ltr'><strong>omnnia.</strong></span> <span class='ocrx_word' id='word_1_158' title='bbox 798 2150 827 2194; x_wconf 71' lang='lat'><strong>2⁰</strong></span> <span class='ocrx_word' id='word_1_159' title='bbox 837 2147 926 2201; x_wconf 74' lang='lat' dir='ltr'><strong>onam</strong></span> 
     </span>
     <span class='ocr_line' id='line_1_24' title="bbox 122 2216 928 2284; baseline 0.006 -18"><span class='ocrx_word' id='word_1_160' title='bbox 122 2218 189 2269; x_wconf 88' lang='lat' dir='ltr'><strong>liceat</strong></span> <span class='ocrx_word' id='word_1_161' title='bbox 209 2231 251 2283; x_wconf 90' lang='lat' dir='ltr'><strong>pro</strong></span> <span class='ocrx_word' id='word_1_162' title='bbox 271 2219 419 2268; x_wconf 84' lang='lat' dir='ltr'><strong>sacramentis</strong></span> <span class='ocrx_word' id='word_1_163' title='bbox 437 2221 557 2284; x_wconf 87' lang='lat' dir='ltr'><strong>pecuniam</strong></span> <span class='ocrx_word' id='word_1_164' title='bbox 582 2220 693 2283; x_wconf 86' lang='lat' dir='ltr'><strong>accipere.</strong></span> <span class='ocrx_word' id='word_1_165' title='bbox 714 2223 739 2268; x_wconf 78' lang='lat'><strong>3·</strong></span> <span class='ocrx_word' id='word_1_166' title='bbox 754 2216 833 2268; x_wconf 83' lang='lat' dir='ltr'><strong>Utrirn</strong></span> <span class='ocrx_word' id='word_1_167' title='bbox 851 2219 928 2271; x_wconf 78' lang='lat' dir='ltr'><strong>boeot</strong></span> 
     </span>
     <span class='ocr_line' id='line_1_25' title="bbox 121 2288 929 2354; baseline 0.006 -16"><span class='ocrx_word' id='word_1_168' title='bbox 121 2289 223 2354; x_wconf 84' lang='lat' dir='ltr'><strong>accipere</strong></span> <span class='ocrx_word' id='word_1_169' title='bbox 242 2289 361 2353; x_wconf 81' lang='lat' dir='ltr'><strong>pecuniam</strong></span> <span class='ocrx_word' id='word_1_170' title='bbox 376 2302 415 2354; x_wconf 90' lang='lat' dir='ltr'><strong>pro</strong></span> <span class='ocrx_word' id='word_1_171' title='bbox 430 2291 585 2354; x_wconf 83' lang='lat' dir='ltr'><strong>spiritualibus</strong></span> <span class='ocrx_word' id='word_1_172' title='bbox 598 2289 694 2342; x_wconf 88' lang='lat' dir='ltr'><strong>actibus.</strong></span> <span class='ocrx_word' id='word_1_173' title='bbox 714 2293 739 2339; x_wconf 59' lang='lat' dir='ltr'><strong>tl</strong></span> <span class='ocrx_word' id='word_1_174' title='bbox 754 2288 835 2340; x_wconf 79' lang='lat' dir='ltr'><strong>lltrrim</strong></span> <span class='ocrx_word' id='word_1_175' title='bbox 852 2290 929 2343; x_wconf 88' lang='lat' dir='ltr'><strong>liceat</strong></span> 
     </span>
     <span class='ocr_line' id='line_1_26' title="bbox 121 2360 928 2427; baseline 0.007 -18"><span class='ocrx_word' id='word_1_176' title='bbox 121 2362 220 2412; x_wconf 86' lang='lat' dir='ltr'><strong>rendere</strong></span> <span class='ocrx_word' id='word_1_177' title='bbox 239 2374 266 2411; x_wconf 86' lang='lat' dir='ltr'><strong>aa</strong></span> <span class='ocrx_word' id='word_1_178' title='bbox 279 2374 330 2425; x_wconf 80' lang='lat' dir='ltr'><strong>que</strong></span> <span class='ocrx_word' id='word_1_179' title='bbox 350 2365 402 2412; x_wconf 90' lang='lat' dir='ltr'><strong>sunt</strong></span> <span class='ocrx_word' id='word_1_180' title='bbox 422 2361 577 2427; x_wconf 85' lang='lat' dir='ltr'><strong>spiritualibus</strong></span> <span class='ocrx_word' id='word_1_181' title='bbox 596 2376 693 2415; x_wconf 85' lang='lat' dir='ltr'><strong>annexa.</strong></span> <span class='ocrx_word' id='word_1_182' title='bbox 710 2367 736 2412; x_wconf 64' lang='grc' dir='ltr'><strong>δ’</strong></span> <span class='ocrx_word' id='word_1_183' title='bbox 747 2360 828 2412; x_wconf 85' lang='lat' dir='ltr'><strong>Utrirm</strong></span> <span class='ocrx_word' id='word_1_184' title='bbox 847 2363 928 2415; x_wconf 84' lang='lat' dir='ltr'><strong>solum</strong></span> 
     </span>
     <span class='ocr_line' id='line_1_27' title="bbox 120 2431 929 2500; baseline 0.012 -22"><span class='ocrx_word' id='word_1_185' title='bbox 120 2443 203 2480; x_wconf 90' lang='lat' dir='ltr'><strong>munus</strong></span> <span class='ocrx_word' id='word_1_186' title='bbox 218 2431 231 2482; x_wconf 81' lang='lat' dir='ltr'><strong>a</strong></span> <span class='ocrx_word' id='word_1_187' title='bbox 249 2445 317 2484; x_wconf 92' lang='lat' dir='ltr'><strong>mano</strong></span> <span class='ocrx_word' id='word_1_188' title='bbox 330 2432 399 2484; x_wconf 84' lang='lat' dir='ltr'><strong>iaciat</strong></span> <span class='ocrx_word' id='word_1_189' title='bbox 417 2433 579 2498; x_wconf 87' lang='lat' dir='ltr'><strong>simoniacum,</strong></span> <span class='ocrx_word' id='word_1_190' title='bbox 592 2435 701 2487; x_wconf 84' lang='lat' dir='ltr'><strong>anellum</strong></span> <span class='ocrx_word' id='word_1_191' title='bbox 720 2445 803 2486; x_wconf 89' lang='lat' dir='ltr'><strong>munos</strong></span> <span class='ocrx_word' id='word_1_192' title='bbox 817 2431 929 2500; x_wconf 71' lang='lat' dir='ltr'><strong>elingua</strong></span> 
     </span>
     <span class='ocr_line' id='line_1_28' title="bbox 121 2502 622 2570; baseline 0.008 -18"><span class='ocrx_word' id='word_1_193' title='bbox 121 2504 144 2552; x_wconf 88' lang='lat' dir='ltr'><strong>et</strong></span> <span class='ocrx_word' id='word_1_194' title='bbox 158 2502 185 2552; x_wconf 88' lang='lat' dir='ltr'><strong>ab</strong></span> <span class='ocrx_word' id='word_1_195' title='bbox 197 2502 315 2568; x_wconf 87' lang='lat' dir='ltr'><strong>obsequio.</strong></span> <span class='ocrx_word' id='word_1_196' title='bbox 331 2507 356 2554; x_wconf 81' lang='lat'><strong>6⁰</strong></span> <span class='ocrx_word' id='word_1_197' title='bbox 368 2506 399 2556; x_wconf 85' lang='lat' dir='ltr'><strong>lle</strong></span> <span class='ocrx_word' id='word_1_198' title='bbox 409 2519 478 2570; x_wconf 85' lang='lat' dir='ltr'><strong>poena</strong></span> <span class='ocrx_word' id='word_1_199' title='bbox 496 2507 622 2557; x_wconf 87' lang='lat' dir='ltr'><strong>simoniaci.</strong></span> 
     </span>
    </p>
   </div>
   <div class='ocr_carea' id='block_1_7' title="bbox 0 0 981 3284">
    <p class='ocr_par' dir='ltr' id='par_1_11' title="bbox 0 0 981 3284">
     <span class='ocr_line' id='line_1_29' title="bbox 0 0 981 3284; baseline 0 0"><span class='ocrx_word' id='word_1_200' title='bbox 0 0 981 3284; x_wconf 95' lang='lat' dir='ltr'><strong> </strong></span> 
     </span>
    </p>
   </div>
  </div>
 </body>
</html>
