1934 3284
131 152 176 197 956
236 158 343 199 sacrant
358 159 486 209 secunus,
501 158 595 203 oussr.
611 149 700 210 ccxxv,
714 159 774 198 aar.
791 162 829 199 vr.

130 242 153 286 et
171 237 254 299 aliquid
268 237 367 298 nescire,
381 236 466 286 scilicet
481 253 495 282 a
504 236 579 284 utrium
591 235 617 286 in
631 249 740 299 corpore,
762 251 794 287 au
805 244 870 288 extra
883 253 924 288 ror-

130 324 181 373 pus.
193 325 206 354 a
220 309 282 367 Quod
299 309 388 370 qrrittem
400 313 473 371 potest
484 308 580 370 intelligi
594 308 727 371 dupliciter.
742 310 795 361 Uno
815 314 894 373 modo,
906 324 925 360 u:

131 382 171 429 boc
190 381 248 442 qrrod
265 380 360 441 dicitur,
374 380 443 428 ‹rsive
458 379 481 427 in
495 393 596 443 corpore,
610 381 660 429 sive
675 385 743 429 entra
754 395 925 445 corpissitanus
946 411 948 416 ·

129 452 237 501 referatur
254 453 281 500 ad
300 452 374 514 ipsum
392 466 442 499 esse
455 451 553 501 bominis
566 452 643 514 rapti,
658 452 727 513 quasi
743 452 887 513 ignoraverit
903 468 925 502 aa

128 524 202 572 aniuta
218 523 269 585 ejus
280 529 341 572 esset
355 525 378 571 ia
392 537 484 586 conprore
499 536 527 571 an
545 536 605 583 nou,
626 524 666 571 sed
686 524 713 571 ad
730 526 829 574 modum
845 527 926 589 raptis,

128 599 151 643 ut
164 594 250 643 seilicet
261 595 395 656 ignoraverit
410 607 436 643 an
449 607 530 658 corpus
545 594 595 655 ejus
607 594 675 642 luerit
691 595 763 643 simul
775 600 870 658 raptum
884 612 925 645 run

128 666 204 715 anima
219 666 242 714 iu
263 666 355 715 tertium
375 665 473 725 colunt,
486 665 523 714 vel
539 678 598 725 uon,
616 666 657 713 sed
677 664 755 714 sollum
769 669 866 729 anima,
881 670 928 716 siant
946 667 948 682 '

129 739 224 795 Ezecln„
244 739 305 797 Vlll,
318 737 400 785 dicitur
414 736 473 800 quaid
494 737 630 785 narlductus
646 740 683 785 est
702 737 726 785 iu
745 739 881 788 visionibus
895 739 926 787 llei

127 809 149 857 iu
166 810 311 858 Hierusalem.
325 824 338 855 a
354 809 382 857 Et
393 810 454 857 liuue
471 807 612 857 intellectum
630 808 702 859 luisse
718 810 848 872 cujusdam
866 811 928 858 tuln
946 829 948 832 ·

128 882 232 944 exprimit
244 881 392 943 Hieronymus
406 879 430 927 in
443 880 539 943 Prologo
549 894 625 940 super
639 880 716 934 Dara,
725 882 769 930 ubi
785 882 847 932 dicit
858 899 866 932 ε
877 884 931 930 alte-

127 953 195 1015 uique
214 956 238 1001 et
255 952 380 1015 apostolum
401 956 502 1001 uestrum
528 951 629 1015 (scilicet
651 951 745 1001 dicebat
765 954 880 1014 iudaeus)
894 967 930 1002 nna

127 1026 196 1073 luisse
206 1037 283 1072 ausum
298 1025 408 1072 altirmare
419 1036 442 1073 se
452 1024 476 1072 ia
485 1036 578 1086 corpore
587 1023 635 1072 sive
645 1027 709 1072 extra
719 1036 821 1087 corpus,
832 1028 929 1076 nescios

128 1096 172 1144 Sed
191 1098 250 1145 bunc
270 1109 363 1145 sensum
378 1095 482 1158 reprobat
498 1095 653 1158 Augustinus,
667 1096 719 1145 llll.
740 1098 835 1161 Super
857 1101 930 1149 Gens.

127 1168 162 1215 art
174 1167 215 1215 lit.
232 1168 272 1230 (nt
285 1167 378 1230 sopri),
393 1180 433 1231 per
450 1169 493 1216 boc
510 1166 570 1230 qubd
585 1167 706 1231 apostotus
723 1168 785 1218 dicit
800 1172 898 1221 scivisse
913 1184 929 1219 s:

127 1252 178 1288 esse
198 1243 284 1302 raptum
305 1251 377 1301 usque
393 1240 420 1287 ad
436 1239 528 1288 tertium
554 1238 644 1287 crelam.
663 1238 759 1288 Sciebat
779 1254 841 1305 ergo
864 1257 931 1292 verca

126 1322 177 1358 csse
192 1310 399 1359 inritamentum
413 1308 469 1358 ialin
484 1310 544 1373 qrrod
555 1314 634 1372 raptus
653 1309 712 1373 luit,
728 1315 754 1360 et
768 1325 820 1362 uon
835 1316 930 1363 similita-
946 1321 948 1330 ·

127 1381 202 1429 dinem
221 1381 376 1443 imaginariam
394 1380 455 1430 tertii
474 1381 538 1443 eoeli3
551 1381 652 1442 alioquin
670 1381 693 1431 ai
714 1383 834 1433 tertium
854 1386 929 1435 antara

128 1452 253 1501 nominavit
265 1455 398 1516 phantasma
410 1453 472 1501 tertii
483 1452 549 1512 coeli,
561 1451 610 1515 pari
625 1452 715 1502 ratione
730 1452 812 1505 dicere
824 1460 901 1521 potuit
913 1470 930 1503 e

128 1523 151 1571 in
166 1536 260 1587 corpore
274 1528 378 1587 raptum,
392 1524 512 1573 nominans
525 1537 616 1586 eorpus
636 1524 724 1587 proprii
738 1529 855 1589 eorporis
872 1532 931 1593 plnan·
946 1539 948 1586 ξ

128 1599 210 1654 tesana,
225 1596 290 1657 quale
309 1598 401 1658 apparet
415 1595 555 1645 insomniis.
569 1596 594 1643 Si
611 1600 689 1644 anum
703 1595 800 1648 sciebat
820 1614 878 1651 esse
892 1601 931 1650 rra·

127 1665 216 1714 tertium
228 1666 323 1726 coelrim,
341 1666 426 1715 sciebat
441 1679 494 1729 ergo
507 1669 546 1715 aut
559 1678 611 1716 esse
627 1667 714 1729 aliquid
729 1669 860 1732 spirituale
874 1680 894 1723 et
905 1674 931 1720 in·

126 1750 272 1800 corporeum,
286 1742 309 1787 et
323 1738 355 1787 sie
369 1750 415 1788 non
427 1742 517 1801 poterat
527 1751 609 1801 corpus
617 1738 668 1801 ejus
682 1738 739 1787 illuc
751 1742 824 1807 rapi3
843 1751 930 1795 autese

127 1809 209 1871 aliquid
226 1822 371 1873 corporeum,
382 1815 405 1859 et
422 1810 455 1859 sic
466 1811 541 1859 anima
551 1823 597 1859 nou
612 1816 692 1874 posset
700 1810 760 1861 illuc
776 1814 833 1866 sine
848 1830 930 1880 conpare

127 1882 190 1945 rapi,
209 1881 252 1930 nisi
274 1886 413 1945 separaretur
433 1881 561 1945 aeorpore.
577 1883 606 1931 Et
624 1881 677 1931 ideo
694 1888 793 1945 oportet
816 1889 930 1939 secundm

129 1952 197 2001 alium
220 1966 311 2002 sensnm
330 1952 455 2016 intelligere
474 1959 501 2002 ut
516 1954 604 2003 scilicet
619 1954 743 2016 Apostolus
762 1958 866 2009 sciverit
882 1960 930 2023 uarat

127 2024 195 2073 tuerit
208 2029 285 2088 raptus
304 2025 426 2074 meandum
444 2025 557 2088 animans,
569 2029 593 2075 et
614 2038 660 2075 nou
680 2028 822 2081 secuudum
841 2025 948 2095 corpus}

127 2096 249 2146 nesciverit
260 2100 335 2145 tamen
352 2096 449 2159 qualiter
464 2110 490 2147 se
503 2097 596 2146 baberet
609 2097 686 2145 anima
698 2099 728 2148 ad
743 2113 851 2165 eorpus,
865 2104 930 2153 utrlm

127 2168 213 2219 scilicet
225 2168 292 2218 luerit
306 2168 355 2219 sine
370 2182 471 2231 corpure,
483 2168 521 2218 vel
531 2181 585 2217 nou.
594 2169 636 2219 Sed
647 2169 707 2218 cirea
719 2171 768 2221 boc
781 2174 929 2227 maenium

127 2239 197 2303 aliqui
215 2242 346 2303 loquuntur.
361 2240 455 2299 Quidam
472 2242 534 2291 euim
546 2241 626 2290 dicunt
642 2240 705 2304 quid
724 2244 862 2307 Apostolus
875 2248 930 2297 saut

127 2313 186 2375 qubd
197 2312 272 2362 anima
281 2325 322 2362 sua
333 2317 381 2363 erat
393 2312 481 2377 corpori
488 2313 552 2362 uuita
565 2316 589 2361 ut
602 2312 683 2373 forma,
694 2315 736 2364 sed
745 2320 856 2371 nescivit
864 2320 927 2370 utriu

127 2394 188 2434 esset
206 2398 286 2447 passus
302 2384 460 2435 alienationem
474 2383 619 2448 deensibus,
636 2386 670 2435 vel
688 2387 761 2437 etiam
777 2392 864 2442 utmm
880 2399 928 2441 estat

127 2456 186 2505 lacta
201 2456 319 2506 abstractio
333 2457 360 2505 ab
372 2456 477 2520 operibus
487 2457 567 2507 animae
576 2455 718 2519 vegetabilis.
729 2458 778 2509 Sed
791 2463 860 2526 qnod
872 2463 928 2513 fuerit

127 2526 185 2576 lacta
202 2528 322 2578 abstractio
338 2529 351 2579 a
365 2529 483 2589 sensibus,
495 2531 539 2578 boe
552 2542 598 2579 uon
610 2530 686 2592 potuit
702 2529 834 2597 ignorare,
851 2552 880 2588 er
893 2550 927 2599 qu·¹

126 2598 193 2647 seivit
211 2613 235 2648 se
251 2604 348 2663 raptum.
367 2601 432 2659 Quod
447 2606 521 2651 autem
536 2601 605 2651 luerit
617 2602 676 2650 tacta
689 2602 821 2658 abstractio
837 2611 868 2659 ab
883 2620 926 2671 ope·

125 2667 187 2715 ribus
201 2669 282 2720 anime
299 2672 444 2735 vegetabilis,
459 2686 505 2723 nou
518 2677 567 2723 erat
583 2676 672 2721 tantum
689 2673 795 2739 etquid,
809 2685 841 2730 ut
854 2683 882 2731 de
893 2683 926 2728 bin

125 2740 239 2797 oporteret
262 2744 308 2790 mm
327 2743 445 2792 sollicitam
466 2744 514 2793 fieri
536 2743 681 2793 mentionem.
707 2745 776 2797 Unde
796 2753 926 2816 relinquitur

125 2804 183 2867 qubd
203 2809 301 2884 nescivit
323 2813 444 2875 Apostolus
464 2814 539 2863 utrum
557 2814 634 2864 anima
647 2816 697 2878 ejus
715 2815 790 2867 luerit
809 2825 923 2887 conjrneta

124 2885 211 2935 corpora
228 2881 253 2925 ut
270 2880 356 2943 tornae,
371 2884 409 2933 vel
429 2884 550 2949 acorpore
565 2889 668 2948 separata
685 2900 729 2951 per
746 2896 865 2946 mortem.
884 2893 926 2952 Qui-

946 2965 948 2986 Ι
