1934 3284
135 188 180 237 168
255 194 361 235 asennaa
378 192 507 246 meusne,
523 193 618 239 uum.
632 193 704 245 actv,
720 192 776 233 aar.
793 194 814 232 1.

135 274 227 339 spiritus
243 273 293 337 ejus
314 272 337 322 in
350 271 414 337 ipse,
426 272 504 323 miens
517 271 650 323 iacturum
663 270 762 323 decium
777 270 941 339 ciuitatem3
953 293 964 323 u

135 349 159 397 at
167 347 246 410 postea
256 342 329 395 dixit:
344 361 358 393 c
369 344 533 408 amemcnees,
541 354 584 408 per
592 343 670 394 omnia
678 342 744 406 quasi
751 344 965 412 superstitiosos,

134 430 176 469 ros
192 417 267 467 uideo.
282 430 295 463 n
310 416 369 478 Ergo
383 415 509 466 idololatria
521 416 550 465 ad
562 414 748 479 supersh'tionem
759 412 883 477 pertinet.

166 489 324 554 (Concessio.
340 486 498 537 -Uniuersar
517 486 646 537 idololatria
667 486 804 548 varietates,
823 494 965 553 *supersti-

135 562 206 622 tioni‚
220 562 247 610 ut
261 557 349 623 species
361 572 403 610 suo
417 558 508 621 generi,
523 557 699 621 subjiciuntur.)

167 632 302 696 Respondeo
313 630 441 692 dicendum,
456 628 519 693 quid
531 629 592 679 sicut
605 627 674 692 suprl
685 628 769 678 dictum
779 632 816 679 est
828 629 839 693 (
849 645 900 694 qu.
916 640 962 696 92,

136 708 178 754 art.
191 704 238 767 t),
258 703 286 752 ad
299 700 480 766 superstitionem
494 700 592 765 pertinet
601 700 713 750 excedere
726 699 827 750 debitum
848 706 962 755 modum

137 775 209 827 divini
225 774 308 825 cultris.
321 774 384 832 Quod
393 772 483 836 quidem
498 770 611 835 precipue
620 770 744 835 litquaudo
753 770 852 823 diuinus
867 777 962 828 cultus

137 847 254 897 exhibetur
270 844 308 894 cui
320 857 366 895 non
386 842 453 894 debet
470 840 589 905 exhiberi,
603 842 671 891 debet
683 845 759 891 numm
774 842 891 894 exhiberi
912 851 962 899 soli

137 932 224 970 summo
238 918 298 980 beo,
313 916 428 978 increato,
443 917 468 963 ut
480 912 549 977 supra
565 912 667 963 habitum
678 917 714 963 est
728 912 776 977 (qu.
789 916 832 976 81,
845 918 900 965 art.
920 923 961 982 a),

136 989 188 1043 eiam
199 992 226 1042 de
234 988 342 1052 religione
352 990 464 1049 ageretur.
475 986 504 1041 aa
512 984 564 1035 ideo
576 984 711 1048 cuicumque
720 987 832 1035 creatore
847 985 961 1041 diuinns

137 1062 209 1113 cultus
223 1060 364 1121 exhibeatur,
378 1057 562 1122 superstitiosum
579 1060 624 1107 est.

168 1134 233 1183 Sient
246 1135 321 1181 autern
333 1142 373 1194 per
383 1129 457 1191 alque
468 1126 585 1178 sensibilia
595 1127 660 1189 sigua
673 1125 817 1179 sensibilibus
826 1135 961 1185 creaturis

137 1204 284 1257 exhibebatur
300 1201 374 1251 cuitus
389 1199 480 1251 diuinus
492 1237 499 1263 ,
513 1197 569 1263 pota
581 1212 623 1262 per
634 1197 757 1258 sacrificia,
771 1197 839 1249 runos
855 1205 883 1250 et
905 1206 960 1255 alia

135 1274 283 1339 hujusmodi,
297 1272 329 1323 ila
342 1271 410 1323 etiam
424 1270 573 1322 exhibebatur
587 1273 694 1321 creature
711 1272 890 1333 repraesentatae
907 1290 960 1338 per

134 1346 233 1410 alipilum
250 1343 381 1395 sensibilem
394 1342 490 1392 termam
503 1355 544 1393 sau
554 1341 664 1404 tigurium
678 1354 728 1404 que
741 1340 827 1390 idolum
844 1342 958 1398 dicitur.

134 1414 289 1469 Diuersimodt
304 1420 380 1465 hmen
394 1413 467 1465 cultus
481 1412 575 1464 o'iuinus
586 1411 655 1463 idolis
670 1411 827 1463 exhibebatur.
839 1413 958 1471 Quidam

134 1488 194 1539 enim
213 1501 253 1551 per
267 1486 386 1550 quemdam
403 1485 514 1537 melariam
531 1488 603 1535 artem
625 1482 736 1547 imagines
754 1483 869 1547 quasnam
884 1501 958 1541 con.

134 1560 265 1621 struebant,
280 1572 330 1623 quae
348 1557 430 1608 uirtute
448 1558 578 1609 demomm
594 1555 682 1619 aliquos
696 1559 770 1607 certos
783 1554 885 1609 effectus
902 1562 957 1613 ha-

133 1630 230 1693 bebant,
243 1630 302 1679 unde
320 1630 430 1693 putabant
444 1628 470 1677 in
483 1627 539 1690 ipsis
552 1627 688 1691 imaginibus
702 1639 753 1677 esse
766 1626 857 1689 aliquid
874 1630 957 1683 ‹liri-

135 1702 225 1761 nitaris,
240 1705 262 1751 et
272 1714 313 1765 per
323 1713 467 1765 consequens
478 1699 539 1762 quid
551 1699 643 1750 diuinus
659 1699 735 1749 cultus
749 1697 785 1748 eie
798 1698 954 1769 deberetur3

135 1777 159 1823 et
174 1774 225 1823 limo
243 1771 287 1821 init
299 1771 379 1836 opinio
394 1771 506 1821 liermetis
518 1770 661 1833 Trismegisti
670 1806 679 1833 ,
689 1774 714 1819 ut
727 1768 871 1833 Augustinus
884 1774 956 1825 dicit

137 1846 161 1895 ia
175 1846 225 1896 Vill
240 1846 276 1895 De
290 1844 369 1894 civit.
388 1844 437 1893 Dei
447 1844 514 1907 (cap.
535 1847 567 1891 23
579 1857 606 1892 ac
622 1842 747 1907 deincepsl.
762 1842 807 1892 atii
821 1843 880 1895 verb
897 1860 956 1899 non

135 1916 272 1967 exhibebant
286 1916 370 1965 cultum
387 1913 514 1963 diuinitatis
527 1914 586 1977 ipsis
598 1913 752 1978 imaginibus,
767 1914 806 1963 sed
827 1922 956 1971 creaturis

136 2000 231 2051 quarum
242 1990 307 2037 erant
317 1984 437 2050 imagines.
453 1986 481 2036 nr
491 1990 612 2050 utrumque
622 1987 703 2037 horum
713 1984 786 2048 tangit
800 1988 953 2055 Apostolus,

136 2060 171 2109 od
184 2062 264 2116 hom„
278 2060 304 2123 13
319 2070 370 2107 uam
384 2062 493 2121 quantum
511 2058 539 2107 ad
555 2058 655 2121 primpm
668 2056 723 2107 dicit
738 2071 744 2106 :
762 2073 777 2104 a
790 2056 953 2111 htutaueruut

133 2131 229 2194 gloriam
242 2128 419 2194 incorruptibilis
434 2129 474 2179 liei
485 2128 691 2180 imsimilitudinem
700 2127 807 2191 imaginis
824 2135 952 2194 corrupti-

135 2204 189 2255 bilis
202 2204 305 2257 hominia
320 2205 343 2253 et
361 2200 477 2253 uolucrum
494 2205 519 2253 et
531 2202 702 2266 quadrupedum
717 2204 740 2251 et
755 2201 916 2265 serpentium.
936 2224 952 2252 n>

135 2275 248 2333 Quantum
257 2279 332 2325 autern
340 2273 367 2323 ad
378 2274 502 2323 secundum
512 2272 586 2323 subiit
598 2287 603 2321 :
618 2288 632 2321 a
643 2272 767 2324 &luerunt
777 2275 801 2321 et
807 2272 952 2326 servierunt

134 2346 210 2409 potius
224 2350 333 2397 creaturae
347 2342 415 2407 quan
426 2344 534 2398 creatori.
545 2360 559 2391 n

167 2418 251 2467 horum
262 2420 337 2467 umen
354 2414 397 2465 luit
411 2414 492 2479 triplex
506 2414 592 2480 opinio.
607 2416 701 2475 Quidam
716 2415 775 2468 enim
794 2415 950 2469 estimabant

59 2488 66 2495 ’
135 2487 244 2551 quosdam
256 2488 361 2539 homines
377 2488 431 2537 deos
441 2486 527 2551 irrisse,
542 2502 598 2550 quos
614 2501 740 2552 percorum
754 2487 870 2549 imagines
879 2491 949 2540 cole-

134 2558 203 2621 bant,
223 2558 283 2609 sicut
301 2559 393 2622 torem,
410 2558 545 2609 Mercurium
563 2564 586 2608 et
603 2559 659 2611 alios
677 2557 817 2623 huiusmodi.
841 2558 948 2617 Quidam

135 2629 190 2681 verb
204 2630 346 2680 aestimabant
360 2634 431 2679 totum
440 2631 550 2680 mundum
558 2643 610 2681 esse
623 2645 695 2681 unum
703 2632 775 2681 baum
783 2642 832 2681 uon
844 2636 946 2695 propter

136 2702 273 2765 corporalem
292 2701 458 2765 substantiam,
474 2702 514 2751 sed
535 2705 627 2765 propter
646 2703 757 2763 ammam,
772 2714 843 2763 quam
868 2703 945 2753 ileum

136 2784 186 2822 esse
201 2771 338 2835 credebant,
355 2772 454 2823 dicentes
469 2773 540 2822 Deum
553 2772 609 2821 nihil
621 2774 682 2823 aliud
693 2785 743 2823 esse
754 2771 822 2835 qnam
837 2773 944 2826 minam

100 2864 104 2873 ·
136 2845 199 2893 motu
211 2846 234 2892 et
242 2841 330 2893 ratione
344 2842 452 2893 mundium
467 2844 649 2907 gubernantem:
664 2845 724 2894 sicut
737 2846 760 2894 et
773 2843 843 2893 homo
854 2842 945 2893 dicitur·

136 2914 242 2981 sapiens,
255 2917 347 2981 propter
362 2913 472 2979 animam,
486 2928 531 2966 non
543 2918 634 2983 propter
643 2929 725 2984 corpus
735 2928 742 2978 ;
751 2913 812 2966 unic
822 2914 945 2981 putabant

329 2991 344 3015 5
