1934 3284
365 130 396 168 ull
411 131 577 170 lontlllrnllln.

353 314 510 365 nonnullis
527 315 583 366 vill.

237 447 323 493 lltrtm
333 449 404 501 tor-tle
416 449 547 494 delectetur
556 449 583 493 in
592 458 634 494 ruo
644 454 707 494 actu.

100 583 134 632 nd
146 585 252 633 cetarum
262 583 295 635 ric
306 585 444 648 proceditur.
454 585 548 636 Videtur
558 585 619 649 quod
630 586 696 636 lontio
711 587 833 638 delectetur
845 589 869 639 in

72 668 115 704 suo
128 657 190 705 adu.
206 655 401 707 Delmaticum
418 660 453 707 est
466 674 479 704 n
496 657 598 720 operatio
613 657 766 709 connaturalis
779 659 870 710 habitus

69 736 116 775 uon
128 725 248 790 impedita,
256 744 270 774 u
281 730 308 777 ut
317 728 397 778 dicitur
407 730 460 779 iull
469 730 551 778 detio.
564 728 608 778 Sed
620 729 723 792 operatio
740 730 806 780 fortis
816 743 869 794 pro·

68 796 131 846 cedit
145 809 174 846 ex
188 797 267 848 habitu
284 799 324 862 qui
336 799 382 863 agit
395 799 420 849 in
433 801 523 849 modum
537 801 630 848 naturae.
647 801 704 862 Ergo
720 800 785 850 fortis
802 800 869 852 habet

67 868 243 920 delectationem
253 869 279 918 in
288 882 330 920 suo
341 874 401 920 acm.

99 944 125 989 2.
141 941 272 1004 Prummu,
285 945 319 990 cd
335 942 430 999 Galat..
446 944 480 1006 V,
493 956 560 1006 super
574 942 649 992 illud:
666 942 783 992 «Fructus
793 947 868 994 autem

68 1011 165 1076 spiritdr
180 1015 216 1062 est
229 1013 341 1074 charitas,
356 1013 462 1077 goudium
468 1051 477 1077 ‚
488 1027 546 1078 pax,
559 1029 573 1060 n
589 1013 644 1064 dicit
665 1013 795 1064 umbrosius
808 1013 868 1078 quod

67 1097 138 1147 opera
152 1083 261 1134 virtutum
271 1084 478 1148 dmururnunun,
489 1087 543 1149 quia
552 1103 566 1133 «
576 1087 674 1138 mentem
683 1085 781 1136 hominis
791 1090 869 1136 sancta

67 1160 91 1204 et
107 1155 200 1206 sincera
215 1156 365 1206 delectatione
383 1156 494 1207 reficiunt.
513 1174 527 1204 u
542 1158 587 1208 Sed
604 1157 669 1208 fortis
683 1157 729 1221 agit
744 1169 812 1222 opera
824 1157 869 1206 vir-

68 1226 133 1276 tulis.
145 1228 206 1290 llrgu
217 1227 286 1277 habet
296 1227 468 1278 delectationem
479 1227 504 1278 in
519 1243 561 1280 suu
572 1231 631 1279 aetra

100 1303 124 1348 3.
140 1297 369 1361 pretereadeonius
379 1299 500 1350 vinciturl
511 1301 661 1351 tortiori.sed
674 1300 739 1352 tortis
749 1300 800 1366 plus
809 1303 870 1350 amet

68 1369 155 1420 lunum
170 1369 260 1420 virtutis
275 1370 342 1434 quim
357 1369 474 1436 proprium
484 1385 581 1436 corpus,
593 1372 653 1436 quod
667 1371 774 1436 periculis
791 1369 869 1422 mortis

68 1442 173 1507 exponit.
183 1443 242 1505 Ergo
255 1443 374 1493 delectatio
390 1444 419 1493 de
433 1443 493 1494 bono
504 1441 595 1493 virtutis
607 1445 702 1494 evacuat
711 1442 809 1494 dolorem
821 1456 869 1494 cor-

68 1515 189 1579 poralem3
203 1518 227 1563 et
240 1514 272 1563 ita
285 1513 449 1566 delectabiliter
462 1515 538 1565 omnia
551 1517 665 1578 operatur.

99 1587 147 1637 Sed
164 1588 243 1634 contra
259 1590 308 1648 est,
327 1587 387 1649 qnod
407 1587 560 1651 Philosophus
574 1586 629 1636 dicit
644 1585 668 1635 in
680 1586 710 1635 lll
728 1585 810 1636 Erote.
826 1586 870 1648 (ut

69 1656 157 1722 supra),
172 1655 232 1718 quld
248 1656 339 1706 ulurtis
351 1656 376 1706 iu
389 1671 432 1707 suo
447 1661 498 1707 actu
509 1656 572 1718 ¹nillil
584 1656 715 1708 delectabile
730 1656 869 1706 ridetnrlru-

68 1729 133 1780 here.
145 1743 161 1775 u

102 1800 379 1866 (Cornucio—Fortis
391 1813 419 1850 ex
434 1813 480 1850 una
497 1803 570 1864 parte,
581 1799 688 1851 videlicet
701 1812 730 1849 ex
743 1799 871 1850 considera-

69 1873 133 1924 tione
147 1871 184 1922 sni
195 1874 272 1935 actus,
291 1871 385 1936 ejusque
402 1871 466 1935 linis,
482 1872 605 1922 secundum
624 1871 721 1921 animam
736 1870 868 1938 delectatum

69 1959 97 1996 ex
111 1943 157 1994 alin
167 1941 224 1993 vero
240 1946 311 2006 parte,
322 1943 429 1994 videlicet
441 1956 470 1993 en
480 1943 628 2006 perpessione
640 1942 738 1992 tristium
752 1947 776 1992 et
789 1942 871 1992 moles-

69 2020 154 2075 torum‚
169 2013 289 2078 inquibus
303 2015 397 2078 existit,
416 2015 516 2065 dolorem
531 2015 601 2064 sentit
615 2017 682 2078 atque
693 2012 823 2078 tristatur.)

102 2086 240 2152 despondeo
253 2087 387 2150 dicendum,
396 2086 457 2151 qndd
470 2085 530 2136 siunt
539 2085 608 2149 supra
617 2086 701 2135 dictum
711 2089 761 2145 est,
775 2083 827 2134 cium
841 2084 868 2134 dc

70 2158 215 2224 passionibus
229 2161 331 2221 ageretur
346 2159 390 2223 (l,
406 2163 434 2221 2,
449 2172 488 2222 qu.
505 2161 532 2207 nl
539 2195 547 2222 ‚
562 2163 604 2207 ant.
622 2161 649 2220 3,
663 2160 675 2205 ι
691 2160 714 2206 et
726 2157 754 2220 ὅ)
762 2193 770 2218 ,
784 2155 867 2220 duplex

67 2234 102 2281 est
116 2229 255 2281 delectatio:
268 2243 311 2279 uua
320 2230 412 2294 quidem
423 2229 553 2293 mrporalis
566 2242 616 2292 queo
627 2227 772 2291 consequitur
781 2230 867 2276 tactum

69 2303 225 2366 corporalem3
240 2301 284 2352 alia
297 2306 372 2352 autem
382 2301 501 2365 animalis,
516 2315 565 2366 qum
582 2300 726 2364 consequitur
739 2299 868 2363 apprehen-

70 2375 158 2426 sionem
172 2373 267 2437 auimn3
282 2376 305 2424 et
323 2375 373 2424 lraec
392 2372 481 2438 proprie
500 2371 646 2435 consequitur
663 2383 731 2434 opera
745 2369 879 2431 virtutum„

71 2445 124 2509 quia
136 2445 163 2495 iu
172 2445 207 2496 eis
221 2443 374 2496 consideratur
386 2446 470 2496 bonnm
483 2443 586 2495 rationis.
597 2441 731 2505 Principalis
743 2440 871 2492 incoactus

72 2516 212 2568 tortitudinis
225 2520 261 2568 est
272 2517 384 2568 emtinere
398 2516 473 2580 aliqua
486 2515 559 2566 tristia
569 2511 693 2565 semndlm
707 2512 870 2576 apprehensio·

72 2603 124 2640 nem
136 2590 228 2652 anime,
242 2588 298 2652 pull
308 2588 368 2653 quod
379 2591 448 2640 homo
457 2589 548 2638 amittat
562 2584 699 2650 corporalem
711 2584 791 2644 vitam,
804 2595 871 2649 qnam

73 2662 188 2713 duonum
206 2664 284 2726 amnt,
297 2675 343 2712 non
358 2661 430 2713 solum
448 2661 473 2710 in
489 2663 600 2724 qnantum
613 2660 647 2707 est
661 2655 774 2720 quoddam
787 2656 872 2706 bunum

73 2733 189 2795 naturale,
203 2734 244 2783 scd
261 2733 329 2783 etiam
340 2732 366 2783 in
381 2737 491 2796 qnantum
502 2727 631 2780 necessaria
645 2732 680 2778 est
694 2727 721 2776 ad
735 2739 804 2790 opera
820 2725 871 2774 vir-

73 2807 146 2854 tutum
159 2804 288 2867 ecquem
301 2817 330 2856 ea
342 2804 473 2869 pertiueut;
489 2805 512 2852 et
523 2801 606 2852 itemm
619 2797 734 2850 sustinere
742 2796 817 2860 aliqua
831 2797 872 2846 do-

76 2876 149 2929 lorosa
162 2875 287 2928 oemndlur
300 2879 385 2928 tactum
394 2873 507 2939 corporis,
519 2871 574 2938 pult
583 2871 677 2924 uulnera
687 2870 725 2937 rel
735 2867 830 2932 lagena.
844 2867 873 2916 nt
