1934 3284
143 216 173 264 ut
227 225 335 264 anconae
351 225 475 275 account,
491 225 584 272 oum.
600 225 706 278 mnu,
724 225 779 266 nr.
799 228 858 267 xur.

143 303 251 356 meat
264 303 290 352 in
300 305 391 362 monte,
407 302 504 353 anien
516 303 546 353 ab
555 301 688 354 hominihm
701 303 766 355 nata
776 306 820 367 aa,
836 305 882 358 sei
893 306 934 357 ita

144 376 188 426 hec
201 385 268 439 agere
280 377 307 425 ut
320 375 349 426 ab
361 373 490 426 hominibus
502 374 609 426 ommia.
621 390 636 422 a

421 554 583 608 eumenius
598 555 659 606 xm.

188 679 273 724 Utricm
291 679 319 725 de
339 679 475 726 necessitate
493 679 609 728 orctionIe
623 679 656 724 cit
674 671 737 740 qaod
754 679 787 724 sit
800 681 905 726 attento.
948 658 950 677 Ι

175 805 209 854 id
222 804 316 854 tertium
329 805 441 857 decimum
453 806 488 858 sic
498 805 636 871 premittur.
644 803 740 856 etiamr
750 803 810 868 qutu
820 805 851 856 de
865 821 938 858 neas-

144 873 211 926 sitate
227 875 336 927 orationis
351 876 381 926 sii
393 876 453 942 quod
468 877 498 927 sit
510 879 605 932 attenta.
621 875 711 927 Dicitur
720 875 782 926 enim
798 875 890 935 toan„
901 879 938 928 lt:

146 962 160 996 a
176 948 276 1012 Spiritus
290 954 326 1000 est
341 951 412 1014 Deam
426 953 449 999 et
463 961 504 1002 eos
521 949 561 1012 qui
575 949 670 1000 adorant
689 961 758 1010 eum,
776 947 800 1001 iu
821 949 911 1013 Spiritu
923 953 940 999 et

145 1019 242 1070 ueritate
256 1024 346 1084 oportet
358 1023 460 1072 adorare,
470 1037 484 1069 a
493 1019 538 1070 Sed
547 1021 617 1072 oratio
630 1032 677 1072 non
686 1024 721 1071 cst
734 1017 860 1084 inspicite,
873 1025 895 1074 si
904 1035 941 1072 rou

146 1091 178 1142 sie
190 1095 284 1142 attenta.
297 1093 355 1156 Ergo
369 1093 397 1142 de
415 1091 551 1143 necessitate
565 1091 674 1143 orationis
683 1095 719 1142 est
733 1089 791 1156 qutd
805 1091 834 1141 ait
849 1097 940 1146 attenta.

177 1166 201 1210 a.
212 1163 332 1226 Praeteeea,
340 1161 411 1213 oratio
421 1165 458 1212 eet
466 1179 480 1210 o
489 1175 597 1214 amaneus
606 1161 736 1213 intellectis
744 1161 769 1213 in
779 1162 863 1213 Deum.
876 1163 940 1214 »Sed

145 1233 235 1296 mundo
254 1232 325 1284 oratio
345 1245 392 1283 uon
414 1235 449 1284 est
467 1237 567 1297 attenta,
582 1233 711 1284 intellectus
731 1246 778 1284 non
798 1236 942 1286 ascenditiu

145 1304 226 1355 iteum
241 1303 301 1366 Ergo
314 1305 342 1354 de
353 1303 489 1355 necessitate
503 1303 614 1356 orationIs
625 1307 660 1355 est
670 1303 731 1368 quoi
741 1304 772 1354 eit
785 1305 887 1358 attenta.

178 1379 202 1424 t.
217 1375 342 1436 Paetere'a,
353 1375 380 1425 de
395 1373 530 1426 necessitate
544 1375 655 1426 orationis
669 1378 705 1426 est
721 1373 781 1438 quod
794 1379 878 1426 cureat
892 1376 945 1429 omui

145 1449 246 1512 peccato.
258 1445 302 1496 Sed
316 1459 362 1496 uon
377 1449 414 1496 est
426 1447 511 1511 absque
522 1451 616 1512 peccato
626 1445 688 1510 qnid
699 1444 781 1510 aliquIs
794 1449 887 1500 orando
902 1463 945 1500 eua-

145 1516 259 1580 gutionem
270 1517 354 1567 menits
366 1517 480 1581 patiatur3
498 1518 589 1568 videtur
602 1518 663 1569 eninr
672 1517 776 1568 deridere
788 1517 877 1580 Deum,
891 1522 946 1570 siout

145 1587 164 1636 ei
180 1583 249 1638 alicui
265 1587 351 1637 nomini
362 1587 493 1651 loqueretar
506 1591 531 1640 et
543 1602 589 1639 uon
603 1589 730 1640 attenderet
742 1588 771 1639 ad
785 1599 813 1638 ea
824 1599 879 1650 quac
905 1592 945 1655 ipse

144 1656 273 1724 proterret3
288 1661 348 1712 unde
361 1659 459 1710 Basilius
479 1660 535 1710 dicit
539 1697 548 1724 ,
564 1659 624 1726 quod
639 1658 768 1709 adiuiuum
784 1657 902 1713 auxiium
918 1664 946 1711 est

146 1729 311 1794 implorandum
330 1743 376 1781 non
390 1729 486 1782 remissi
498 1744 541 1782 nec
554 1733 631 1781 mente
644 1732 689 1780 hue
705 1729 742 1780 uel
755 1729 810 1780 iiiuc
824 1737 946 1796 evagante,

146 1815 173 1854 eo
187 1801 247 1866 quod
257 1802 308 1852 tatis
317 1815 363 1852 uon
378 1799 450 1852 solim
466 1815 513 1851 aon
523 1801 654 1867 impetrabit
668 1801 728 1865 quod
738 1799 808 1865 petit,
823 1803 947 1854 sedetiam

147 1872 219 1934 magis
233 1873 302 1923 mum
316 1871 422 1924 irritabit.
438 1887 452 1921 a
466 1875 524 1938 Ergo
538 1875 567 1924 de
578 1873 717 1924 necessItate
732 1871 843 1923 orationis
860 1873 950 1924 videtur

147 1942 207 2006 quod
217 1944 355 1994 sit‘atteuta.

178 2014 221 2064 Sed
242 2017 319 2064 cantra
337 2018 385 2078 est,
395 2014 455 2079 quid
473 2015 543 2066 etiam
558 2015 635 2067 sanci
647 2015 692 2067 uiri
710 2013 795 2066 annuo
811 2017 950 2080 mundoque

148 2085 304 2148 evagationem
319 2086 403 2138 mentis
415 2087 542 2152 patiuntur,
554 2087 680 2148 mundum
689 2086 746 2136 illud
757 2085 825 2138 Psoi.
839 2085 946 2141 xxxii:

149 2175 164 2206 u
176 2157 220 2209 Cor
234 2171 310 2208 meum
323 2157 442 2224 dereliquit
454 2172 498 2210 me.
509 2175 524 2206 u
545 2154 549 2158 ’
800 2160 804 2165 ’

180 2231 342 2292 (Coroneum.
364 2257 395 2268 -
415 2233 546 2291 nitentem,
568 2229 692 2280 salientia
714 2230 786 2294 prima
806 2229 950 2289 intentione,

148 2302 239 2366 oportet
253 2313 302 2352 esse
316 2301 451 2363 orationem,
462 2300 482 2352 si
495 2299 649 2363 meritoriam
660 2298 806 2370 impetratira
820 2300 853 2351 sit
863 2303 950 2367 futura„

148 2375 292 2434 mentemque
306 2371 451 2436 spiritua-liter
460 2371 602 2436 refectura.)

179 2441 313 2504 Respondeo
334 2441 467 2507 dicendum,
485 2438 545 2506 quoe
563 2442 658 2506 quaestio
677 2441 727 2493 hac
744 2442 864 2507 praecipue
886 2439 950 2494 habet

147 2513 222 2564 locum
235 2512 258 2562 in
275 2512 376 2564 oratioue
387 2513 468 2564 vocali
484 2513 548 2564 Ciuea
561 2526 630 2576 quam
642 2512 767 2580 sciendum
779 2516 816 2564 est
829 2513 896 2578 quod
911 2526 950 2561 ue*

148 2583 271 2634 maenum
283 2583 365 2634 dicitur
378 2584 462 2648 aliquid
471 2585 659 2650 inpietantium
671 2586 737 2636 modo
745 2599 787 2650 per
797 2586 862 2648 quod
872 2583 950 2635 meliis

147 2653 280 2724 peruenitur
297 2655 323 2704 ad
339 2654 407 2705 finem
421 2671 426 2704 :
442 2659 464 2706 et
478 2657 513 2706 sio
525 2654 621 2706 attentio
639 2655 742 2706 abmiute
755 2656 858 2706 orationi
869 2667 950 2706 neces-

148 2722 261 2775 eniteat.
276 2723 325 2774 iiio
339 2725 405 2774 modo
420 2725 505 2789 aliquid
518 2725 600 2775 dicitur
610 2727 778 2787 necessarium,
791 2726 845 2778 sine
859 2739 909 2790 quo
919 2724 950 2774 ret

148 2807 196 2844 nou
206 2797 281 2858 potest
294 2795 404 2858 consequi
418 2808 483 2846 suun
494 2795 609 2846 enectam.
618 2797 660 2846 Est
668 2801 745 2848 autem
755 2797 844 2860 triplex
856 2797 950 2847 etteotiu

150 2865 269 2916 arationis.
281 2864 370 2915 Prnnm
382 2866 473 2928 quidem
484 2867 613 2917 communis
620 2866 727 2918 omnibus
740 2867 830 2919 actibm
841 2868 950 2918 charitate

150 2931 288 3000 immoratis,
303 2935 364 3000 quoa
376 2939 413 2988 cet
425 2937 510 2990 mereri
525 2951 533 2987 t
547 2938 573 2988 et
584 2937 614 2989 ai
623 2939 799 2991 huncciectum
809 2950 863 2990 non
877 2947 950 2989 exuo
