1934 3284
28 3 445 14 —u-r-—u-n——v-w--v-u—---
483 5 497 7 --

124 189 171 236 ιιι
237 170 346 236 ιιιέιιιιρι
359 197 488 249 monson,
503 195 595 243 enarr.
612 197 700 251 eum,
716 201 777 238 aar.
793 203 822 240 n.

123 276 168 325 trs.
181 274 226 326 Sed
237 273 308 338 qratia
323 277 360 324 eet
371 274 486 324 hahitaaie
499 275 611 338 quoddam
623 275 650 326 in
661 277 752 341 anima,
765 282 793 328 ut
806 291 875 344 supra
884 280 923 328 hu-

122 345 194 468 ffltum
211 349 246 396 est
260 346 343 410 (m,
359 359 398 410 qu.
413 348 473 406 tit,
492 351 535 396 art·
551 347 595 410 2).
613 347 674 412 Ergo
691 350 822 414 prophetia
839 355 873 401 est
889 353 922 400 ha·

147 421 193 467 tus.

155 488 198 538 Sed
212 493 288 540 eontra
305 504 311 539 :
326 507 342 540 u
353 490 447 540 Habitus
460 494 496 541 est
505 503 550 554 quo
562 490 615 554 quis
626 491 675 555 ugit
686 492 743 544 eum
754 495 866 557 notuerit,
878 513 890 542 o
902 501 940 542 nr*

124 559 179 611 dieii
188 560 355 612 commentator
364 561 389 610 in
400 562 470 612 tertio
486 564 520 611 De
531 563 626 613 animo.
637 563 684 614 Sed
701 566 794 629 aliquis
807 581 855 619 non
863 573 921 632 potest

123 632 158 681 uti
173 633 292 697 prophetit
312 633 363 684 edm
382 633 495 693 notuerit3
517 634 574 684 siunt
594 637 658 698 putet
680 637 721 687 Ν.
747 640 823 704 Req..
844 641 884 702 id,
898 638 920 686 de

121 703 232 763 Eiiroeo,
248 723 263 754 u
276 719 344 770 quem
357 705 408 755 edm
420 706 532 769 iosaphat
545 702 669 758 defuturis
682 709 834 775 requireret,
847 716 921 774 etpro

122 776 207 839 phetie
223 778 317 841 spiritus
333 777 355 828 ei
373 777 477 840 deesset,
494 778 589 840 psaltem
609 778 665 828 iecit
686 780 827 846 apptioari,
841 787 865 832 ut
876 796 920 846 pre

123 849 207 912 phetie
223 851 252 900 ad
266 850 328 899 huno
341 848 432 914 spiritus
448 861 490 913 per
510 849 599 899 taudem
612 850 750 913 psalmodiae
769 854 922 908 descenderet
939 913 940 918 ἵ

124 923 191 984 atquo
206 921 258 985 ejus
271 920 371 970 animum
383 922 411 970 de
423 920 526 970 uenturis
537 921 647 984 repleret3
660 937 674 967 o
689 925 718 972 nt
734 923 867 988 Gregorius
881 925 923 973 dicit

124 1004 192 1057 super
212 995 311 1049 treci„
326 992 427 1056 (domii.
447 992 483 1056 1).
501 993 558 1055 Ergo
575 992 696 1056 prophetia
710 1007 762 1045 non
780 999 923 1047 esthabere.

156 1065 316 1129 (Conmnsno.
330 1065 430 1114 -inest
449 1064 576 1128 prophetie
592 1065 669 1115 lumen
689 1067 782 1118 sanctis
802 1069 924 1133 proporro.

125 1149 172 1188 non
185 1152 227 1200 per
245 1139 336 1189 modum
350 1136 454 1198 hahitds,
468 1137 508 1187 sed
522 1148 562 1200 ρει
583 1136 673 1186 modum
695 1139 825 1201 passionis
844 1155 881 1193 seu
894 1141 925 1188 in·
939 1193 940 1198 ρ

124 1211 249 1273 pressioris
260 1208 404 1260 transeuntis.

155 1282 288 1347 despondeo
296 1282 415 1333 dicendum
424 1319 430 1342 ,
440 1280 500 1346 quod
511 1280 567 1331 sicud
579 1281 702 1344 Apostolus
711 1282 772 1334 dicit
784 1287 826 1336 ad
838 1286 924 1350 spon..

124 1354 152 1418 V,
163 1366 254 1411 somne
263 1354 323 1418 quod
332 1352 494 1418 manifestatur,
506 1353 582 1402 iumen
590 1355 640 1416 est;
652 1369 666 1400 a
677 1353 734 1417 quia
744 1356 863 1409 videlieet
877 1359 923 1406 sieut

124 1426 278 1477 manifestatio
294 1424 418 1488 corporalis
436 1423 531 1475 visionis
549 1423 575 1472 dt
593 1435 633 1488 per
647 1424 726 1474 lumen
752 1431 892 1492 corporate,
904 1429 924 1475 ita

124 1499 193 1548 etiam
213 1497 367 1548 manirestatro
381 1496 476 1547 visionis
491 1494 651 1546 intellectualis
665 1495 691 1545 tit
704 1510 748 1560 per
763 1498 850 1551 iumen
871 1501 925 1550 inre.-

123 1569 226 1620 leetuale.
244 1571 337 1633 Oportet
352 1582 406 1631 erqo
424 1570 451 1617 ut
468 1565 621 1617 manifestatio
641 1567 840 1631 proportionetur
857 1571 926 1621 lumin

123 1653 163 1703 per
176 1641 238 1704 qnod
250 1640 292 1706 tit,
309 1642 369 1692 sient
384 1641 479 1691 eiieetrrs
496 1636 679 1704 proportionetur
698 1652 747 1689 suae
766 1654 859 1694 oense
879 1644 924 1692 Cin

124 1723 178 1776 ergo
190 1713 313 1776 prophetia
324 1713 436 1777 pertineat
448 1712 477 1762 ed
489 1709 639 1774 cognitionem
654 1723 704 1773 qne
719 1721 795 1775 supra
809 1717 925 1765 riaturairn

31 1836 42 1856 ι
124 1783 234 1835 rationem
246 1784 338 1846 existit,
351 1788 376 1835 ut
389 1783 614 1846 dicionemque
626 1785 644 1842 i,
658 1794 811 1848 consequens
827 1791 864 1837 est
875 1787 925 1849 qno:

125 1856 153 1905 ad
170 1855 312 1920 prophetiam
323 1856 449 1920 requiratur
464 1854 576 1919 quoddam
593 1853 670 1904 lumen
688 1853 855 1908 intellectuale
871 1871 925 1909 exo·-

126 1929 182 1979 dens
200 1929 277 1980 iumen
294 1928 401 1979 naturalis
415 1927 512 1977 rationis
529 1943 535 1975 ε
553 1924 613 1975 unde
626 1926 757 1983 Michoeoe,
773 1929 818 1980 vri
833 1945 839 1980 :
853 1948 868 1978 u
879 1930 924 1980 Cin

124 2001 203 2051 sedero
213 2000 239 2050 in
249 1997 365 2061 tenebris,
377 1999 485 2049 hominus
495 2000 535 2048 lux
546 2010 595 2048 mea
609 2001 653 2047 est.
664 2011 678 2045 a
691 1998 781 2048 humen
798 2006 880 2051 autom
894 2003 924 2049 du-

125 2071 215 2136 pliciter
229 2072 296 2122 alieni
313 2074 388 2124 inesse
404 2073 480 2135 potest
496 2085 502 2119 ι
519 2083 564 2120 nno
576 2070 657 2132 modo,
673 2081 714 2133 per
732 2071 833 2121 modum
854 2073 923 2122 forme

124 2144 293 2208 permanentis3
304 2144 364 2195 sient
373 2143 449 2193 lumen
462 2141 578 2205 corporale
590 2144 627 2210 est
636 2140 660 2189 in
670 2140 719 2191 sole
732 2145 758 2191 et
771 2142 797 2191 in
810 2143 878 2208 igne3
888 2145 922 2190 aiu

125 2216 193 2266 modo
202 2229 242 2280 per
254 2217 345 2266 modun
356 2214 476 2279 eujusdam
486 2213 613 2276 passionis,
622 2212 671 2263 sire
681 2211 850 2276 impressionis
861 2220 925 2264 trans-

124 2287 217 2351 euntis;
236 2286 296 2338 sieut
312 2287 389 2336 iumen
403 2289 440 2336 est
456 2286 481 2333 in
496 2296 555 2334 aere.
570 2285 656 2334 Lumen
674 2287 752 2334 antem
768 2287 924 2348 prophetiam

55 2379 60 2386 ·
122 2371 171 2408 non
183 2360 243 2409 inest
252 2356 376 2408 inteitectni
386 2357 506 2421 prophete
515 2369 555 2420 per
568 2355 660 2405 modum
669 2354 748 2406 iormre
758 2359 923 2419 permanentis

123 2429 180 2481 elido
193 2433 305 2495 oporteret
317 2429 378 2493 qudd
394 2441 485 2491 semper
503 2426 628 2491 prophetie
649 2426 742 2476 adesset
760 2427 863 2479 iaeuitas
882 2443 924 2490 pr*

121 2502 231 2564 phetrndi
245 2518 252 2549 ι
264 2501 324 2565 quod
335 2504 399 2564 patet
411 2513 461 2549 esse
475 2499 565 2548 iaisum.
577 2497 636 2547 Dicit
645 2497 707 2547 enirn
719 2498 848 2562 Gregorius
864 2512 923 2561 supe·

121 2575 210 2626 Erech
227 2576 292 2639 (loeo
307 2574 356 2638 jam
376 2587 445 2638 supra
461 2571 578 2634 indicato)
596 2587 602 2620 ι
623 2585 637 2617 u
650 2570 780 2634 Aliquando
800 2571 919 2637 prophetin

120 2647 215 2709 spiritus
231 2649 297 2698 deest
311 2645 446 2711 Prophetis,
457 2659 500 2695 neo
514 2657 604 2708 semper
617 2656 695 2694 eornm
707 2643 830 2694 mentibus
845 2653 914 2710 presa

121 2721 170 2778 est;
188 2721 300 2779 quatenns
318 2715 369 2766 eirm
382 2718 445 2767 hune
464 2729 511 2766 non
528 2715 628 2776 hahent,
641 2727 666 2766 se
681 2715 743 2764 huno
757 2721 923 2779 agnoscantur

121 2786 179 2834 douo
199 2788 282 2838 hahere
298 2787 352 2839 edm
369 2789 462 2839 hahent.
479 2803 493 2834 n
510 2787 575 2838 Unde
596 2785 689 2836 Eiiseus
707 2786 765 2838 dixit
779 2789 809 2838 de
831 2787 920 2838 muliere

118 2854 236 2907 sunamite
246 2860 285 2908 iv.
304 2861 374 2924 ηερ,
385 2860 415 2908 iv
428 2874 435 2907 :
449 2858 554 2910 udmma
567 2859 618 2922 ejus
631 2859 657 2908 iu
666 2859 824 2910 amaritudine
839 2863 888 2918 eat,
900 2861 920 2904 rt

119 2924 226 2985 hominus
236 2929 339 2981 eohrita
348 2943 398 2994 me,
410 2935 434 2982 et
446 2943 495 2982 nou
511 2929 621 2982 indicavit
632 2928 699 2982 mihi.
710 2945 725 2980 a
738 2931 770 2984 iit
782 2932 858 2997 huius
872 2929 921 2982 ratio
