1934 3284
276 228 310 266 us
323 227 437 267 numus
452 226 626 268 senrnuuuus.
805 219 851 268 titt

54 304 123 356 atium
135 305 215 358 auem
225 305 302 355 aetam
314 305 466 370 tortitudinis,
482 305 521 368 qui
535 309 569 356 est
581 305 692 358 sustinere
697 343 706 371 ,
714 307 759 358 due
773 306 852 373 requi-

53 381 148 427 runtur:
160 389 256 440 quorum
269 376 366 440 primum
379 380 425 437 est,
435 391 465 427 ue
476 375 608 429 difficultate
621 377 788 430 imminentium
805 391 853 429 ma-

53 447 124 498 turum
135 446 230 497 animus
240 448 355 512 frangatur
365 461 408 513 per
418 447 543 512 tristitiam,
554 450 577 498 et
591 447 702 500 deeidata
713 461 755 500 sua
766 450 854 513 magni-

52 521 139 572 tudine.
153 521 186 570 ttt
202 518 312 585 quantum
332 521 362 571 ad
379 522 424 571 hue
439 520 506 584 punit
527 521 679 585 patientiam
695 537 705 571 .·
720 523 780 573 uude
796 521 855 573 dixit

51 593 113 654 quud
122 609 137 640 u
146 590 261 657 patientta
270 593 305 642 est
314 590 442 642 honestatis
451 593 491 641 aut
499 589 603 642 utilitatis
610 590 678 642 causi
685 605 761 643 rernm
772 593 854 644 ardua-

52 677 101 712 rum
115 676 143 714 ae
162 662 291 714 difficilium
311 663 438 713 uoluntaria
452 675 480 712 ae
497 662 599 713 diuturna
615 664 740 728 perpessio.
756 681 770 711 u
788 663 854 716 Aliud

51 737 127 785 autem
145 735 174 785 ad
188 736 234 784 hue
246 733 307 798 qudd
320 745 367 784 uon
382 733 492 796 desistat3
509 733 632 785 seeuuddm
645 735 700 786 illud
720 735 756 786 ed
769 735 852 794 Hebri,

50 805 93 855 ΧΠ
107 822 114 856 :
131 821 147 854 a
158 802 211 856 Nun
224 803 351 868 fatigemini
357 843 366 869 ,
378 803 459 856 animis
470 803 552 856 restris
563 805 706 871 deiicientem
718 823 733 854 u
748 811 771 858 et
781 821 854 872 quau·

50 880 99 926 tum
115 877 145 928 ad
158 878 204 927 true
217 877 283 940 pouit
296 877 509 940 perseuerantiam
522 891 531 925 .·
543 877 603 928 uude
621 877 677 928 dieit
696 877 755 942 quid
770 895 784 925 a
797 893 854 942 per-

51 949 183 1000 severantia
195 952 233 999 est
246 947 272 998 iu
282 947 368 999 ratione
381 948 439 998 bene
452 947 602 1010 considerata,
612 947 699 1000 stabitis
710 953 734 1000 et
743 943 853 1015 perpetua

49 1018 190 1084 permansio.
206 1035 221 1067 a
239 1018 377 1070 nuncetiam
393 1019 438 1070 due
453 1019 474 1070 si
487 1023 627 1070 euareteutur
638 1021 665 1071 ad
681 1021 794 1086 propriam
807 1034 854 1071 nra-

50 1093 132 1143 teriam
140 1091 294 1153 tortitudinis,
304 1095 370 1142 eruut
377 1091 768 1156 partesquastiutepatestpstuast
778 1095 854 1142 autem

50 1165 79 1214 ad
93 1175 252 1228 quascumque
268 1163 375 1214 materias
389 1160 492 1214 difficiles
506 1164 639 1228 referantur,
654 1167 720 1215 erunt
732 1162 855 1216 virtutesa

50 1234 187 1286 fortitudine
208 1233 337 1299 distineta5
351 1238 375 1286 et
385 1237 464 1285 tamen
483 1234 505 1285 ei
525 1233 689 1300 adjungentur,
703 1232 762 1286 siunt
775 1247 854 1286 seeun-

51 1308 119 1360 darie
132 1307 267 1372 principati.
333 1330 335 1334 ·

81 1379 116 1430 td
129 1378 231 1442 primunr
244 1391 298 1441 ergo
315 1377 449 1438 dicendum,
461 1377 522 1442 quiid
535 1376 701 1442 magnificentia
712 1377 771 1429 eirea
784 1379 855 1430 mate-

51 1450 106 1500 riam
121 1449 270 1502 iiberalitatis
283 1448 346 1501 addit
359 1449 479 1514 quamdam
490 1449 676 1514 magnitudinem,
692 1463 743 1512 qua
755 1450 856 1516 pertinet

48 1522 78 1572 ad
90 1522 208 1573 rationem
222 1521 297 1585 ardui,
308 1521 370 1585 quud
380 1525 414 1572 est
422 1520 537 1584 objectam
551 1519 759 1586 irasmtilis3quam
770 1521 856 1586 prinei·

50 1594 133 1657 patiter
150 1593 243 1659 perficit
254 1593 377 1657 tortitud03
395 1595 420 1643 et
435 1594 597 1656 anteparta
611 1592 708 1658 pertinet
721 1594 747 1643 ad
759 1592 856 1644 tortitu-

50 1665 138 1717 dinem.

79 1739 116 1788 td
129 1734 259 1788 seeundum
268 1736 405 1798 dicandum,
415 1733 475 1800 qudd
490 1747 543 1799 spes
555 1741 600 1800 qua
613 1735 672 1799 quis
682 1736 710 1786 de
723 1738 769 1788 tteu
784 1737 855 1788 eund·

51 1801 96 1873 te,
114 1807 214 1872 punitur
222 1807 302 1857 uirtus
312 1807 455 1871 theologica,
469 1808 495 1855 ut
509 1819 577 1871 supra
593 1805 695 1868 habitum
707 1811 742 1858 est
754 1809 803 1872 (qu.
815 1811 854 1872 ta,

50 1885 90 1932 art.
100 1885 115 1930 a
124 1879 205 1945 ).·Sed
221 1891 265 1943 per
278 1879 384 1929 ddueiam
398 1891 449 1942 qum
463 1889 524 1928 nnuc
538 1877 629 1950 punitur
641 1879 779 1930 tortitudinis
792 1891 853 1946 pars,

50 1953 119 2005 huma
132 1953 206 2003 habet
217 1950 317 2016 spemin
329 1949 415 2014 seipse,
428 1953 506 2000 tamen
520 1950 561 2000 suti
574 1949 628 2000 Deo.
674 1946 679 1956 “
922 1991 928 2002 .

78 2027 117 2076 tu
131 2023 228 2075 tertium
239 2022 371 2085 dicendum,
379 2022 440 2087 qudd
450 2035 603 2086 quascumque
614 2033 651 2073 res
660 2033 754 2086 magnas
764 2023 856 2086 aggredi

50 2095 143 2147 ridetur
160 2094 317 2159 periculosum
333 2107 399 2157 esse3
417 2092 470 2157 qnia
483 2093 508 2142 in
521 2093 559 2142 tais
573 2093 667 2144 densere
685 2097 721 2144 est
733 2093 799 2144 ualde
813 2107 855 2144 nu-

51 2168 126 2218 eirum
138 2168 219 2218 :uude
231 2165 300 2216 etiam
309 2165 331 2216 si
341 2165 630 2229 magniiuentraetitdueia
639 2165 700 2214 eirea
708 2177 855 2228 quecumque
912 2193 919 2212 .

50 2241 91 2291 alia
106 2250 194 2307 magua
205 2238 323 2301 operanda
339 2237 377 2289 ret
391 2236 541 2302 aggredienda
550 2239 674 2302 ponantur,
683 2237 768 2288 habeut
779 2249 857 2301 quami

51 2311 101 2363 dam
128 2303 267 2362 affinitatem
290 2309 520 2372 septennatim,
547 2307 635 2358 ratione
660 2306 755 2372 penendi
778 2307 857 2358 immi»-

53 2383 138 2435 uentis.

78 2456 116 2506 td
128 2456 237 2518 quartum
248 2450 380 2514 dicendum,
391 2451 454 2514 dudd
465 2451 575 2516 patientia
590 2463 636 2502 unu
648 2449 722 2500 satin
730 2449 857 2515 perpetitur

25 2553 28 2560 -
52 2525 157 2589 pericula
166 2522 250 2574 mertis
263 2521 343 2588 (eirea
352 2530 409 2586 'quas
422 2522 607 2588 estimatum),
620 2523 705 2584 absque
718 2522 857 2585 superabun-

54 2597 116 2649 danti
129 2595 241 2657 tristitia,
256 2593 378 2645 sedetiam
392 2601 543 2660 quaecumque
565 2593 608 2644 alia
621 2593 721 2644 diffieitia
735 2593 784 2644 sire
800 2593 859 2657 peri·

53 2669 136 2721 tuipsa.
152 2667 184 2718 nt
197 2663 325 2717 muudnn
338 2667 397 2727 hoe,
409 2666 502 2730 panitur
514 2667 588 2716 virtus
601 2664 708 2728 adjuncta
721 2663 857 2716 tortitudini.

54 2736 207 2807 inquantum
226 2738 304 2786 autem
317 2739 366 2799 est,
382 2735 441 2786 eirea
457 2736 557 2800 muenia
574 2733 669 2797 martis,
683 2738 719 2786 est
732 2749 784 2802 pars
797 2737 857 2788 inte-

54 2810 120 2869 aaut
137 2806 226 2874 ipsias.

81 2883 117 2932 ad
129 2880 241 2944 quintum
252 2876 390 2937 deeudum,
402 2877 463 2942 uudd
472 2877 648 2942 perseuerantia,
663 2877 787 2930 meuuddm
796 2877 858 2942 qndd

55 2948 372 3005 deamutumtannaont
388 2950 465 3015 operis
477 2960 550 3014 usqne
564 2947 859 3014 munemeueunstantia
