1934 3284
149 142 194 189 tot
247 152 355 190 nrcnrtoa
369 150 498 202 stennon,
515 150 608 196 num.
626 150 734 202 cunm,
752 152 809 190 m.
826 152 853 188 n.

146 228 177 277 sit
191 227 338 279 excellentior
350 227 417 291 quam
431 228 517 281 ionum
530 229 672 292 prophetie,
683 228 788 280 maxime
799 230 903 293 qnantum
914 226 935 274 al

146 299 242 363 aliquem
259 300 309 363 ejus
323 305 418 363 partem.

177 372 221 421 Sed
240 378 318 423 eontra
334 376 381 435 est,
399 372 460 436 quod
479 373 601 436 Apostolus
619 373 676 422 dicit
694 374 715 423 l.
733 373 772 422 ad
794 373 865 429 Cor„
881 371 935 420 xil:

149 458 163 490 u
177 443 246 505 llajor
262 448 297 493 est
311 443 350 507 qui
364 446 497 508 prophetat,
507 443 575 507 quam
587 444 628 507 qni
641 444 746 507 loquitur
754 444 874 508 linguis.»

179 514 514 579 (Coranusrn.-Prophetie
527 516 611 566 donum
621 516 701 579 potins
713 518 739 565 et
749 516 899 567 excellentius
910 523 938 562 est

147 585 368 650 donolingnarum.)
953 643 955 646 Ι

176 657 311 720 Respondeo
320 658 448 719 dicendum,
457 656 519 721 quid
527 657 611 707 donum
620 658 749 722 prophetiae
759 658 855 709 excedit
864 658 935 707 donin
953 653 955 656 '

143 726 273 791 linguarum
293 728 423 792 tripliciter.
437 728 512 779 Primo
531 727 637 790 quidem,
648 728 704 791 quia
719 728 810 779 donum
823 730 939 792 linguarnn

145 801 240 849 retertur
249 800 277 850 ad
289 800 389 850 diuersas
398 813 466 850 rores
476 798 639 863 proterendos,
648 812 700 863 qnae
709 806 768 849 eunt
780 800 849 863 signa
858 799 941 860 alicuju

146 872 292 936 intelligibilis
314 871 432 935 ueritatie3
447 873 512 932 cnjus
532 870 601 920 otiam
616 871 682 934 signe
704 875 763 921 eunt
781 874 887 935 quedam
902 872 942 932 ipss:

145 944 314 1007 phantasmata,
325 958 374 1009 quae
384 941 509 992 secundum
518 941 677 1003 imaginariam
687 943 808 993 visionem
819 947 926 1009 apparent
938 957 941 984 ;

145 1016 206 1064 nnrle
217 1019 239 1065 et
254 1015 393 1078 Augustinus
403 1014 453 1065 llll.
467 1017 550 1077 Super
564 1015 651 1063 Geoes.
662 1013 700 1063 od
712 1014 839 1065 litteram
853 1018 943 1080 (capo.

147 1092 261 1151 corrrparat
279 1089 362 1138 donum
386 1087 515 1149 linguarum
534 1085 620 1136 risioni
639 1086 795 1149 imaginariae.
811 1089 900 1138 Dictum
920 1099 938 1132 es

147 1165 222 1209 aulem
236 1173 304 1225 snpra
320 1162 373 1223 (qn.
386 1162 441 1220 llll,
453 1162 497 1209 nrt.
514 1158 559 1222 t),
574 1158 634 1222 quon
648 1160 735 1209 donum
751 1161 886 1225 prophetin
904 1172 944 1207 ror-

146 1229 207 1280 eistit
218 1232 244 1281 in
257 1234 305 1296 ipsa
323 1230 487 1281 illuminatione
502 1230 585 1280 mentis
596 1231 624 1280 ad
640 1233 832 1292 cognoscendam
847 1233 945 1290 intelligi-

146 1301 215 1352 bilem
224 1303 344 1353 veritatem
355 1318 361 1351 :
372 1303 431 1353 unde
442 1302 501 1351 sicut
510 1300 645 1366 prophetica
656 1301 799 1353 illuminatio
809 1304 943 1355 excellenti

146 1377 181 1422 est
200 1387 267 1438 quem
280 1374 413 1437 imaginaria
429 1374 501 1435 visio,
516 1378 624 1436 utsupra
640 1372 747 1423 habitum
765 1378 806 1424 est
820 1377 883 1439 (qn.
899 1376 943 1422 lit.

146 1448 189 1495 art.
200 1450 215 1495 t
225 1446 244 1509 ),
259 1446 290 1495 ita
302 1446 371 1495 etiam
383 1445 529 1495 excellentior
540 1448 576 1495 est
589 1443 712 1508 prophetia
724 1443 799 1507 quam
811 1447 901 1497 donum
914 1445 944 1491 lr-

146 1530 254 1580 guerum,
269 1516 392 1567 semodium
412 1530 437 1567 se
458 1516 635 1566 consideratum.
655 1516 781 1580 Secundi,
799 1520 858 1578 cuia
877 1520 941 1567 donn.

145 1589 271 1655 prophetie
286 1586 386 1652 pertinet
395 1590 424 1638 ad
435 1600 509 1639 rerum
521 1586 624 1638 notitiam
633 1624 642 1649 ‚
652 1600 704 1651 quae
721 1592 758 1637 est
772 1590 879 1641 nobilior
889 1588 940 1651 quin

146 1661 228 1711 notitia
240 1674 340 1724 nonum,
358 1661 464 1723 adquam
481 1659 583 1723 pertinet
596 1660 680 1709 donum
700 1660 852 1723 linguarum.
870 1661 945 1711 ‘l’ertii⁴

146 1732 198 1795 qnia
212 1732 297 1783 donum
310 1731 436 1795 prophetie
445 1734 480 1781 est
491 1730 578 1780 utilius.
595 1730 623 1780 nt
634 1732 680 1780 hnc
694 1732 795 1795 quidem
807 1736 894 1800 prohat
903 1737 947 1792 lpu

148 1804 220 1855 stolus
230 1805 249 1855 l.
261 1802 296 1853 od
311 1804 380 1862 Gor„
390 1803 450 1865 xlv,
465 1802 593 1865 tripliciter.
607 1800 686 1851 Primi>
702 1804 820 1864 quidem,
835 1805 892 1869 quin
907 1816 947 1866 pru-

146 1876 224 1941 phetia
245 1880 281 1926 eet
296 1872 372 1925 utilior
382 1874 409 1923 ad
423 1873 594 1925 edificationem
609 1871 726 1935 nectente,
741 1876 771 1924 nd
787 1889 863 1940 quam
875 1877 913 1938 qui
924 1874 948 1920 l.-

148 1948 223 2011 qnitur
243 1946 325 2009 linguis
344 1944 400 1995 nihil
415 1945 522 2009 prodest,
537 1944 582 1995 nisi
601 1943 716 2007 expositio
733 1946 901 2011 subsequatur.
918 1947 948 1992 se·

148 2019 239 2083 cundo,
254 2023 362 2083 qnantum
382 2017 504 2081 adipsum
526 2017 668 2080 loquentem,
689 2018 732 2079 qni
750 2017 771 2068 ei
796 2020 913 2085 acciperet
930 2033 941 2064 u

147 2089 275 2154 loqueretur
294 2088 389 2140 dirersis
409 2088 493 2151 linguis
512 2088 562 2139 sine
577 2090 623 2138 hoc
640 2086 702 2151 quod
716 2087 869 2155 intelligeret
882 2091 946 2151 (qnos

147 2163 247 2227 pertinet
265 2162 293 2212 ad
311 2159 468 2226 propheticum
481 2160 584 2220 donum)
598 2172 662 2209 mens
682 2158 737 2222 ejus
751 2174 804 2211 non
821 2164 946 2214 etiamn

146 2233 239 2297 Tertio,
255 2238 363 2298 quantum
376 2232 404 2281 ad
418 2230 535 2294 inlideles,
550 2234 642 2294 propter
653 2243 714 2293 nuos
727 2232 854 2297 precipue
867 2235 945 2283 videtu.

146 2318 196 2357 esse
219 2306 295 2355 letum
306 2306 389 2355 donum
405 2302 532 2365 linguarum
542 2315 549 2362 ;
561 2302 601 2365 qni
615 2301 707 2365 qnidam
726 2302 790 2358 rone
810 2319 855 2358 eos
869 2306 908 2370 qui
917 2304 947 2351 lo-

146 2381 268 2442 querentur
279 2376 380 2439 linguis‚
394 2377 523 2437 reputarent
537 2376 645 2435 insanos,
659 2372 720 2423 riom
734 2378 762 2423 ct
773 2375 853 2428 tudrei
864 2381 947 2440 repnte-

145 2456 227 2501 rernnt
239 2450 320 2499 ebrios
331 2448 451 2511 Apostolos
466 2445 551 2510 linguis
559 2445 695 2509 loquentes,
705 2450 732 2495 ut
746 2448 839 2501 dicitnr
850 2454 912 2502 Act,
925 2449 946 2495 ll.

145 2523 189 2573 Per
211 2520 353 2586 prophetiam
375 2522 451 2569 antem
475 2517 578 2568 infideles
604 2518 775 2569 convincuntur
800 2519 947 2573 manifestati

146 2594 282 2645 absconditis
294 2591 368 2643 cordis
379 2590 415 2641 sui
432 2593 470 2653 (ut
482 2604 534 2655 sup.
544 2604 584 2654 qu.
598 2592 653 2651 171,
668 2593 711 2639 art.
730 2590 773 2655 3).

176 2666 208 2713 lld
224 2664 320 2727 primum
340 2674 394 2725 ergo
416 2661 536 2712 dicendum
547 2699 554 2723 ,
566 2660 627 2725 qntd
649 2659 709 2711 sicut
723 2674 798 2727 snpra
813 2665 902 2716 dictum
921 2673 948 2711 est

145 2736 335 2799 (q11.nrt,art.
351 2736 391 2797 2),
407 2734 435 2783 ad
449 2734 605 2805 excellentiam
619 2734 743 2798 prophetie
764 2738 875 2799 pertinet
895 2735 945 2801 quoi

143 2804 285 2867 aliquinum
304 2804 378 2855 solium
397 2804 537 2854 illuminetur
556 2803 692 2868 intelligibili
708 2805 816 2871 lumine,
826 2810 870 2860 ned
883 2811 946 2860 etiarn

142 2872 254 2935 percipiat
261 2874 416 2939 imaginariam
425 2875 536 2928 visionem
545 2877 592 2927 :ita
599 2877 670 2927 mam
678 2875 707 2925 ad
714 2876 888 2939 perlectionem
898 2892 946 2944 ope·
