1934 3284
366 213 397 250 na
410 211 520 250 33333333.
702 215 705 228 =
798 197 843 248 tit

38 289 78 338 aed
88 287 165 339 etiarn
173 287 280 340 omnibna
289 287 401 353 unguite
412 287 500 352 junctis
510 325 516 346 ,
525 287 719 351 ncnrddnrnnbd
732 287 845 352 pertinent

38 361 65 409 ad
79 364 189 424 patrem,
205 359 317 410 itaetiarn
333 359 555 424 piotaa,secnudi1nr
568 359 629 424 qnbd
643 361 785 422 caidocum,
799 362 845 410 nori

38 430 113 482 solnm
127 432 224 482 exhibet
234 432 320 483 cultam
328 436 352 483 at
361 432 463 482 odicium
476 433 537 494 beo,
552 431 593 481 aad
604 431 673 481 otiam
686 431 792 482 omnibus
803 432 845 482 bo-

39 503 143 554 minibus
158 503 184 552 in
196 507 307 566 3333333333
322 502 437 567 pertinent
450 503 479 554 ad
495 503 577 552 benur.
595 503 625 552 Et
639 507 732 566 propter
744 504 802 562 boc,
818 503 847 552 ad

38 572 113 636 ipsam
126 573 229 636 pertinet
241 577 375 626 «bonorare
386 577 489 636 33333333,
497 587 542 625 non
552 574 705 624 contradicere
717 573 845 638 Scriptura,

40 646 89 697 sive
103 646 247 705 intellecta,
261 647 312 699 siue
326 659 372 698 noa
388 646 523 708 intellecta,
539 661 554 694 u
569 645 628 696 aient
641 645 781 709 Augustinus
792 645 847 698 dicit

41 717 65 766 in
80 719 100 767 ii
111 716 156 767 lib.
175 718 212 768 De
225 718 343 768 doctrina
356 718 442 768 333333.
457 718 524 782 (cap.
535 716 578 780 3).
593 719 645 781 ipra
663 716 732 766 etiam
748 729 777 766 ex
789 729 847 766 con·

40 789 153 852 sequenti
162 789 270 840 subvenit
281 789 307 839 in
316 789 406 840 miseria
417 789 554 840 constitutis.
569 790 599 838 Et
614 787 718 852 quamvis
728 787 773 838 iate
784 792 848 838 adas

41 874 87 910 non
100 861 191 912 babeat
205 861 280 912 locun
289 861 313 910 in
326 860 416 924 patria,
431 861 545 924 precipue
559 864 611 925 pont
624 860 684 910 diem
697 858 792 918 judicii,
808 861 848 910 ba-

41 932 104 982 bebit
115 936 198 982 tanen
209 931 284 983 locum
295 932 425 996 praecipuus
438 936 502 983 aetna
513 933 572 996 ejus,
579 931 619 995 oni
627 935 663 982 eat
670 930 769 980 revereri
777 932 846 980 bearn

41 1003 129 1054 affectu
141 1002 215 1066 ditata
224 1002 468 1067 quodpraaipnetuna
476 1005 530 1065 erit,
539 1001 665 1052 accnnddnr
673 1000 847 1064 iiindSop.,Vt

44 1078 127 1125 «Erae
144 1076 258 1138 quomodo
274 1074 397 1139 conputati
410 1078 465 1124 snut
477 1075 539 1126 inter
554 1074 612 1126 titios
626 1073 675 1124 bei.
688 1090 702 1120 n
716 1072 765 1122 Erit
780 1071 849 1122 etiam
936 1127 939 1134 ¹

43 1150 124 1196 mutua
140 1145 261 1196 honoratio
268 1149 398 1197 3333333333
407 1145 437 1196 ad
447 1145 555 1196 invicem.
566 1147 631 1195 Nunc
640 1147 716 1194 autam
728 1146 780 1193 ante
790 1142 852 1196 diem

41 1216 278 1342 {adtingiiwnvruislettentnr
289 1217 361 1268 sancti
380 1217 450 1270 etiam
464 1229 544 1268 aonnm
558 1216 598 1282 qrri
610 1216 635 1267 in
649 1219 710 1267 333333
722 1215 792 1279 hujus
808 1215 851 1264 nri-

351 1405 512 1458 ARTICULUS
525 1407 555 1456 11.

52 1534 142 1580 Uirrio»
156 1533 217 1578 dono
230 1533 326 1589 pictatia
340 1532 597 1640 rerplnggeottaecuudo
612 1529 852 1586 tacitaetacitae,

433 1607 440 1638 r
449 1607 481 1639 rnr
492 1607 523 1639 en.

79 1725 116 1776 ad
132 1723 259 1774 3333333333
280 1723 313 1773 sic
326 1721 464 1786 proceditur.
483 1721 576 1772 Videtur
592 1719 653 1784 quiid
681 1721 741 1772 dono
762 1719 854 1785 pictatia

47 1811 96 1848 non
111 1797 250 1860 respondeat
262 1795 361 1846 secunda
375 1794 506 1858 beatitudo,
522 1792 607 1844 scilieet
627 1809 633 1843 :
648 1793 824 1844 «beatimites.
837 1809 851 1840 n

47 1869 128 1920 Pietas
140 1868 203 1918 enirn
214 1872 251 1919 eat
267 1869 352 1918 donam
368 1867 506 1929 respondens
518 1865 629 1928 justitia,
649 1865 677 1914 ad
697 1877 764 1928 quana
783 1863 853 1928 rnagb
959 1879 960 1908 3

48 1939 151 2005 pertinet
165 1944 244 2002 quarta
256 1937 387 2001 beatitudo,
397 1936 501 1988 aoitioet:
519 1935 607 1986 «Beati
616 1936 655 1999 qni
666 1936 769 1986 esuriunt
785 1939 808 1986 at
822 1935 854 1985 si-

53 2013 116 2062 tiunt
122 2010 244 2074 iustitiam
255 2026 268 2056 u
277 2009 314 2059 uei
327 2009 395 2060 etiam
404 2008 485 2072 quinta
496 2007 621 2068 beatitudo,
630 2007 736 2058 videlicet
747 2023 753 2056 :
767 2007 854 2057 abacti

51 2082 223 2144 misericordea3
237 2098 251 2128 u
265 2080 331 2144 qnia,
345 2084 372 2130 nt
381 2081 468 2131 diatim
478 2083 513 2130 ast
523 2079 577 2144 (art.
588 2079 622 2141 t),
636 2091 705 2142 opera
720 2077 850 2128 misericor·

53 2154 95 2205 din
109 2152 225 2217 3333333333
239 2154 267 2202 ad
280 2151 397 2215 pietatem.
415 2152 466 2202 Non
487 2163 541 2214 ergo
554 2151 654 2200 aeorrnda
668 2148 785 2200 beatitudo
802 2161 856 2212 per·

53 2226 112 2276 tinet
121 2226 150 2274 ad
159 2224 243 2275 3333333
254 2221 362 2288 pictatia..

86 2303 112 2347 t.
130 2298 256 2358 Praeterea,
271 2295 356 2346 donum
371 2294 461 2358 pictatia
476 2293 581 2356 dirigitur
592 2293 652 2342 douo
666 2290 783 2353 scientie,
795 2291 855 2354 quod

55 2366 187 2432 adjungitur
203 2367 228 2416 in
240 2365 441 2417 connumeratione
455 2365 578 2424 donorum,
592 2364 663 2420 lsai..
687 2362 727 2412 XI.
745 2362 777 2412 dd
795 2361 856 2411 idem

56 2444 132 2490 antem
146 2451 171 2488 sc
183 2437 308 2488 extendunt
318 2435 420 2499 dirigens
433 2440 456 2487 ot
469 2448 596 2500 exequens.
611 2434 667 2486 Cinna
682 2447 735 2498 crgo
747 2433 774 2484 ad
784 2432 856 2484 acian-

57 2511 112 2560 tiam
121 2509 234 2574 pertineat
243 2509 311 2558 tertia
323 2508 449 2571 beatitudo,
464 2508 568 2558 scilicet:
582 2506 669 2558 «Beati
680 2507 719 2569 qui
732 2507 826 2569 lugent,
842 2521 855 2550 n
957 2565 960 2576 ⁴

58 2584 146 2633 ridetur
157 2579 218 2645 qnbd
233 2593 280 2630 non
297 2581 413 2644 pertineat
430 2580 458 2629 ad
473 2580 580 2644 pietatem
595 2578 695 2630 secunda
705 2576 829 2628 beatitudo.

90 2659 113 2702 3.
128 2655 249 2712 Preterea,
264 2652 352 2702 tructas
367 2653 506 2716 respondent
515 2650 692 2702 beatitudinibus
703 2651 726 2699 et
735 2648 818 2706 donis
833 2652 859 2698 ut

62 2723 128 2788 auprd
139 2723 242 2791 tabitam
255 2727 289 2774 est
305 2727 359 2787 (qn.
374 2725 415 2783 73,
430 2725 473 2772 art
487 2721 526 2786 t).
541 2722 585 2772 Sed
596 2723 656 2772 inter
669 2721 755 2770 tractus
768 2719 859 2771 bonitas

60 2802 83 2848 et
99 2785 228 2860 benignitas
248 2796 320 2858 magis
343 2794 448 2845 videntur
467 2793 587 2844 conuenire
604 2805 656 2842 curo
672 2792 775 2856 pietate,
791 2789 859 2855 qnam

62 2868 221 2930 mansuetudo,
231 2881 285 2931 qne
295 2866 395 2932 pertinet
407 2866 436 2915 ad
455 2864 585 2914 miditatem.
598 2863 657 2927 Ergo
671 2865 768 2914 aecnnda
785 2859 858 2913 boati-

67 2940 120 2992 tado
138 2953 184 2991 non
198 2941 325 3006 reapondrt
341 2941 403 2990 dono
416 2935 518 3002 pictatia.
