1934 3284
317 172 351 209 uu
366 171 433 212 trud
447 172 545 211 owen.
785 164 829 211 ttl

38 247 237 301 amittitaetoruom
253 247 393 304 mecedem,
410 255 504 313 propter
518 248 610 299 iuarom
622 249 730 315 pluriam
742 253 767 301 et
785 264 833 303 uou

39 318 109 371 sollum
120 323 234 385 quantum
246 320 275 370 ad
292 332 362 370 uuum
375 323 468 383 mum,
480 323 534 369 tuno
549 320 623 371 induis
638 321 707 385 gloria
721 324 756 374 est
770 336 831 388 poo-

40 394 111 441 catum
125 391 233 442 mortale.

64 465 97 513 td
114 462 243 513 secuudum
264 461 403 526 dioeuddm,
419 462 479 525 qudd
492 475 540 514 uou
558 463 632 513 omuio
651 462 690 527 qui
711 468 747 517 eot
761 464 835 517 iuauio

39 534 112 595 glorie
127 534 239 598 rupidus,
250 533 340 598 appetit
357 533 401 584 uitri
412 534 484 584 illam·
496 532 651 585 excellentiam
662 549 714 598 quo
726 538 835 603 competit

37 605 76 655 ooli
88 607 147 657 lieo.
161 604 212 655 Alte
226 606 287 655 euim
299 608 336 657 eet
355 604 425 669 glria
440 618 492 669 qua
506 604 601 657 debetur
618 604 660 657 ooli
678 607 737 672 lter,
751 614 775 659 et
791 610 835 661 alia

36 691 84 740 qua
96 677 192 729 debetur
205 677 306 738 homiui,
321 677 437 738 virtuoso,
453 676 488 727 vol
503 676 577 726 diviti.

62 750 99 799 Ad
115 746 209 799 tertium
223 748 358 812 dicendum,
370 746 430 811 qudd
440 747 514 799 iuauis
530 748 602 812 gloria
614 748 698 800 dieitur
709 764 759 803 esso
773 753 834 817 peri·

36 820 135 871 eulooum
152 823 288 883 peceatum,
303 833 350 871 uou
371 818 459 869 mutim
477 823 571 885 propter
584 820 716 885 gravitatem
730 822 782 887 sui,
794 826 834 875 eod

37 890 101 941 etiam
116 895 211 956 prepter
228 893 272 943 hoc
283 890 345 956 qudo
357 895 393 942 eet
411 890 530 955 dispositio
548 893 575 943 ad
592 892 670 957 gravia
686 898 793 958 memte,
809 894 834 945 iu

36 968 146 1024 quantum
155 960 245 1014 seilicet
253 977 295 1029 per
305 964 397 1015 inanem
407 963 501 1027 gloriam
511 962 612 1017 redditur
620 966 688 1015 lromo
696 979 834 1031 proeoump

37 1037 139 1091 tumeo,
153 1038 177 1085 et
192 1034 262 1087 uimie
278 1036 306 1086 de
324 1034 401 1099 seipso
414 1036 540 1085 roufideuo.
556 1037 582 1085 Et
594 1032 627 1087 oio
644 1036 714 1087 etiam
725 1038 834 1101 paulatim

36 1105 135 1171 disponit
147 1106 178 1159 ad
193 1108 237 1159 troo
247 1106 307 1171 qudd
319 1106 422 1171 privetur
437 1106 584 1159 iuteriorilrus
597 1107 671 1159 haute

318 1284 479 1335 tltllcttltls
495 1284 534 1335 lll.

164 1405 263 1455 'dtrdm
272 1409 354 1455 inania
362 1408 442 1467 pluria
450 1408 483 1453 ott
494 1408 581 1453 mutuor
590 1408 700 1465 capitolo.

63 1540 99 1591 ad
111 1540 220 1602 quartum
231 1534 265 1587 sie
279 1533 417 1600 proceditur.
433 1533 528 1585 Videtur
543 1532 603 1599 qudd
616 1533 692 1587 inauio
706 1534 776 1599 gloria
790 1549 837 1589 mu

36 1610 157 1661 situitium
171 1605 280 1672 capitale.
292 1606 379 1657 Vitium
391 1605 451 1657 euim
461 1606 522 1668 quod
532 1619 622 1671 semper
631 1620 659 1657 ox
670 1607 741 1658 altero
752 1606 837 1673 oritur,

36 1696 77 1733 rou
89 1680 184 1732 uidetur
194 1692 244 1730 esoe
253 1677 359 1744 capitale.
370 1678 417 1728 Sed
427 1676 502 1727 inanis
514 1677 584 1741 gloria
593 1692 682 1743 semper
693 1692 722 1729 ex
732 1678 836 1745 superbia

36 1754 146 1805 nascitur.
160 1752 221 1815 Ergo
235 1749 310 1799 induto
323 1747 395 1814 gloria
409 1761 455 1799 uou
468 1746 594 1799 estvilium
608 1748 711 1814 capitale.

63 1831 88 1875 t.
102 1827 236 1885 preterea,
250 1822 322 1871 honor
334 1820 423 1870 ridetur
435 1832 487 1870 osso
502 1818 586 1883 aliquid
600 1820 749 1886 principalius
769 1821 835 1886 quam

35 1898 112 1959 gloria,
125 1908 177 1959 quae
188 1896 224 1943 eol
237 1892 287 1957 ejus
298 1891 400 1962 effectus.
415 1892 459 1941 Sed
471 1890 563 1943 ambitio
577 1906 628 1957 puae
642 1896 677 1943 est
695 1892 836 1947 inordinatus

36 1968 150 2033 appetitus
164 1964 260 2016 honorio
266 2000 276 2027 ‚
289 1976 335 2015 dou
346 1966 383 2015 est
396 1962 479 2013 uitium
493 1964 597 2027 capitale.
613 1965 671 2028 Ergo
681 1964 752 2016 etiam
762 1978 835 2029 neque
895 1969 898 1974 '

36 2040 154 2105 appetitus
168 2036 244 2087 inanis
258 2035 344 2099 gloriae.

63 2116 86 2163 ³.
99 2112 230 2169 Praeterea,
240 2106 321 2157 vitium
332 2107 429 2171 capitale
442 2108 512 2159 hahet
525 2106 623 2171 aliquam
636 2107 834 2173 principalitatem.

37 2182 79 2233 Sed
94 2179 176 2231 inania
186 2177 256 2244 gloria
278 2192 324 2231 uon
334 2178 423 2229 ridetur
435 2180 519 2231 habore
528 2180 626 2243 aliquam
634 2178 833 2245 principalitatem

36 2268 108 2319 mque
117 2256 231 2317 quantum
243 2251 271 2301 ad
281 2249 393 2302 rationem
402 2250 501 2315 porceti,
513 2250 567 2315 quia
581 2264 627 2301 uou
636 2264 727 2315 sempor
736 2253 771 2303 est
781 2264 834 2315 pee-

37 2330 108 2377 tatum
121 2323 234 2385 mortale3
249 2336 324 2386 neque
338 2322 406 2373 etiam
420 2326 530 2387 quantum
541 2323 570 2373 ad
579 2322 691 2373 rationem
701 2322 754 2372 boui
765 2336 836 2387 appe·

38 2397 120 2460 libitis,
134 2394 189 2461 quia
202 2394 273 2458 gloria
291 2395 391 2445 humana
409 2394 499 2445 uidetur
520 2408 571 2445 esse
589 2394 696 2458 quiddam
713 2393 794 2457 fragile
811 2396 836 2445 ot

38 2474 100 2519 extra
109 2466 229 2520 homiuem
238 2466 349 2518 existens.
362 2466 421 2531 Ergo
433 2466 509 2517 iuauio
517 2466 588 2531 pluria
599 2480 645 2518 nou
659 2470 694 2517 est
705 2464 786 2517 viuum
796 2480 834 2517 ra·

38 2542 114 2604 pitale.

63 2615 109 2665 Sed
125 2615 206 2663 curua
222 2614 271 2672 est,
287 2609 347 2675 quid
361 2610 481 2675 Gregorius
498 2611 580 2662 llllllt.
598 2608 687 2660 moral.
706 2609 772 2675 (rap.
793 2613 833 2672 ³1,

38 2687 72 2736 uel
95 2687 151 2748 tl),
170 2685 276 2734 numerat
293 2682 384 2734 iuauom
405 2677 500 2746 gloriam
517 2681 576 2731 iuter
595 2683 682 2745 septem
700 2680 757 2731 uitia
776 2682 837 2747 eapi-

38 2758 98 2809 itlia.
197 2776 209 2801 o

68 2831 232 2890 (coucmom.
246 2852 276 2863 -
289 2825 366 2880 luanio
376 2824 452 2889 gloriar
463 2823 574 2887 cupiditas
584 2823 664 2875 uitium
679 2824 774 2889 capitale
790 2828 834 2888 ost,

39 2899 57 2949 si
69 2901 165 2967 quidem
173 2912 204 2951 ex
216 2896 269 2963 ipsa
281 2898 354 2966 multu
365 2898 423 2950 vitia
435 2896 539 2957 oriuntur
547 2898 568 2959 p
