1934 3284
127 158 178 207 tao.
244 166 350 207 sueonos
366 162 495 211 sueonum,
512 162 606 211 numer.
623 162 684 211 xcv,
699 161 754 202 tm.
771 162 804 201 ru.

158 244 192 295 riri
201 241 292 294 tertium
309 240 442 302 dicendum,
454 238 516 305 quod
526 252 569 301 res
577 251 634 303 qnos
648 238 778 291 divinantes
790 236 931 303 ruendum,

129 314 297 366 considerantur
312 312 341 361 ab
357 311 390 363 eis
403 324 450 362 non
464 312 525 361 sicut
541 308 605 371 signa
627 310 709 373 quitus
724 309 855 375 exprimant
869 312 932 375 quod

126 388 174 469 jero
193 384 282 445 sciunt,
297 383 356 435 sicut
369 383 430 433 occid
433 383 451 433 it
419 381 489 431 din
506 382 713 444 demonstratione,
729 382 768 431 sed
784 382 845 432 siem
861 382 932 449 priu-

129 456 187 521 cipio
201 454 362 519 cognoscendi.
377 454 521 505 Manifestum
534 456 568 503 est
577 452 850 517 cutemqudddiversites
866 454 932 519 prin·

127 527 236 591 cipiorum
254 526 388 578 diversificat
410 526 524 591 speciem,
542 524 611 574 etiam
628 524 654 573 in
667 524 768 577 ementiis
781 525 932 578 demonstra

129 598 190 650 tivis.

418 704 583 756 ARTiCULUS
596 703 637 755 lv.

160 814 246 877 Utrtm
255 830 372 877 divinatio
386 842 437 889 nom
447 830 481 887 rar
489 829 703 938 mmmm
719 828 865 885 domum,
876 831 910 877 ott

498 905 530 939 ιιι
558 926 564 939 .

159 1022 192 1073 ιιι
204 1024 308 1087 quartum
325 1021 357 1071 sic
370 1018 500 1084 proceditur
509 1018 553 1085 (ι).
568 1018 664 1069 Videtur
678 1016 738 1081 qnod
751 1018 868 1073 divinatio
882 1037 935 1085 ιιι

129 1093 154 1143 ιι
167 1106 208 1157 per
223 1092 377 1143 invocationes
390 1092 536 1148 demonum,
547 1101 594 1139 non
610 1088 640 1139 sit
651 1088 739 1140 iitioita.
752 1090 864 1143 Christus
873 1094 936 1145 enim

129 1164 187 1215 nihii
202 1162 306 1214 illicitum
320 1162 447 1221 commisit,
463 1160 588 1212 secundnm
607 1159 686 1211 illudi
703 1164 781 1218 t’etr„
800 1162 820 1211 li
836 1179 844 1213 :
864 1182 879 1212 ι
894 1165 938 1225 Qui

61 1232 65 1241 '
129 1239 244 1299 peccatum
259 1248 303 1285 uon
317 1234 379 1285 iecit.
401 1250 414 1279 ι
429 1234 472 1284 Sed
487 1232 618 1284 dominust
632 1233 735 1284 damone
755 1234 934 1300 interrogauit.
929 1253 934 1264 ·

130 1322 145 1355 u
159 1306 221 1364 Quod
241 1304 281 1357 titi
304 1319 386 1357 nornen
401 1306 455 1357 esti
475 1322 490 1353 ι
513 1305 556 1363 Qui
573 1304 716 1368 respondit:
733 1304 849 1370 «Legi03
871 1310 937 1359 multi

129 1376 189 1427 enirn
202 1390 293 1439 sumus,
304 1394 317 1424 u
330 1382 354 1429 ut
367 1378 461 1447 nabetur
472 1378 563 1435 tiore,
575 1375 602 1424 V
618 1376 677 1438 Ergo
691 1376 781 1427 videtur
794 1376 940 1441 quoonrert

130 1446 144 1497 ι
158 1440 297 1499 doemonibus
311 1448 394 1515 aliquid
406 1462 445 1498 ιιι
447 1448 518 1498 uitnm
532 1446 680 1509 interrogare

161 1522 185 1567 t
200 1518 327 1580 Praetereo,
341 1523 470 1571 sauctorum
487 1518 569 1569 animm
582 1531 628 1567 non
644 1518 723 1568 tavent
734 1515 833 1569 illicite
833 1520 937 1575 interno·

131 1589 243 1654 gentibus.
261 1592 305 1642 Sed
323 1592 385 1643 Sauli
402 1588 550 1653 interroganti
562 1589 590 1639 de
604 1595 687 1639 eventu
700 1589 769 1639 tutori
781 1590 837 1641 belii
854 1594 933 1647 imu-

130 1662 185 1714 liere
199 1664 296 1715 habente
308 1664 410 1728 spiritum
426 1661 547 1729 Pythonis,
558 1661 665 1725 apparuit
677 1661 779 1718 Samuel,
795 1666 819 1713 et
837 1666 863 1717 ei
876 1668 939 1718 tutn-

131 1748 181 1785 rum
195 1739 303 1786 eventum
319 1734 437 1799 praedixit,
452 1737 477 1783 ut
486 1733 568 1797 iegitur
580 1733 589 1782 i
602 1734 669 1795 Rea„
685 1732 787 1784 xxvtlt.
798 1734 865 1799 Ergo
878 1738 939 1789 divi.

130 1809 193 1859 notio
216 1820 266 1871 qne
286 1806 312 1855 iit
333 1819 375 1870 per
397 1804 599 1868 interrogationem
616 1803 630 1854 ι
650 1804 812 1871 demonibus,
827 1822 881 1861 non
903 1816 939 1862 est

133 1877 221 1929 illicita.

164 1952 187 1997 ι.
203 1948 313 1999 Praetereo
322 1945 421 2007 ,licitum
431 1959 481 1997 esse
495 1946 711 1997 videturreritrtem
723 1947 838 2011 abaliquo
846 1953 940 2005 sciente

132 2020 335 2085 innumerorum
353 2018 406 2069 utile
422 2021 458 2069 est
473 2016 539 2069 sciro.
551 2019 595 2070 Sed
609 2020 743 2083 quaudoque
757 2018 814 2070 utite
825 2028 868 2073 est
880 2026 942 2076 scire

132 2092 205 2175 aliqua
217 2092 315 2149 occultu,
330 2102 380 2153 qum
393 2104 433 2153 per
447 2090 560 2144 daemones
573 2088 626 2141 miri
639 2094 748 2155 possunt,
764 2090 824 2141 sicut
841 2099 942 2159 apparet

133 2166 157 2215 in
168 2164 300 2217 inventione
312 2162 431 2212 furtorum.
448 2162 505 2226 Ergo
518 2160 631 2212 divinatio
644 2176 696 2227 qum
713 2162 740 2213 tit
752 2175 794 2227 per
809 2163 944 2220 invocatio·

133 2238 333 2297 nerodaemonum,
349 2236 441 2285 nonest
454 2233 542 2284 illicita.

165 2308 209 2359 Sed
221 2312 299 2358 contra
317 2311 352 2357 est
359 2307 437 2370 ,quod
454 2305 536 2360 dicitur
546 2306 659 2361 Denter..
668 2305 762 2355 xvlll:
780 2323 794 2353 u
809 2289 883 2359 Noo'
876 2325 945 2362 unve-

134 2378 225 2431 nietur
219 2393 244 2429 ru
258 2383 279 2429 te
290 2394 329 2443 qur
321 2344 420 2429 'ariolos
433 2376 560 2429 sciscitetur
565 2390 655 2443 ,oeque
665 2378 782 2442 Pythones
794 2382 916 2433 consulat
927 2401 942 2431 u

168 2454 362 2517 (Couoruurn-
333 2450 491 2502 -ttivinotio
505 2465 556 2517 qum
567 2453 592 2502 nt
604 2464 645 2515 per
658 2452 788 2504 demonum
801 2465 943 2518 expressam

135 2524 313 2588 invocationem,
332 2524 425 2574 omnino
442 2524 519 2574 illicito
534 2530 579 2575 ιιι
587 2528 594 2580 t

167 2596 303 2659 Respondeo
316 2596 435 2645 dicendum
442 2594 525 2658 ,quod
538 2596 612 2647 omnis
624 2594 734 2646 divinatio
747 2584 799 2657 quac
812 2595 840 2646 ut
850 2610 901 2680 per.
905 2600 943 2649 iu·

137 2668 269 2719 vocationes
279 2666 421 2729 demonum,
428 2670 462 2719 ιιι
472 2664 550 2719 riircrta
558 2665 643 2732 duptror
650 2666 746 2718 mirone
752 2667 855 2728 Quarum
864 2684 943 2734 numa

170 2817 203 2882 (ι)
221 2821 254 2866 ne
267 2819 304 2865 iuis
318 2819 389 2867 etiam
403 2822 472 2884 intro,
486 2834 527 2881 qn.
550 2822 595 2885 96,
609 2828 654 2871 ιιι.
669 2821 698 2877 ιι
711 2827 735 2871 ιι
748 2821 842 2871 contra
854 2823 944 2876 noct„

138 2880 377 2953 iib.Iti,cup.1tt.
