1934 3284
99 126 147 178 tte
178 179 182 187 ,
203 137 311 176 smnus
326 139 456 190 ειιευιεει,
469 140 562 185 onnon.
579 141 668 192 cnon,
684 143 739 182 uns.
758 143 801 180 vn.

99 208 196 272 duent:
212 209 333 260 «Virtutes
346 225 404 275 quos
417 216 510 277 propter
523 214 594 264 sotum
606 213 771 266 beatitudiuem
786 227 890 278 amamus,

99 280 132 331 sic
150 281 287 344 persuadere
304 281 397 345 quidem
416 283 483 334 nobis
500 285 611 336 sudent»
627 285 635 349 (
644 284 729 336 seilicet
742 285 839 338 diceudo
856 301 891 337 eus

97 357 188 417 psopter
201 366 226 404 se
235 354 397 418 appetendas),
412 359 461 405 «ut
469 355 542 419 ipsam
554 354 718 406 beatitudiuem
729 370 776 408 uon
786 371 890 410 amemus.

97 424 193 484 Quodsi
207 425 303 486 ducunt,
316 425 385 476 etiam
395 427 458 490 ipsas
471 426 550 491 utique
564 440 640 479 amare
652 426 796 492 desistimus,
808 430 891 492 quando

95 495 172 558 idam,
185 502 357 561 propterquam
371 499 443 549 sotum
456 498 511 548 istas
529 497 670 560 amavimus,
692 512 739 550 uon
757 513 868 552 amemus.
880 519 891 547 ιι

97 568 141 619 Sed
158 570 264 620 tortitudo
281 572 317 620 est
330 570 433 634 quedam
447 569 528 620 virtus.
542 571 602 634 Ergo
615 574 680 620 octus
694 569 836 622 fortitudinis
851 586 892 622 noo

96 643 133 690 est
143 642 171 691 ad
181 639 253 704 ipsum
269 640 439 704 tortitudinem,
451 641 491 692 sed
506 641 534 690 ud
551 641 715 693 beatitudiuem
727 642 868 694 referendus.

129 715 152 760 3.
167 712 292 776 Ριειειεε,
308 713 446 775 Augustinus
459 713 516 762 dioit
528 712 552 762 in
565 712 604 762 lib.
622 714 657 762 De
671 711 786 764 moribus
800 715 891 766 Eccles.

98 788 166 848 (nup.
183 783 313 848 13),un
329 801 342 830 u
353 783 461 833 tortitudo
471 787 508 834 est
518 797 581 835 amor
589 784 666 834 omnia
678 787 849 848 propterlteum
861 786 894 836 ta·

96 854 139 906 uile
150 857 294 921 perferens.»
309 857 368 905 Deus
382 859 517 906 autemnon
532 860 567 906 est
578 856 627 920 ipse
641 856 731 906 habitus
744 856 893 920 fortitudinis,

95 928 136 977 sed
144 927 230 991 aliquid
242 927 333 989 metius,
343 927 402 976 siem
417 931 506 991 oportet
517 928 585 978 tinem
597 927 714 978 meliorem
727 941 777 979 esse
794 930 832 980 his
843 943 892 994 que

95 1004 150 1050 sunt
163 1001 191 1051 ad
200 1001 277 1052 tinem
289 1001 340 1050 Non
352 1012 406 1062 ergo
417 997 482 1048 tortis
496 999 544 1062 ugit
556 1001 648 1063 propter
656 999 741 1050 bonum
752 1001 842 1064 proprii
856 1003 896 1052 hu·

94 1069 165 1122 bitds.
946 1101 947 1108 ι

125 1141 169 1193 Sed
182 1146 322 1203 mutuasse,
336 1141 396 1206 quod
409 1139 563 1204 Philosophus
574 1141 629 1191 dicit
639 1155 664 1190 ιιι
678 1141 708 1191 111
721 1141 819 1202 neuin,
834 1143 894 1207 qudd

96 1231 109 1260 «
118 1213 170 1264 torti
182 1213 289 1264 dordtudo
300 1217 336 1263 est
346 1214 439 1264 bouum.
449 1228 464 1258 ι
479 1211 541 1261 Talis
551 1214 628 1263 eutem
641 1215 677 1262 est
691 1211 754 1262 duis.
946 1237 947 1282 i

129 1286 325 1348 (Couuuosuo.-
333 1284 408 1335 Fortis
417 1287 525 1348 operatur
536 1288 629 1348 propter
642 1283 729 1334 bouum
744 1284 781 1334 sui
794 1285 895 1349 habitis,

94 1359 119 1408 ut
131 1361 223 1420 propter
235 1356 364 1420 proxumum
382 1357 465 1417 duem,
481 1358 508 1405 ut
518 1355 607 1406 scilicet
620 1355 644 1406 in
658 1359 710 1406 autu
724 1355 896 1408 similitudinem

94 1427 131 1476 sui
147 1427 236 1477 dubitus
254 1428 377 1492 exprimet,
391 1439 521 1490 quanquam
534 1431 627 1490 propter
637 1427 800 1478 beatitudiuem
817 1433 841 1480 et
856 1429 896 1480 Dei

94 1511 192 1548 amorem
202 1499 285 1559 fortes,
297 1503 323 1549 ut
335 1502 427 1562 propter
436 1499 541 1548 ultimum
551 1497 628 1561 finem,
641 1498 789 1563 operentur.)

125 1570 261 1634 despondeo
272 1571 405 1632 dicendum,
420 1570 481 1634 quod
492 1571 576 1634 duplex
589 1574 625 1622 est
638 1569 700 1634 fluis,
716 1569 805 1621 seilicet
819 1573 895 1636 prosi-

94 1656 146 1692 mus
160 1647 183 1692 et
193 1642 294 1692 ultimus.
308 1640 373 1692 Finis
386 1645 462 1692 autem
477 1641 596 1704 proximus
609 1641 792 1706 uniuscujusque
807 1644 896 1706 agentis

94 1716 129 1764 est
142 1717 166 1763 ut
177 1713 349 1764 similitudinem
359 1727 406 1764 suo
419 1713 498 1764 foumae
511 1713 534 1762 im
544 1713 639 1762 atterum
653 1711 759 1776 induunt,
774 1713 835 1764 siout
845 1715 897 1766 finis

94 1784 155 1849 iqnis
167 1785 321 1836 calefacientis
336 1789 373 1835 est
387 1788 414 1834 ut
427 1784 518 1835 inducet
532 1783 702 1834 similitudinem
720 1785 756 1834 sui
776 1786 861 1837 colons
875 1787 897 1836 iu

94 1855 209 1920 patieut03
218 1862 242 1908 et
255 1856 307 1907 dois
317 1856 460 1907 edidedouis
471 1860 506 1906 est
520 1859 547 1905 ut
555 1855 647 1904 induent
660 1853 835 1908 similitudinem
850 1871 896 1908 suo

93 1929 149 1980 artis
161 1929 186 1979 iu
201 1929 303 1980 ιιιείειιε.
318 1928 481 1991 Quodcumque
492 1930 568 1978 numm
581 1927 666 1978 bouum
678 1940 705 1978 ex
723 1927 768 1978 hoo
779 1929 895 1993 sequitur,

95 1999 115 2050 si
130 2001 160 2051 sit
168 2000 296 2064 intentum,
309 2002 388 2065 potest
398 1998 444 2049 disi
456 1999 507 2048 dois
516 2002 616 2048 remotus
630 1997 728 2060 agentis.
741 1996 805 2050 Siout
819 2004 896 2052 autom
947 2047 948 2064 ἶ

93 2072 117 2122 iu
130 2072 268 2123 sectibilibus
279 2070 374 2122 materia
387 2069 486 2121 extendor
493 2068 620 2132 disponitur
634 2083 675 2132 per
685 2072 773 2130 ειιειιι,
783 2071 817 2120 itu
826 2073 896 2124 etium
947 2065 948 2116 t

93 2142 118 2194 in
134 2143 254 2208 uqihilibus
274 2157 316 2208 per
328 2141 470 2207 prudentium
484 2140 636 2204 disponuntur
655 2143 718 2190 notus
734 2141 838 2192 humani.
859 2141 896 2192 Sic
947 2125 948 2194 d

92 2227 146 2278 erqo
155 2215 274 2266 dicendum
284 2219 327 2276 est,
342 2213 405 2278 quod
418 2212 483 2263 tortis
497 2211 556 2261 sicud
568 2209 697 2274 proximum
711 2210 781 2262 finem
796 2212 898 2265 intendit

93 2289 118 2335 ut
131 2286 303 2336 similitudinem
315 2285 349 2336 sui
364 2284 456 2334 nauitus
473 2281 586 2346 exprimat
601 2281 626 2330 in
637 2285 705 2346 notu3
719 2282 821 2335 intendit
834 2285 895 2336 enim
947 2311 948 2344 ι

93 2369 159 2419 nqeue
174 2356 297 2407 secundnm
316 2355 499 2406 conuenientium
517 2352 553 2403 sui
571 2351 671 2404 habitos.
686 2352 751 2414 Finis
764 2357 843 2406 autem
861 2369 896 2407 re-
947 2351 948 2358 ’

92 2430 168 2477 motus
179 2432 215 2478 est
228 2428 353 2488 beatitudo,
365 2427 401 2477 vei
413 2428 483 2476 deus.
846 2425 848 2430 ’

123 2499 151 2548 Et
164 2501 256 2562 pennos
269 2503 333 2564 patet
345 2496 462 2562 impensio
476 2495 506 2546 ad
515 2495 677 2560 objacentem
690 2496 764 2561 prima
774 2496 832 2550 ratio
844 2512 895 2562 pro

92 2569 199 2631 cedebat,
212 2583 240 2620 no
250 2570 270 2620 si
279 2571 329 2634 ipsu
344 2569 443 2620 essentia
453 2567 545 2618 habitus
560 2570 621 2617 esset
634 2565 701 2629 finis,
714 2581 760 2618 non
771 2572 852 2620 nutem
860 2568 895 2620 si-

92 2639 193 2691 militudo
205 2641 258 2704 ejus
271 2641 295 2690 in
308 2644 372 2704 astu,
388 2644 412 2689 ut
426 2639 512 2690 dietum
525 2641 572 2701 est;
585 2635 629 2688 alia
643 2638 700 2688 vend
711 2639 755 2691 duo
769 2641 895 2704 procedunt

92 2711 120 2760 de
136 2711 180 2761 flue
194 2711 283 2762 ultimo.
