1934 3284
175 192 210 233 nu
222 190 345 243 murm,
361 190 419 237 oon
433 189 587 231 mutnus
602 187 708 230 menon.
794 175 840 228 dot

341 377 505 428 nnvrcuuvs
519 377 539 427 1.
562 357 566 364 '

207 503 293 547 Utrum
302 503 409 548 amentio
418 505 451 549 sit
464 505 573 561 specialia
587 505 673 550 virtue.

78 627 110 678 ll
121 628 222 693 primum
239 629 272 679 sic
287 629 417 694 proceditur
429 630 471 695 ll).
490 630 584 681 Videtur
604 630 665 695 qudd
679 631 780 682 amicitia
797 643 844 682 non

50 698 76 749 sit
89 701 192 766 specialis
209 701 290 752 virtus.
305 702 365 752 llicit
387 703 448 753 enirn
465 701 618 766 Philosophus
636 703 660 752 in
681 703 731 753 Vlll
747 703 841 759 Elicio..

49 770 102 831 quon
116 791 129 820 ιι
139 772 241 823 amicitia
254 773 352 837 perlecta
362 778 396 824 est
407 788 456 838 quae
466 777 501 824 est
514 779 607 839 propter
618 773 735 825 virtutern.
745 791 758 822 u
774 775 842 834 Quu-

46 840 98 893 liltet
112 849 189 896 auteur
203 845 275 894 virtus
288 849 323 895 est
335 846 440 896 amicitiae
453 859 536 906 causa,
548 845 601 909 quia
617 863 631 893 ιι
640 848 722 896 bonum
737 846 843 898 omnibus

48 917 80 963 est
91 917 201 980 amabile,
217 932 230 963 u
245 921 272 966 ut
286 917 407 982 dionysius
421 917 488 981 dicit,
497 918 533 967 lv
547 931 597 982 cap.
614 920 650 968 De
667 919 720 967 diu.
737 918 842 972 Nomio.

49 985 211 1050 turonicum
222 992 313 1038 nonest
326 988 431 1052 specialis
440 989 530 1051 virtus,
545 990 584 1040 sed
599 1001 741 1053 consequens
750 1001 842 1040 ornnem

47 1057 159 1111 virtutem.

75 1133 98 1179 2.
111 1133 239 1195 Praeterea,
253 1131 408 1195 Philosophus
420 1131 474 1182 dicit
482 1133 507 1182 in
523 1133 550 1182 lv
560 1132 656 1192 Etlric„
671 1132 699 1182 de
709 1132 751 1182 tali
760 1131 843 1194 amieo,

46 1200 100 1262 uvdd
114 1221 129 1252 ιι
140 1217 188 1254 non
199 1203 225 1252 in
235 1203 332 1253 amando
344 1203 382 1253 vel
394 1203 533 1255 inimicando
547 1202 627 1268 recipit
637 1203 726 1266 singula
740 1207 766 1253 ut
777 1215 843 1268 opor·

46 1276 82 1322 tet.
97 1291 110 1321 u
126 1276 173 1326 Sed
192 1274 253 1338 quod
267 1275 351 1338 aliquis
368 1275 432 1338 signa
447 1276 554 1326 amicitie
568 1276 672 1326 ostendat
685 1275 713 1325 od
732 1289 771 1327 eos
786 1287 844 1340 quos

47 1356 87 1394 nou
101 1352 180 1410 amat,
194 1346 284 1397 videtur
298 1345 412 1412 pertinere
427 1346 456 1395 ad
471 1347 653 1410 simulationem,
667 1361 718 1412 quae
732 1350 844 1412 repugnat

45 1415 126 1470 virtuti,
142 1421 205 1482 Ergo
218 1418 351 1482 hujusmodi
367 1418 466 1468 amicitia
480 1431 526 1468 non
540 1421 575 1468 est
588 1418 671 1469 victus.

74 1492 96 1537 3.
113 1492 243 1553 Praeterea,
259 1491 331 1540 virtus
351 1507 365 1537 ιι
379 1490 403 1540 in
420 1488 543 1554 medietate
562 1489 706 1541 constituitur
721 1493 789 1556 prout
809 1503 845 1541 su·

48 1557 109 1619 piens
120 1560 295 1622 determinabit,
307 1576 322 1607 r
331 1560 389 1610 sicut
399 1561 483 1610 dicitur
495 1561 516 1610 ll
529 1561 613 1611 Elicio,
623 1562 667 1612 Sed
679 1562 782 1618 Ecclee„
794 1561 843 1626 Vll,

46 1628 139 1682 dicitur:
159 1649 174 1681 ιι
185 1634 228 1683 Cor
241 1632 369 1696 sapientum
389 1632 430 1681 ulii
443 1631 551 1696 tristitia,
571 1637 596 1683 et
610 1646 650 1683 cor
668 1635 786 1684 stultorum
804 1633 845 1684 ubi

46 1698 131 1769 lutitia3
141 1721 156 1752 u
165 1703 233 1754 'crude
245 1721 259 1752 ιι
273 1704 302 1753 ad
309 1703 436 1753 virtuosum
446 1704 546 1768 pertinet
559 1703 659 1755 maxime
673 1705 844 1756 ddelectatione

45 1771 84 1824 sili
99 1789 195 1837 cavere,
209 1792 223 1822 u
235 1774 353 1825 utdicitur
364 1776 383 1826 ll
396 1775 482 1826 Etdr'c.
499 1776 553 1826 llaec
568 1779 643 1825 autern
658 1776 755 1826 amicitia
766 1789 807 1841 per
820 1789 845 1828 se

46 1847 131 1906 quidem
145 1847 260 1899 desiderat
282 1848 452 1909 condelectare,
468 1847 602 1898 contristare
624 1853 700 1897 eutem
716 1852 845 1909 reveretur,

47 1921 68 1965 ut
79 1919 236 1984 Philosophus
246 1918 300 1969 dicit
308 1920 334 1968 in
343 1919 372 1969 lll
383 1920 467 1970 Ειιιισ.
482 1921 541 1984 Ergo
550 1919 678 1983 hujusmodi
688 1919 787 1970 amicitia
799 1933 845 1970 nou

45 1994 75 2040 est
87 1992 173 2043 virtus.

72 2063 116 2113 Sed
131 2067 214 2115 contra
225 2078 231 2112 :
245 2065 363 2126 precepta
374 2062 431 2125 legis
445 2061 528 2112 dantur
538 2063 565 2110 de
576 2061 664 2111 actibus
672 2061 790 2111 virtutum.
801 2062 846 2112 Sed

45 2132 145 2191 eccles„
163 2133 322 2197 1V‚dieitur:
340 2132 540 2196 «Conpegatioui
554 2144 681 2196 pauperum
699 2131 811 2182 affabilem
824 2134 848 2180 te

45 2203 118 2256 tacito.
136 2223 152 2254 u
166 2207 229 2270 lirgo
241 2204 371 2267 affabilitas,
386 2217 436 2268 que
449 2203 487 2254 nte
499 2205 616 2252 amicitia
631 2203 721 2264 dicitur,
738 2206 774 2252 est
786 2213 848 2265 quae-

46 2275 90 2326 vlam
110 2276 222 2343 specialis
234 2278 318 2327 virtus.

73 2349 237 2409 (Concipere.
250 2375 283 2387 -
295 2347 401 2398 Amicitia
419 2359 460 2397 seu
480 2345 600 2398 affabilitas
614 2349 649 2397 est
664 2344 769 2410 quodam
791 2359 848 2410 spe-

44 2419 104 2470 cialis
120 2421 209 2482 virtus,
222 2417 349 2471 secundini
365 2431 433 2482 quam
448 2417 509 2468 inter
524 2431 547 2468 se
566 2418 671 2468 homines
691 2417 749 2469 bene
770 2416 847 2482 dispo-

45 2496 144 2555 nuntur,
167 2492 236 2543 simul
249 2490 420 2555 conviventes.)

73 2567 214 2632 despondeo
238 2563 373 2623 dicendum,
393 2562 453 2626 quod
470 2563 531 2613 sieut
552 2562 637 2612 dictum
656 2567 690 2613 est
705 2563 760 2628 (qu.
784 2565 846 2624 lte,
876 2602 880 2614 ,

47 2640 87 2686 art.
98 2637 139 2701 Ξ),
153 2635 205 2686 cium
217 2635 292 2686 virtus
301 2635 416 2686 ordinetur
429 2635 457 2684 ad
470 2634 564 2697 ionum,
578 2635 618 2685 uhi
629 2635 726 2685 occurrit
741 2631 848 2698 specialis

78 2798 113 2863 [1)
127 2803 163 2848 De
172 2801 288 2848 lrieetlem
301 2799 379 2857 supro.
393 2811 434 2856 qu.
443 2798 487 2856 22,
496 2804 540 2844 art.
552 2798 576 2853 3,
593 2801 621 2845 ad
633 2798 661 2854 7;
674 2803 699 2844 et
711 2799 757 2856 111,
769 2797 846 2848 Sept,
919 2823 922 2828 ,

46 2860 97 2909 dist.
109 2864 142 2910 27
150 2897 158 2923 ‚
173 2877 213 2921 qu.
224 2865 254 2923 2,
268 2871 312 2908 ort.
323 2863 354 2921 2,
366 2863 394 2908 ad
408 2862 472 2916 1;et
482 2863 537 2907 dist.
549 2861 637 2921 34‚qu.
649 2862 673 2922 1,
685 2868 729 2908 ert.
741 2861 766 2916 2,
780 2861 808 2905 ad
820 2860 843 2913 83

45 2932 68 2971 et
80 2940 121 2985 qn.
132 2927 160 2987 3,
174 2928 204 2973 de
216 2929 308 2987 virtut„
321 2932 367 2973 art.
377 2925 403 2986 ll,
418 2926 448 2972 ad
461 2926 485 2979 ἔς
500 2931 525 2970 et
537 2937 577 2983 qu.
587 2925 616 2986 i,
630 2929 675 2972 ait.
693 2926 718 2985 2,
732 2923 761 2970 ad
775 2921 799 2966 3.
