1934 3284
355 154 388 195 Μ
402 153 491 195 ww.

316 336 475 389 surrectus
491 340 531 389 VI.

32 460 122 504 Uirium
139 459 230 507 Paulus
241 461 388 518 ipnoravertt
401 475 433 505 are
442 462 525 570 etenim
534 463 669 519 posceret
680 463 803 521 &corpore

359 537 444 581 vepera
456 538 478 571 a.

46 650 83 699 Ad
97 652 188 699 sextum
199 648 232 701 sic
244 650 374 714 proceditur
380 651 526 717 (t).Videtor
534 651 594 716 quod
606 653 690 703 Paulus
701 666 747 704 uon
756 654 821 719 igno·

32 721 106 771 iverit
124 734 154 771 eu
168 735 218 785 epus
236 722 310 771 aalma
324 722 420 773 fueriti
437 737 531 787 corpore
548 727 660 789 separata.
678 725 738 775 Dicit
758 725 820 775 enim

32 806 86 854 ise,
99 793 129 842 li.
149 792 185 841 od
196 794 267 853 Cor„
284 794 340 843 xit:
359 812 372 841 u
383 794 435 845 Soio
453 796 568 848 homiuem
584 795 608 844 iu
622 796 710 846 Christo
731 800 820 859 raptum

32 876 92 927 sque
116 862 144 912 ad
164 862 254 913 tertium
268 864 358 915 cuium.
377 880 392 913 u
406 864 450 916 Sed
466 865 539 915 homo
555 864 656 915 nominat
669 866 818 931 compositum

32 952 42 984 a
69 932 148 983 uuirua
168 937 191 985 et
208 947 317 999 corpore3
332 938 410 1001 raptus
428 936 585 986 etiam-differt
600 936 614 986 t
629 941 709 987 morte.
725 938 820 988 Videtur

32 1018 72 1071 ·gu
85 1004 145 1069 quid
157 1005 206 1070 ipse
218 1006 312 1057 sciverit
326 1009 425 1059 animam
438 1022 484 1059 uorr
501 1008 572 1059 tuisse
584 1020 626 1071 per
640 1013 736 1059 mortem
749 1008 821 1059 acor-

32 1090 75 1128 ore
87 1082 226 1141 separatam,
242 1079 365 1143 prasertim
378 1080 431 1143 quia
443 1081 488 1133 hoe
498 1078 646 1131 communiter
661 1078 676 1130 t
689 1080 819 1133 doctoribus

32 1150 122 1201 mitur.

46 1226 75 1270 2.
93 1222 215 1283 Preterea,
229 1234 257 1273 ex
268 1221 354 1273 eisdem
366 1222 467 1287 Apostoli
476 1223 622 1286 verbispatet
637 1222 697 1286 quod
711 1222 761 1287 ipsc
775 1222 821 1275 sci·

32 1295 50 1343 it
69 1291 117 1356 qut
128 1297 207 1357 ruptus
220 1292 305 1355 tuerit,
319 1294 372 1357 quia
386 1294 434 1345 uin
447 1294 541 1344 tertium
552 1294 721 1345 animiscit
734 1308 764 1345 ex
777 1296 822 1345 troc

32 1371 126 1437 equitur
143 1372 203 1435 quud
217 1372 311 1423 sciverit
323 1372 397 1425 utrum
415 1374 483 1423 suevit
497 1374 522 1424 iu
535 1386 628 1437 corpore
641 1374 678 1425 vet
688 1387 751 1434 nou,
766 1374 820 1437 quit

32 1490 33 1493 ,
56 1444 129 1495 scivit
142 1443 233 1495 tertium
248 1445 329 1495 crolum
350 1458 401 1497 esse
417 1444 502 1509 aliquid
520 1459 665 1508 corporeum,
680 1458 822 1508 comosus

32 1524 50 1569 rt
63 1515 128 1579 uuiti
138 1516 230 1567 sciverit
239 1518 337 1567 enimam
348 1532 412 1569 want
427 1531 472 1569 nou
485 1532 536 1570 esse
546 1518 560 1568 t
569 1532 661 1582 corpore
674 1522 819 1583 separatam,

32 1592 71 1640 ria
89 1588 147 1639 visio
161 1589 194 1639 rei
207 1600 320 1652 semovere
336 1592 465 1653 noupotest
478 1590 527 1641 fieri
540 1591 586 1640 nisi
598 1603 743 1653 percorpus.
759 1591 820 1653 Ergo

32 1663 112 1711 uetur
121 1658 182 1721 quet
193 1672 239 1710 ouri
250 1660 342 1711 omniuo
351 1661 489 1723 iguorevevit
498 1675 527 1712 eu
538 1661 613 1712 anima
624 1661 693 1711 tuerit
703 1661 717 1711 a
727 1673 821 1724 corpure

32 1750 37 1785 3
60 1735 137 1782 aratu.

40 1749 76 1855 ρ3.
87 1805 214 1865 preterea,
230 1801 291 1853 sicut
304 1802 443 1863 Augustinus
456 1802 525 1861 dicit,
540 1803 588 1853 xil.
596 1805 679 1867 Super
689 1803 776 1854 sees.
785 1802 822 1852 cd

32 1882 57 1927 t.
80 1874 143 1940 (cap.
155 1874 207 1938 28),
221 1872 325 1938 eipseiu
334 1877 401 1938 raptu
411 1872 468 1923 vidit
484 1872 627 1927 treviricae
646 1876 717 1924 iteum
730 1886 775 1934 qua
785 1873 821 1923 vi·

32 1954 76 2002 eut
95 1945 168 1995 seucti
180 1946 204 1995 iu
218 1946 324 2009 petria.»
338 1945 383 1995 sed
395 1944 468 1995 sancti
482 1944 632 2008 euhoequtd
646 1944 724 1995 videat
737 1944 818 2006 Deuru

32 2024 99 2073 :iuut
119 2030 148 2069 au
165 2017 246 2069 anima
262 2029 340 2070 eorum
358 2016 568 2079 siuttcorporitus
585 2019 707 2080 comiato.
721 2016 781 2077 Ergo
798 2018 824 2065 et

32 2094 107 2145 cutus
120 2090 165 2139 troc
178 2088 253 2141 seivit.

47 2164 98 2215 Sed
117 2165 195 2211 contra
209 2164 259 2223 cst,
277 2161 336 2224 quod
355 2160 437 2211 dicitur
453 2160 481 2211 il.
501 2158 537 2209 ud
552 2160 622 2215 Cor„
634 2159 690 2209 xit:
708 2157 784 2209 «Sive
797 2158 823 2209 iu

32 2246 117 2300 erpere
132 2231 180 2283 sive
194 2235 256 2281 satra
270 2244 366 2295 eorpus,
381 2231 471 2291 nescio,
486 2232 548 2282 Deus
561 2230 637 2281 scit»

50 2303 371 2369 (Concurrere—ignoravit
381 2304 473 2365 Paulus,
483 2301 536 2353 citro
550 2305 628 2365 raptas
642 2300 686 2351 tuit
695 2300 720 2349 'ru
730 2298 822 2370 tertium

32 2380 119 2437 etum,
137 2387 191 2425 rrum
207 2374 283 2426 euirae
298 2374 349 2437 ejvs
362 2379 416 2423 tuuc
427 2372 496 2423 tuerit
506 2372 598 2436 corpori
615 2372 749 2435 coitionem,
768 2370 823 2423 aaa

32 2460 118 2512 crpore
134 2446 266 2509 separata.)

45 2517 188 2581 Respouueo
199 2516 398 2580 attentiusetsi
410 2515 541 2580 hujusmodi
552 2513 685 2578 questionis
697 2513 821 2565 veritatem

32 2594 125 2655 :cipere
136 2592 225 2652 oportet
233 2602 262 2639 ex
273 2588 329 2652 ipsis
342 2588 444 2653 Apostoli
452 2586 628 2650 vertis‚qrriivus
637 2586 693 2636 dicit
702 2599 727 2637 se
737 2586 823 2651 atqua

32 2667 92 2727 aire,
111 2661 201 2713 scilicet
216 2676 230 2709 e
244 2673 270 2711 se
281 2664 370 2725 remum
385 2673 434 2713 esse
453 2660 568 2723 usquead
586 2658 680 2709 ortium
697 2659 821 2721 waurei

54 2824 138 2935 (nine
155 2826 190 2871 his
203 2822 377 2882 etiam-qudi,
388 2824 506 2882 devovit,
518 2828 560 2869 art.
572 2821 602 2877 ὅς
612 2827 637 2868 et
646 2823 678 2870 11.
690 2821 758 2873 Gor„
770 2821 821 2879 xvi,

32 2897 81 2941 tot.
111 2920 119 2935 .
239 2910 248 2925 r
