1934 3284
417 180 449 226 idi
465 180 537 228 idio.

366 374 529 426 adurendus
547 377 585 429 vi.

77 496 158 543 Uirum
172 496 254 553 mepte
268 496 301 541 rit
316 496 438 542 laudabile
455 502 478 542 el
494 499 642 547 meritorium
651 503 734 559 socero
745 504 840 564 atiqnid
852 520 882 553 en

340 566 401 615 voto,
412 560 484 619 quim
495 563 548 607 riae
555 567 618 610 voto.

101 692 133 742 Ad
147 694 241 743 sextum
260 690 295 741 sio
307 692 441 755 proceditur
452 692 496 757 (l).
514 694 610 744 Videtur
629 696 688 759 qudd
703 698 775 763 magis
789 699 820 750 ait
831 701 882 752 laq.

73 762 142 813 dnbile
152 768 177 815 et
190 762 426 813 meritoriumlaeoro
435 764 519 828 aliquid
532 764 582 815 sine
593 770 656 831 voto,
670 767 738 831 wem
750 784 800 820 ounr
816 777 878 823 voto.

72 833 125 884 illuit
136 834 199 883 enim
210 835 315 897 Prosper
328 834 368 884 lib.
379 836 400 884 ll
415 836 451 884 De
465 836 517 885 olto
528 838 723 901 contemplativo
732 840 796 906 (rap.
811 844 855 908 tt)
869 858 877 893 t

73 922 87 951 r
99 906 134 956 Sic
147 906 268 957 abstinere
281 905 319 955 rel
331 906 438 971 jejunare
453 907 574 968 dommus,
590 911 674 968 utnon
694 923 736 961 nos
747 914 879 965 necessitati

69 977 187 1040 jejunandi
201 978 343 1043 suodumus3
354 990 384 1027 ue
392 976 440 1041 jam
451 991 496 1027 nou
511 979 588 1029 deuoti
602 981 642 1030 sed
656 980 724 1030 inriti
738 995 785 1032 rem
799 984 880 1034 rolon-

73 1048 147 1099 iau'am
159 1049 284 1099 iaciamus.
301 1064 315 1095 r
329 1050 375 1099 Sed
388 1048 427 1099 ille
444 1050 482 1113 qui
497 1053 566 1101 voret
577 1050 706 1117 jejunium,
718 1054 828 1105 subditae
839 1067 881 1107 ne·

71 1121 169 1171 roeriuti
183 1121 321 1187 jejunandi.
334 1122 395 1183 Ergo
408 1120 490 1173 melius
506 1126 566 1173 esset
583 1124 603 1172 si
616 1122 734 1187 jejunaret
749 1124 799 1177 siue
815 1131 878 1179 roto.

100 1196 122 1244 ³.
142 1194 276 1257 quaterna,
294 1192 418 1257 Apostolus
436 1194 544 1255 dioit‚li
565 1196 753 1255 Corinto.,lll:
774 1214 789 1245 u
805 1199 880 1249 Unus-

72 1266 164 1331 quisque
178 1269 251 1331 pront
264 1264 390 1315 destinavit
401 1266 425 1317 in
436 1267 503 1316 eorde
517 1279 575 1329 sno,
586 1278 634 1317 non
649 1278 678 1317 ex
694 1268 785 1319 tristitia
800 1274 839 1319 aut
851 1282 880 1320 ex

70 1338 205 1389 necessitate
216 1356 224 1403 3
240 1337 340 1387 hilarem
352 1338 413 1387 euim
425 1338 526 1389 datorem
540 1335 692 1401 diliqitlieua.
706 1340 775 1391 »Sed
788 1340 881 1405 quidam

71 1423 96 1459 ea
109 1424 159 1475 qne
179 1414 283 1471 vorent,
296 1422 326 1459 ex
344 1408 436 1460 tristitia
450 1409 551 1473 iaciunt3
564 1414 587 1459 et
601 1411 644 1461 hoe
657 1410 747 1461 videtur
759 1413 880 1476 procedere

75 1494 99 1531 ex
109 1482 253 1534 necessitate
270 1494 341 1545 quaro
355 1484 432 1532 votum
447 1480 557 1545 imponit,
566 1480 619 1545 quia
634 1482 760 1533 necessitas
774 1485 881 1532 contrie-

79 1554 184 1618 lnnrost,
201 1558 229 1604 ut
248 1552 371 1603 dieiturV.
390 1553 513 1617 Meropo,
535 1554 607 1617 (text.
623 1556 666 1616 o).
680 1555 740 1619 Ergo
750 1554 832 1605 melius
845 1559 882 1606 est

74 1626 150 1691 aliquid
165 1627 247 1677 faeere
269 1625 321 1674 sino
339 1628 393 1675 roto
404 1624 471 1688 quim
486 1639 536 1674 oum
551 1628 614 1675 roto.

100 1698 214 1751 Proterea
226 1736 233 1763 ‚
247 1700 330 1747 votum
343 1696 499 1747 necessarium
512 1698 587 1748 estad
601 1699 645 1749 hoo
657 1698 718 1763 qudd
729 1698 830 1750 firmetur
840 1712 882 1753 vo-

72 1769 143 1821 luutas
162 1768 269 1820 hominis
284 1768 315 1817 ad
333 1780 382 1818 rem
401 1779 469 1831 quarn
488 1771 573 1831 voret,
591 1770 618 1817 ut
638 1768 707 1833 supra
726 1766 827 1819 halitum
845 1774 881 1821 est

72 1840 129 1903 (art.
146 1844 162 1891 l
175 1843 193 1904 t.
204 1841 311 1891 sednon
324 1842 400 1905 potest
416 1839 488 1903 magis
498 1839 583 1891 firmari
592 1840 696 1891 voluntas
709 1843 737 1891 ad
751 1841 835 1905 aliquid
846 1843 881 1893 la·

70 1912 183 1976 siendum,
194 1914 265 1977 qnam
276 1908 330 1961 edm
340 1908 394 1961 'actu
403 1910 459 1962 larii
467 1911 533 1963 illud.
542 1912 603 1975 Ergo
614 1924 660 1963 non
671 1911 752 1963 melius
762 1917 798 1964 est
806 1913 880 1965 lacero

72 1984 154 2047 aliquid
166 1996 221 2035 oum
236 1980 380 2046 uoto,quinn
396 1981 444 2033 sine
460 1986 524 2033 noto.

101 2056 147 2106 Sed
163 2060 245 2105 eontra
259 2057 306 2116 est,
319 2052 378 2117 quod
394 2066 461 2118 super
470 2052 526 2104 illud
539 2054 606 2104 Prot,
619 2055 699 2105 lxxv
713 2055 842 2105 :uvovete
856 2060 881 2106 et

72 2126 169 2191 reddite,
186 2144 199 2173 n
212 2124 271 2175 dicit
287 2125 367 2175 Glossa
380 2140 386 2173 ε
400 2142 414 2172 u
429 2125 516 2175 Vorere
529 2126 641 2175 voluntati
658 2125 820 2176 consulitur.»
835 2126 881 2175 Sed

74 2198 193 2247 consilium
209 2210 258 2247 non
273 2201 311 2247 est
320 2195 363 2245 nisi
372 2196 400 2246 de
412 2196 501 2246 meliori
510 2196 580 2247 bono.
594 2197 653 2259 Ergo
667 2195 751 2245 melius
760 2199 797 2245 est
806 2195 881 2247 lacere

75 2268 162 2332 aliquod
177 2282 239 2332 opus
254 2282 284 2319 ex
292 2271 356 2331 noto,
368 2265 497 2329 quadrina
507 2273 570 2331 roto,
581 2267 635 2330 quia
646 2266 685 2329 qui
695 2265 750 2316 lucit
759 2266 807 2316 sine
817 2271 880 2330 noto,

76 2338 154 2403 implet
163 2340 259 2390 tautum
269 2353 342 2390 ninum
354 2336 472 2389 consilium
486 2338 614 2402 (sollicetde
623 2337 746 2403 laniendo);
755 2338 794 2402 qui
805 2342 882 2389 autom

76 2409 126 2461 troii
142 2424 196 2462 enm
220 2418 293 2476 roto,
309 2411 387 2475 implet
404 2411 449 2461 duo
468 2409 577 2472 consilia,
592 2408 680 2460 scitust
695 2410 723 2460 de
741 2411 846 2462 vovendo
860 2417 884 2461 et

76 2480 189 2533 iaciendo.

106 2555 272 2618 (Coronosno.
284 2578 317 2591 -
326 2552 381 2603 Cion
395 2566 477 2605 vovere
495 2553 525 2603 sit
538 2551 696 2616 uoluntariae,
710 2552 846 2604 laudabilius
859 2557 884 2603 et

78 2627 147 2690 uagis
156 2626 301 2679 meritorium
312 2628 347 2676 est
356 2625 471 2690 quidpiam
481 2639 510 2677 ex
519 2629 573 2676 roto
582 2626 657 2676 lucere
668 2624 736 2688 qutun
747 2624 796 2676 sine
806 2626 881 2685 voto.)

109 2778 141 2841 (ί)
159 2782 192 2827 Do
207 2780 245 2825 luis
259 2780 331 2825 etiarn
344 2778 420 2838 lnird‚
435 2791 476 2837 qu.
499 2776 558 2838 189,
576 2785 619 2825 art.
630 2778 659 2833 ῖς
677 2785 703 2825 nt
715 2785 739 2825 et
751 2779 794 2823 lli.
810 2778 882 2833 part,

79 2852 118 2897 qn.
132 2841 175 2899 28,
194 2849 230 2887 nro
249 2840 273 2895 ⁴3
286 2845 310 2887 et
322 2841 414 2887 Goutro
425 2842 506 2890 Grnt„
517 2842 560 2887 lio.
571 2843 603 2901 V,
616 2853 669 2897 erp.
683 2840 741 2893 1883
752 2838 887 2895 etoperr..

13 2948 15 2965 ,
81 2906 157 2963 ΠΗ,
170 2916 224 2962 erp.
239 2904 289 2959 1¹3
305 2902 667 2964 arepm.,1vui,orp.re.

174 3014 205 3057 q.
779 2994 795 3044 l
