1934 3284
102 143 148 194 tae
222 154 330 193 munna
345 153 476 203 eumz,
491 153 584 200 uuam.
600 155 679 202 exxrr,
693 155 747 194 ner.
763 156 779 192 1.

132 231 176 282 Sed
187 234 267 282 muna
275 234 323 293 est,
331 232 394 294 quod
405 231 546 294 Augustinus
555 231 610 282 dicit
620 231 646 282 in
655 229 696 280 tib.
712 231 749 280 De
761 241 838 280 serm.
854 233 911 282 Do·

102 303 166 352 orire
179 304 300 352 inme
312 303 368 366 (tib.
378 305 399 366 1,
412 317 462 368 rap.
473 308 486 352 t
496 303 521 366 );
539 303 641 354 «Pietas
654 302 759 366 congruit
773 302 907 358 mitibus.»

136 375 292 436 (donauero.
307 401 339 412 -
350 377 414 426 bono
428 375 537 439 pietatis,
552 375 571 426 si
586 387 636 426 eam
655 374 839 426 convenientiam
849 389 909 438 quae

102 449 139 496 est
152 449 254 508 exparte
262 446 348 497 ordinis
358 447 516 512 respiciamus,
527 448 650 512 respondet
658 447 759 497 secunde
770 446 904 508 beatitudo,

102 530 147 581 pua
159 517 229 567 mites
243 517 306 568 beati
319 519 506 582 pronuntiantur3
522 517 646 570 secuudum
656 531 706 568 eam
716 516 911 568 convenientiam

103 599 154 652 que
171 591 207 638 est
219 601 248 638 ex
263 591 357 653 propria
368 592 457 640 ratione
474 591 527 642 doni
540 593 564 641 et
583 589 730 641 beatitudiuis
741 629 747 651 ,
760 588 842 654 pietati
853 603 908 640 res-

103 661 188 725 pondet
206 665 286 724 quamn
304 667 329 712 et
341 662 420 726 quinta
439 662 576 726 beatitudo.)

134 735 269 798 despondeo
282 734 419 796 dicendum,
432 735 527 800 quddin
536 734 678 799 adaptatione
691 734 859 785 beatitudinum
874 735 907 786 ad

104 807 163 857 dona
176 806 259 870 duplex
269 806 429 857 conuenientia
443 811 522 871 potest
535 806 638 858 attendi:
650 807 809 870 unaqnidem,
821 819 912 857 mouu-

103 877 157 928 dbm
167 878 279 928 rationem
292 878 394 938 ordinis,
408 892 477 942 mann
491 879 581 930 uidetur
595 877 736 942 Augustinus
750 878 821 928 fuisse
841 891 913 929 seeu-

103 951 154 1010 tns3
166 949 229 999 nnde
240 949 337 1014 primam
350 949 514 1002 beatitudinem
525 950 628 1000 attribuit
639 949 718 999 infimo
731 951 800 1010 dono,
815 948 912 1001 seilicet

103 1021 208 1085 timoris3
223 1022 345 1072 secundam
354 1025 445 1081 autem,
460 1021 559 1085 scilibet,
576 1038 589 1069 n
598 1021 665 1072 ‘Beati
684 1022 786 1082 mites»
800 1022 912 1072 attribuit

104 1092 198 1154 pietati,
213 1096 237 1144 et
244 1093 280 1143 sio
287 1095 316 1144 de
329 1093 390 1142 aliis.
401 1093 450 1142 dita
467 1093 628 1144 conuenientia
637 1096 715 1158 potest
729 1093 815 1143 attendi
827 1106 915 1144 secun-
956 1123 957 1174 t

103 1163 158 1214 dim
171 1165 286 1229 propriam
298 1165 410 1215 rationem
419 1163 474 1215 deni
483 1169 507 1216 et
521 1165 668 1216 beatitudinis
679 1181 685 1227 ;
696 1167 719 1216 et
728 1163 855 1215 secundini
864 1165 913 1216 boe
956 1179 957 1196 ¹

104 1238 194 1298 oportet
203 1236 310 1298 adaptare
318 1237 470 1286 beatitudines
478 1236 544 1287 donis
556 1235 680 1286 seconddm
691 1236 780 1296 obieeta
794 1239 818 1286 et
828 1239 908 1288 actus

104 1306 277 1370 tetraptotam
298 1307 370 1372 magis
391 1309 540 1372 responderet
559 1312 637 1372 quarta
656 1312 680 1358 et
695 1307 774 1373 quinta
790 1307 912 1359 beatitudo

104 1376 171 1439 quim
185 1379 293 1428 secunda.
307 1379 412 1430 Secunda
427 1383 503 1430 tamen
523 1379 638 1430 beatitudo
653 1379 723 1430 babet
737 1378 835 1442 aliquam
850 1391 913 1430 eon-

104 1447 243 1502 venientiam
252 1463 304 1499 eum
314 1451 413 1514 pietate,
428 1451 453 1501 in
466 1453 576 1516 mantum
592 1450 678 1502 seilicet
691 1463 733 1514 per
746 1452 911 1502 mensuetudi-

105 1530 156 1568 nem
173 1519 284 1570 tolluntur
300 1520 463 1586 impedimenta
477 1527 568 1572 amnum
585 1521 686 1586 pietatis.

136 1591 164 1639 iit
174 1605 216 1654 per
225 1593 268 1643 boc
280 1595 343 1657 patet
355 1594 474 1657 responsio
489 1595 517 1644 nd
527 1594 638 1658 primum.

137 1663 172 1712 bd
183 1664 309 1714 secundum
320 1664 454 1727 dicendum,
470 1665 530 1730 qubd
542 1664 665 1716 secundbm
679 1665 840 1730 proprietatem
849 1663 910 1717 bea·

105 1733 226 1786 titudinunr
236 1740 261 1786 et
271 1737 392 1799 donorum,
406 1741 496 1801 oportet
509 1736 569 1800 quod
583 1737 662 1788 endem
680 1736 795 1788 beatitudo
812 1749 910 1802 respon-

106 1806 159 1856 deat
183 1806 286 1858 sciente
303 1810 327 1861 et
345 1809 438 1874 pietati3
461 1811 503 1860 sed
522 1808 648 1860 secundine
670 1808 781 1858 rationem
802 1809 910 1870 ordinis,
956 1795 957 1858 ἕ

107 1878 201 1929 diverse
214 1879 367 1932 beatitudines
377 1880 412 1931 eis
427 1883 577 1946 adaptantur,
592 1879 713 1933 observati
726 1883 802 1930 brnen
817 1881 911 1946 atiquati

107 1950 279 2014 convenientit,
293 1955 318 2002 nt
329 1952 398 2016 suprtr
410 1953 495 2003 dictum
507 1958 551 2004 est.
956 1919 957 1988 t

137 2023 171 2072 dd
180 2023 272 2074 mum
283 2023 413 2087 dicendum,
422 2025 483 2088 qudd
493 2025 585 2076 bonitas
598 2027 620 2075 et
629 2023 789 2089 benignitasin
797 2023 910 2074 irnotibns
956 2037 957 2040 ’

107 2095 191 2146 directi
203 2096 297 2147 attribrd
311 2100 407 2160 possum
419 2097 517 2162 pietati3
532 2098 682 2148 mansuetudo
697 2102 773 2148 autem
786 2095 906 2158 indireetd,

107 2167 132 2218 in
145 2172 255 2232 quantum
269 2169 329 2220 tollit
338 2168 502 2233 impedimenta
512 2172 602 2220 actuum
616 2169 754 2234 pietatem
765 2168 904 2218 dictumest.

352 2512 662 2583 oonsurooxnn.

191 2657 225 2702 De
235 2656 494 2714 praeproperetis,
507 2657 537 2702 te
550 2667 593 2702 accc
607 2653 729 2702 articulos
742 2654 833 2700 dictem

141 2806 226 2857 Mede
239 2805 427 2857 considerandum
442 2810 480 2857 est
493 2805 521 2856 de
535 2803 655 2870 preceptis
665 2802 769 2866 justitie.

46 2933 53 2944 .
111 2897 114 2900 ⁴
142 2879 172 2928 st
186 2878 245 2928 cirea
261 2879 306 2928 boe
320 2881 452 2940 queruntur
465 2889 507 2928 sen
523 2893 531 2928 r
547 2883 573 2928 t⁰
584 2875 664 2926 Utrbm
674 2878 789 2940 precepta
804 2873 910 2938 decalogi
