1934 3284
312 141 343 184 or
359 141 426 182 vrrre
441 142 562 182 nnxnnrnr.
791 139 836 186 ett't

44 233 90 270 nen
99 231 198 272 venereo
208 231 253 270 non
267 222 341 284 potent
354 233 403 272 esse
413 224 531 284 poenum
541 236 548 271 z
558 224 583 272 et
596 222 628 276 itu
636 223 729 275 luxurie
739 237 785 277 non
794 227 838 277 erit

43 297 167 356 peecatum.

73 369 94 414 3.
115 365 225 416 Preterea
245 377 311 416 omno
326 369 441 430 peroetnrn
463 366 531 416 habet
542 366 623 416 vitium
640 368 780 432 oppositum.
794 371 838 421 Sed

42 435 136 486 luxurio
158 436 244 486 nulium
256 436 336 487 vitione
355 437 445 488 ridetur
460 439 599 503 oppositum.
611 439 671 503 Ergo
686 440 775 491 inrnrin
791 455 838 493 non

43 513 76 558 est
92 512 219 571 peeeotonn.

72 579 117 630 Sed
131 584 208 630 eontra
228 583 275 642 eet,
287 580 347 644 quod
365 593 461 632 «eausa
481 585 517 632 eet
531 583 606 646 potior
619 597 660 633 eno
683 585 772 635 eiieotn.
794 587 838 637 Sed

42 651 119 700 vinnm
136 651 268 715 prohibetur
281 655 373 717 propter
387 655 512 718 iuxuriam3
528 655 652 705 seeunddm
667 656 721 706 iliud
736 657 837 722 Apostoli

42 723 77 771 od
92 723 195 787 upton,
212 725 250 772 V:
266 725 362 775 «Nolite
375 725 481 776 inebriari
495 726 549 777 vino
562 726 586 776 in
601 740 646 791 quo
665 728 836 778 edildruda.»

42 795 99 857 Ergo
114 795 202 844 luxuria
213 799 249 846 est
265 797 386 860 prohibite.

72 869 96 914 Ξ.
113 867 223 918 Praeterea
229 903 238 929 ‚
249 867 346 927 Galat,
358 869 377 916 V
383 906 391 932 ‚
400 873 545 920 enumeretur
551 869 610 921 inter
623 883 692 934 opera
705 871 780 922 earnis
789 871 834 936 (i).

73 939 82 1002 (
89 939 234 990 Concnusro.
249 967 282 978 -
291 941 407 1004 Luxuria,
420 953 464 1005 qno
478 943 568 992 modom
587 941 681 993 rationis
699 946 722 993 et
735 945 837 994 ordinem

42 1010 124 1074 aliquis
137 1011 197 1062 eirea
214 1025 310 1064 venerea
323 1013 428 1075 excedit,
443 1014 636 1078 praetendet.)

73 1083 207 1146 [despondeo
226 1084 362 1144 dicendum,
376 1083 436 1148 qnod
454 1084 540 1148 quanto
558 1086 643 1149 aliquid
656 1090 692 1136 eet
704 1085 777 1150 megin
791 1099 836 1136 ne-

42 1155 179 1218 cessarium,
196 1155 257 1206 tanto
278 1156 349 1220 iungis
367 1161 456 1221 oportet
474 1162 501 1206 ut
512 1157 573 1207 eirea
590 1157 646 1207 iilud
666 1157 760 1208 rationis
781 1159 836 1209 ordo

42 1231 146 1277 serretur
156 1243 162 1276 :
174 1229 234 1278 unde
248 1242 288 1292 per
301 1241 442 1292 consequens
453 1230 525 1294 magis
535 1232 570 1280 est
582 1229 688 1280 vitiosum
701 1230 721 1280 si
735 1231 789 1280 ordo
799 1243 836 1280 ra·

41 1299 112 1348 tionis
131 1300 325 1363 pretermittitur.
339 1300 397 1350 Usus
411 1304 484 1350 nutem
500 1314 663 1361 venenorum,
676 1302 734 1352 sient
752 1301 839 1352 dietnrn

41 1375 91 1432 est,
104 1374 139 1420 est
152 1370 215 1421 vaide
228 1372 371 1422 necessarios
383 1373 412 1422 od
423 1373 507 1424 honum
519 1387 637 1424 oomrnnne
645 1391 652 1437 3
661 1375 720 1437 qnod
732 1380 768 1424 est
780 1388 835 1424 eon·

41 1443 141 1493 servatio
162 1444 255 1492 humani
271 1444 378 1508 generis:
394 1449 417 1496 et
433 1445 484 1495 ideo
503 1445 563 1496 eirca
577 1447 621 1495 hoe
638 1445 736 1498 manime
750 1446 837 1496 attendi

41 1515 111 1566 debet
123 1514 216 1564 notionis
228 1515 290 1565 ordo.
307 1516 335 1565 Et
353 1529 393 1579 per
408 1529 567 1581 consequens,
583 1517 669 1581 siquid
683 1518 740 1567 eirca
756 1519 801 1568 hoe
815 1519 840 1568 dt

40 1591 125 1652 preter
139 1585 161 1635 id
175 1587 234 1650 qnod
252 1588 306 1636 ordo
319 1588 412 1638 rationis
425 1589 500 1652 habet,
513 1589 621 1639 vitiosum
637 1589 689 1639 erit.
703 1591 750 1639 iioo
761 1594 837 1639 autern

39 1659 142 1724 pertinet
157 1659 183 1708 od
198 1658 307 1708 rationem
321 1659 469 1720 luxurient
479 1661 579 1711 ordinem
599 1664 623 1710 et
638 1660 729 1710 modurn
742 1661 835 1711 rationis

40 1731 137 1781 excedat
151 1729 209 1780 eirea
221 1743 326 1780 venerea.
345 1731 374 1780 iit
389 1731 441 1782 ideo
454 1732 538 1796 aisqtu
555 1731 623 1782 dubio
635 1731 724 1782 luxorio
737 1735 773 1783 eet
784 1746 840 1797 pee-

39 1807 125 1853 catum.

72 1876 104 1925 dd
116 1873 213 1936 primunr
227 1887 281 1937 ergo
292 1873 419 1934 dicendum,
432 1874 558 1937 quiddeiont
566 1875 718 1938 Poitosophus
726 1876 749 1924 in
758 1877 838 1927 eodeni

37 1947 98 1997 libro
114 1945 182 2002 dicit,
200 1959 303 1998 «semen
317 1951 352 1996 est
371 1947 508 2009 superfluum
523 1960 567 2010 qno
583 1947 704 2011 indigetur.
721 1962 734 1993 n
755 1947 840 1996 itiritor

38 2018 103 2069 enim
122 2018 259 2078 superfluum
271 2031 300 2068 er
310 2031 337 2067 eo
352 2017 411 2080 qnod
422 2017 537 2067 residuum
554 2022 590 2067 eet
600 2017 739 2081 operationis
748 2018 839 2068 virtutis

37 2088 169 2151 nutritirae4
184 2093 260 2140 tamen
281 2089 396 2150 indigetur
410 2103 437 2140 eo
459 2091 488 2140 ed
507 2103 565 2152 opus
580 2089 672 2139 virtutis
689 2090 834 2151 gener-atine.

36 2165 83 2213 Sed
99 2162 150 2212 aiiae
163 2163 329 2226 superfluitates
343 2162 436 2212 numeni
450 2162 551 2225 eorporis
563 2165 632 2219 sont,
643 2160 725 2224 quidne
739 2174 785 2211 noo
799 2161 837 2210 in·

36 2236 130 2298 digetur
144 2250 150 2283 ε
164 2238 187 2284 et
199 2235 250 2284 ideo
264 2247 309 2284 non
325 2234 394 2284 retent
411 2234 604 2296 qualitercumque
619 2232 757 2291 emittentur,
773 2233 838 2282 salvi

37 2302 147 2356 decentii
166 2305 284 2355 convictis
304 2305 406 2356 hnmani.
425 2306 469 2355 Sed
491 2318 536 2355 nou
554 2308 589 2355 eet
609 2305 683 2354 simile
702 2305 725 2353 in
746 2304 839 2354 seminis

36 2369 163 2428 eniissione
173 2397 179 2434 ;
191 2383 240 2440 quoe
256 2378 331 2428 taliter
345 2378 411 2428 debet
428 2376 476 2427 deri
494 2380 521 2425 nt
535 2375 655 2427 conueniet
672 2375 713 2425 dni
731 2376 759 2424 nd
772 2388 839 2439 quem

36 2464 65 2502 eo
78 2448 205 2512 indigetur.

71 2521 106 2571 dd
121 2520 246 2570 seeundum
266 2519 399 2584 dicendum,
412 2519 475 2586 quod·
489 2519 549 2570 sient
565 2519 686 2584 Apostolus
698 2517 754 2569 dicit
766 2519 785 2568 1.
802 2519 839 2568 ad

35 2687 196 2744 reciprocum,
210 2687 264 2744 quio
276 2700 319 2734 nec
331 2689 426 2734 atterius
440 2701 500 2734 uxor
507 2688 617 2734 exhibere
627 2699 652 2732 se
666 2686 698 2732 itii
708 2691 800 2744 poteet;
816 2685 840 2730 in

34 2757 108 2811 repen
120 2755 208 2806 nutem,
217 2751 271 2805 quin
286 2757 309 2797 et
318 2753 412 2798 alteriue
423 2753 533 2810 potestati
544 2752 624 2797 soient
633 2761 701 2806 quarn
711 2749 779 2807 repit.
792 2754 838 2794 eto.

73 2819 107 2881 (i)
124 2822 162 2866 Sio
177 2822 238 2866 enirn
248 2823 289 2879 iot,
303 2835 362 2870 vers.
374 2823 419 2868 te:
437 2825 565 2882 Manifesta
582 2827 640 2867 root
655 2833 729 2880 opero
746 2821 840 2868 cornis.

34 2899 91 2946 quoe
118 2888 177 2930 erent
203 2885 353 2944 (miratio,
372 2887 551 2938 immunditie,
570 2885 748 2946 impudicitia,
763 2884 840 2929 tuou-
