1934 3284
129 149 174 198 196
243 158 349 199 escorni
365 157 487 206 escoron,
499 157 593 203 onnsn.
611 157 668 206 xcv,
686 155 742 197 sir.
758 157 811 196 rur.
857 191 872 210 ,

127 235 165 288 Sic
183 247 236 298 ergo
250 234 369 286 dicendum
387 235 448 300 qudd
469 235 544 286 omnis
561 234 694 297 uniusmodi
710 233 831 290 divinatio,
845 235 867 286 si
886 251 930 288 en-

127 310 232 362 tendatur
247 307 305 356 uiiru
322 305 377 356 iliud
392 307 419 355 ad
428 307 487 370 quod
500 309 576 370 potest
585 305 713 370 pertingere
724 306 850 357 secundini
863 309 927 359 ordi·

120 393 179 462 -neur
195 383 280 428 nuiurae
298 377 333 428 vsi
351 377 435 428 divinae
451 377 615 442 providentie,
626 375 783 441 superstitiosa
795 383 831 430 est
844 382 869 430 et
882 380 931 430 iiii·

128 455 192 571 ⁰¹th
210 521 307 585 primunr
325 533 378 584 ergo
391 521 530 583 denudum,
543 519 604 583 pudd
618 521 662 570 hoo
681 522 741 583 quod
754 520 838 586 ioseph
851 523 927 587 dixit,

127 605 173 644 non
183 605 235 644 esse
246 593 344 654 aliquem
355 592 397 642 sudi
410 592 508 643 similem
519 592 542 640 in
552 591 645 640 scientia
657 591 790 656 augurandi,
801 594 929 646 secundinus

28 683 37 702 .
126 665 275 727 Augrrstinunr
287 662 340 727 joco
349 663 419 725 dixit,
435 676 479 714 non
491 661 566 723 sorio,
578 661 680 712 reterens
699 659 757 712 iorid
774 665 818 714 ison
831 665 859 714 ad
873 665 931 717 iliud

126 736 185 798 quod
202 736 283 798 vulgus
296 736 324 786 de
343 747 370 785 eo
383 734 526 799 opinabatur.
540 733 571 784 iii
589 733 624 783 sio
639 733 708 783 etiam
723 733 866 796 dispensatur
875 738 930 801 ejus

126 806 215 857 loeutus
225 808 267 856 est.

157 877 188 926 rid
199 878 324 928 seeundum
334 877 467 940 dioendurn,
479 876 540 942 qudd
550 875 590 926 iiia
598 875 723 927 auctoritas
733 876 834 940 loquitur
848 877 878 928 de
892 893 933 931 oo-

126 947 227 1010 guitinus
239 949 330 1012 auium,
347 951 451 1014 respectu
467 961 545 998 eoruns
557 961 609 1012 qun
624 948 652 997 ad
667 960 706 998 eas
719 947 842 1011 pertinent.
856 949 887 999 iit
901 953 930 1001 ad

125 1020 176 1070 hec
190 1021 392 1084 precognosuendo
408 1019 551 1070 oonsiderare
564 1031 642 1070 earum
657 1031 726 1069 rodes
740 1022 764 1068 et
775 1023 865 1078 motus,
877 1033 930 1072 uon

125 1095 161 1142 est
178 1091 295 1154 iiiioiiunr3
312 1091 366 1155 puri
381 1091 401 1141 si
416 1090 468 1156 quis
481 1104 510 1141 ex
524 1092 569 1141 hon
589 1090 649 1154 qndd
662 1088 778 1140 norniouis
791 1091 929 1156 trequenter

125 1162 229 1224 crocitat,
239 1163 347 1227 prodient
364 1163 462 1227 pluriam
477 1161 524 1212 oitd
538 1173 587 1212 esse
599 1162 707 1212 iutumm.

157 1233 190 1284 iid
201 1234 292 1284 tertium
302 1233 421 1284 dicendum
430 1269 438 1296 ,
447 1232 508 1298 qodd
521 1234 613 1283 Gedeon
625 1232 758 1283 observavit
766 1232 928 1286 recitationem

125 1308 149 1355 et
162 1305 325 1369 expositionem
339 1305 436 1364 somnii,
450 1303 564 1369 accipiens
574 1316 601 1354 sa
617 1317 659 1369 pro
675 1303 764 1364 omine,
783 1305 850 1367 possi
862 1308 929 1358 ordi-

126 1379 180 1426 nata
196 1377 225 1427 nd
244 1375 279 1426 sui
299 1373 471 1428 instructionem
486 1375 589 1426 idtrina
605 1374 756 1439 providentia.
774 1375 804 1424 iit
818 1375 931 1430 similiter

125 1447 211 1498 Eiiener
223 1449 316 1500 attendit
329 1449 397 1499 vorin
410 1448 504 1513 puelle,
514 1447 616 1498 oratione
630 1446 743 1513 premissa
755 1446 784 1498 ad
796 1447 877 1503 ὓοαῐῐι.

405 1624 566 1683 indictitiis
582 1625 641 1676 Vlli.

290 1751 375 1796 Uirium
386 1749 503 1795 divinatio
512 1750 614 1795 sortium
626 1750 659 1795 ait
667 1749 762 1795 tirocino.

108 1917 112 1922 .
155 1879 188 1930 sd
202 1880 306 1929 notarum
321 1877 354 1928 sio
367 1875 503 1941 proceditur.
518 1877 614 1927 Videtur
628 1875 690 1941 qnod
705 1875 817 1926 divinatio
829 1879 930 1930 sortium

115 1963 169 2002 non
187 1949 217 2000 sit
230 1948 316 2000 iiiicita.
331 1948 388 2008 Quia
405 1961 473 2012 super
487 1948 541 1998 iiiud
553 1948 653 1998 erutor.
667 1948 728 1999 xiix
743 1949 809 1998 :uin
821 1950 930 2002 manibus

125 2022 170 2072 tuis
182 2025 254 2072 sortes
269 2033 339 2082 nep,
352 2035 366 2066 »
375 2019 430 2070 dieii
443 2019 521 2071 [iiossa
535 2019 672 2084 Augustini:
686 2021 763 2071 «Sors
776 2033 823 2070 non
836 2025 875 2072 est
888 2024 932 2073 nii·

124 2093 178 2157 qnid
195 2091 247 2142 maii
255 2130 263 2156 ,
283 2093 323 2144 sed
341 2091 415 2143 resin
431 2093 531 2143 hunuano
548 2092 689 2145 dubitatione
701 2092 802 2142 diuinam
820 2091 929 2145 indicans

124 2165 274 2217 uoluntatem.
298 2179 312 2212 s

155 2241 178 2286 t.
193 2239 319 2301 Praeterea,
333 2248 360 2286 ea
373 2247 423 2300 pun
437 2236 450 2286 i
465 2235 550 2287 sanetis
567 2235 592 2287 in
609 2236 734 2302 Scripturis
749 2237 871 2288 observata
894 2239 929 2290 is-

124 2313 219 2375 gontur‚
235 2323 281 2360 non
298 2307 403 2360 videntur
420 2321 469 2360 esse
482 2307 570 2360 iiiioita.
587 2308 631 2359 Sed
643 2308 716 2360 suncti
727 2304 771 2358 riri
783 2312 830 2360 uu
840 2307 867 2360 in
886 2325 930 2363 uo·

114 2379 166 2432 teri
180 2379 246 2444 quim
260 2382 284 2432 in
297 2394 358 2432 noro
371 2380 518 2432 'testamento
532 2379 678 2433 inueniuntur
693 2380 790 2432 sortibus
803 2378 841 2430 usi
852 2393 927 2433 osse:

112 2453 206 2516 'iegitur
216 2452 277 2503 enirn
292 2456 379 2506 dorus,
395 2451 450 2512 iiii,
463 2451 524 2516 oudd
533 2454 602 2505 iosus
616 2465 645 2504 ex
659 2456 776 2518 prerepto
787 2451 877 2503 nomini
890 2455 931 2519 ju·

123 2523 184 2576 dieio
198 2523 291 2575 sortium
306 2523 397 2590 punivit
411 2525 503 2584 iehan,
515 2525 555 2588 qui
568 2525 597 2577 do
613 2527 756 2578 animemus
767 2523 927 2590 surripuerat3

121 2595 178 2650 Siui
193 2594 261 2646 etiarn
275 2600 334 2647 sorte
345 2593 494 2662 deprehendit
502 2596 572 2648 niun
581 2610 648 2648 suuni
658 2596 927 2655 mundandorum

123 2667 196 2729 disse,
211 2667 342 2718 utnubeiur
355 2667 444 2732 irrep..
465 2667 506 2720 iv.
520 2668 586 2720 tonas
600 2667 670 2721 etiarn
684 2667 767 2720 dianio
779 2666 871 2719 bonoim
889 2670 929 2721 dn-

111 2736 203 2799 ·giens‚
217 2741 277 2788 sono
291 2739 445 2804 deprenensus
461 2744 497 2790 ost
509 2741 553 2792 st
547 2755 572 2792 rn
591 2752 654 2792 mars
667 2739 783 2805 dejectus,
796 2742 824 2788 ut
839 2739 928 2804 iegitur

110 2808 203 2864 ·-.i.ouae
214 2809 232 2860 i
248 2808 446 2862 tesneriasetiaru
459 2828 472 2860 u
482 2815 544 2865 soris
555 2810 613 2865 exiit
623 2811 777 2864 utiuuensuru
786 2815 923 2876 ponerem

120 2877 340 2946 emorituram
353 2880 926 2951 idonionmuussununuouuiisin
