1934 3284
99 167 146 216 ott
210 174 318 216 ancum
333 173 462 226 necnon,
478 174 564 222 nunu.
580 173 683 226 cxsvns,
696 173 753 216 m.
768 177 788 214 a.

99 253 181 306 tensis.
204 251 313 314 Quamuis
330 266 392 304 nune
411 253 467 304 satis
490 252 640 306 communitas
659 252 685 304 in
706 252 821 317 elisum
843 254 902 307 lucis

98 329 191 390 proptor
203 325 363 378 necessitatem
374 325 397 378 in
411 324 475 378 lautis
489 328 513 376 et
526 325 588 377 essu
598 324 735 379 muntii
745 325 899 391 dispensetur.

330 650 497 726 QUAESTIO
514 653 676 722 cxcviii.

262 790 297 838 De
310 791 383 850 nula,
396 791 427 836 s'o
444 801 491 837 een
506 791 627 838 aneson·
640 792 731 839 diuiso.

129 941 214 1004 Deinde
228 937 416 990 considerandum
432 939 468 988 est
480 937 510 988 de
521 937 582 1002 guia.

128 1016 159 1066 Ee
172 1013 231 1064 circa
242 1015 286 1064 hoo
303 1013 435 1076 queruntur
445 1023 487 1061 sax
501 1025 509 1060 ε
524 1014 552 1060 1·
561 1011 643 1062 Utrum
657 1011 709 1075 gula
722 1011 754 1062 sit
765 1017 899 1076 peecatum.

98 1091 126 1138 2⁰
140 1085 219 1139 Utrum
232 1085 264 1136 sit
276 1086 395 1148 peccatum
409 1083 512 1133 montale.
527 1086 553 1130 3⁰
564 1083 645 1134 Utrum
658 1084 689 1135 sit
705 1083 833 1136 maximum
845 1101 901 1151 nuc·

98 1162 207 1211 catonum.
224 1161 250 1207 4⁰
268 1157 299 1208 ite
310 1154 429 1220 speciebus
443 1154 502 1219 ejus.
518 1158 545 1204 5⁰
557 1154 636 1206 Uinius
649 1156 678 1206 sit
693 1156 775 1207 viuum
789 1158 900 1224 capitale.

100 1236 126 1280 6⁰
138 1232 170 1282 lto
184 1229 272 1280 iiliahus
289 1228 350 1293 ejus.

398 1334 556 1387 nunccius
567 1335 587 1385 1.

327 1451 412 1506 Uirium
428 1461 488 1518 qula
499 1461 531 1506 sit
544 1464 673 1523 pecatum.

128 1589 162 1639 Ad
177 1586 275 1652 usinum
296 1587 329 1638 sic
352 1587 482 1654 proceditur
490 1587 534 1652 (1).
549 1587 644 1637 Videtur
660 1585 724 1654 quud
739 1588 792 1652 guia
805 1601 854 1640 nou
871 1592 902 1642 sit

97 1663 224 1728 peccatum.
236 1659 294 1710 Dicit
306 1660 367 1710 cuim
383 1659 505 1723 Dominus,
520 1659 624 1717 Mattio„
639 1660 681 1710 XV
695 1675 729 1709 :o
747 1656 810 1718 Quod
826 1661 901 1714 intrat

96 1729 121 1784 iu
132 1745 166 1796 os,
183 1745 229 1783 uon
239 1732 371 1796 coinquinat
380 1731 506 1782 homiuem.
516 1747 530 1778 u
541 1731 586 1781 Sed
599 1732 652 1794 guia
664 1735 700 1782 est
711 1731 772 1780 circa
780 1732 844 1784 cibos
858 1736 900 1798 qui

98 1805 183 1854 intrant
196 1804 219 1854 iu
233 1804 356 1855 hominem.
370 1801 425 1854 cuin
440 1815 494 1866 orgo
504 1816 571 1853 omne
584 1808 701 1868 peccatum
711 1803 843 1868 coinquinet
858 1807 900 1857 ho-
953 1868 955 1871 Ι

98 1876 195 1938 usinum,
207 1877 297 1928 videtur
308 1875 366 1939 qnod
379 1875 431 1938 gula
445 1875 532 1925 nonsit
543 1879 671 1940 peccatum.

130 1953 154 2000 a.
169 1951 291 2007 Praeterea,
303 1963 317 1994 «
326 1947 402 1997 nuilus
414 1949 494 2011 peccat
502 1945 527 1996 iu
537 1961 565 1998 co
574 1946 634 2011 quod
645 1947 718 1997 uitare
728 1960 774 1999 non
786 1952 872 2012 potest,
883 1967 898 1999 s

100 2021 143 2086 (ut
157 2020 297 2083 Augustinus
311 2019 366 2069 dicit
376 2019 401 2068 in
411 2017 452 2069 lib.
463 2021 501 2070 De
514 2020 617 2069 Natura
628 2021 653 2068 et
666 2020 754 2083 oratio
763 2057 771 2076 ,
781 2033 832 2084 cap.
843 2022 897 2087 67).
953 2046 955 2059 =

97 2093 143 2144 Sed
161 2092 213 2156 guia
234 2089 338 2143 consistit
357 2091 381 2141 iu
405 2090 581 2142 immoderantia
597 2090 657 2151 cibi,
678 2090 745 2153 quau
758 2105 806 2142 uon
821 2098 900 2158 potest
953 2075 955 2171 ζ

98 2165 166 2216 homo
184 2163 263 2215 vitare.
281 2163 340 2213 Dicit
358 2163 420 2214 euim
439 2162 573 2226 Gregorius,
588 2163 658 2214 XXX.
674 2162 767 2212 Morol.
782 2163 851 2230 (cap.
868 2171 898 2216 28
953 2215 955 2223 ς

97 2236 146 2288 sivo
158 2239 202 2299 ii)
215 2251 220 2286 2
232 2253 245 2284 u
254 2234 311 2294 Quia
323 2247 364 2298 per
377 2247 441 2285 osuiu
451 2235 558 2298 uoluptas
570 2234 702 2285 necessitati
713 2234 831 2300 miscetur,
844 2238 899 2302 quid

98 2309 221 2360 necessitas
238 2311 314 2373 potat,
324 2309 348 2358 ct
366 2307 420 2372 quid
437 2307 543 2372 voluptas
562 2311 684 2371 suppetat,
698 2305 854 2370 ignoratur.»
871 2310 899 2359 Et

98 2379 236 2444 Augustinus
252 2379 306 2429 dicit
317 2379 341 2428 in
353 2380 382 2429 x.
397 2380 508 2443 Confess.
524 2381 585 2444 (cap.
602 2380 646 2441 ³1)
662 2393 668 2427 :
686 2395 700 2426 c
717 2377 772 2436 Quis
789 2381 841 2441 est,
855 2382 900 2433 iio-
953 2396 955 2447 )

98 2453 176 2514 mine,
195 2451 234 2516 qui
250 2451 412 2516 aliquantulum
432 2455 497 2502 extra
510 2455 582 2503 metas
596 2449 739 2502 necessitatis
755 2450 832 2501 cibum
852 2467 899 2505 uon
953 2459 955 2463 ’

98 2522 184 2573 sumit?
201 2537 214 2570 o
230 2524 288 2586 Ergo
306 2522 356 2586 guia
370 2535 416 2572 uon
431 2523 467 2572 osi
481 2525 610 2587 peccatum.

131 2598 154 2643 ³.
169 2597 299 2655 Praeterea,
314 2595 337 2644 iu
351 2595 451 2660 quolibet
466 2606 548 2658 genere
559 2595 647 2659 peccati
665 2595 752 2658 primus
770 2597 845 2646 motus
865 2600 900 2648 esi

98 2669 225 2728 peccaturo.
242 2665 285 2714 Sed
303 2664 390 2732 primus
411 2671 484 2717 notis
499 2668 602 2716 sumenda
615 2667 691 2716 cibum
705 2679 750 2716 nou
764 2671 801 2717 est
816 2681 900 2731 peccu-

100 2738 162 2796 tum3
173 2735 274 2854 talioquin
286 2735 356 2787 iainos
369 2740 392 2788 et
404 2737 454 2788 sitis
466 2742 544 2789 esseut
555 2743 656 2802 peccata.
668 2739 728 2803 Ergo
740 2738 793 2803 gula
804 2753 851 2792 uon
865 2745 899 2792 est

100 2818 171 2870 pecca
183 2820 229 2860 um.
258 2825 260 2829 ¹
640 2825 643 2829 ·

135 2911 168 2976 (1)
182 2917 214 2962 De
223 2915 259 2962 iuis
269 2918 340 2964 ctiam
356 2931 396 2978 qu.
410 2919 453 2982 aa,
464 2921 493 2970 de
503 2924 576 2984 nonio,
587 2925 633 2969 ant.
646 2920 660 2968 1
672 2926 698 2969 ut
708 2921 728 2968 2
738 2926 763 2970 et
775 2923 802 2970 3.
