1934 3284
371 159 403 198 ns
416 157 526 199 assumo.
800 155 847 204 die

44 233 120 298 cepti.
139 237 167 284 d·
181 233 214 288 lle
226 235 329 300 tempore
344 233 439 300 ieiunii.
455 241 484 288 ot
496 236 577 290 lllrdrn
596 240 667 292 semel
679 239 797 293 mmede're
808 253 846 294 re·

44 305 153 369 unimur
174 305 203 356 ud
216 306 340 371 jejunium.
357 310 383 355 7⁰
399 308 431 359 lle
447 309 504 359 dora
521 310 670 363 comestionis
684 311 846 376 jejunantium.

44 380 72 425 8⁰
86 377 121 428 llo
133 374 191 428 eihis
202 375 216 427 d
228 376 311 441 quous
323 379 407 430 debent
421 379 545 431 absdnere.

350 557 511 611 ARTICULUS
524 559 545 609 1.

222 681 306 727 Utrdm
312 682 434 740 jejunium
445 685 478 730 sit
488 688 556 731 aetus
564 685 670 732 uirtutis.

75 809 114 860 ld
129 808 228 874 primum
243 808 279 860 sio
293 810 423 874 proceditur
437 811 586 876 (illidetur
597 812 658 877 pndd
670 814 785 879 jejunium
800 829 847 867 nou

42 882 76 932 sit
88 886 156 932 aetus
170 879 270 932 vuum.
279 881 359 934 Omnis
369 882 431 933 enim
444 886 507 934 aetus
522 883 612 934 vinulis
624 883 671 936 deo
684 887 719 936 est
728 890 846 950 sooeptns.

41 953 91 1004 Sed
103 951 221 1016 jejunium
234 965 280 1003 non
291 966 382 1018 semper
394 958 430 1005 est
447 957 494 1006 lieo
503 959 638 1020 sumptum,
652 954 778 1007 meuuddm
790 958 847 1010 illud

42 1025 140 1085 leuia,
152 1021 221 1074 Llllll
233 1039 238 1074 :
253 1025 349 1084 «Quare
359 1024 530 1090 jejunavimus,
540 1030 620 1078 etuou
630 1027 750 1092 mpexisd.
761 1045 777 1077 s
788 1031 846 1094 Ergo

40 1095 160 1163 jejunium
177 1108 223 1147 non
237 1100 273 1148 est
290 1100 354 1147 udus
366 1097 467 1148 uirtutis.

77 1171 101 1218 Ξ.
118 1167 249 1230 Proteum,
264 1167 340 1218 nullus
353 1171 417 1220 seius
429 1168 520 1220 uirtutis
532 1169 617 1222 reesdit
631 1169 645 1220 l
658 1170 735 1222 medio
747 1170 845 1242 drtntm

43 1240 91 1290 Sed
109 1237 225 1303 jejunium
239 1239 325 1290 recedit
339 1238 352 1290 d
367 1240 441 1291 medio
454 1241 559 1304 uirtutis3
576 1242 639 1305 quod
653 1241 744 1306 qudem
757 1243 783 1294 in
800 1244 847 1294 uir·

43 1314 96 1362 lule
110 1309 254 1361 abstinentie
267 1309 378 1377 decipitur
390 1311 515 1363 seeunddru
533 1314 593 1377 hoe,
604 1317 630 1363 ut
642 1313 790 1365 subvenietur
803 1328 845 1366 ne-

43 1380 150 1433 oessind
159 1384 256 1445 ualere,
269 1381 306 1432 oui
320 1396 361 1446 per
369 1382 483 1447 jejunium
497 1384 582 1448 aliquid
592 1385 745 1448 subtrahitur3
760 1385 847 1450 alioqui
941 1425 944 1430 .

44 1467 95 1505 uon
106 1453 240 1517 ieiunanles
250 1467 295 1504 nou
309 1455 420 1506 haldeni
432 1455 539 1508 wtutem
549 1456 705 1508 abstinentie.
715 1458 776 1520 mo
786 1458 848 1523 jeju-

45 1526 112 1576 nium
132 1538 179 1576 nou
195 1529 231 1576 esi
244 1529 307 1578 aetus
324 1526 424 1578 ridetis

78 1602 102 1648 lt.
119 1598 247 1660 Preietos,
261 1596 285 1648 id
298 1598 358 1662 quod
372 1599 520 1651 eommuniter
532 1601 641 1653 omnibus·
652 1601 768 1662 mevenit,
780 1603 848 1656 bools

43 1673 69 1721 et
78 1667 159 1732 melis,
170 1681 217 1720 nou
231 1671 267 1720 est
278 1673 341 1721 aelus
349 1671 449 1722 undulis.
464 1673 510 1724 sed
520 1673 636 1739 jejunium
649 1678 686 1725 esi
695 1675 826 1738 hujusmodi
839 1691 846 1726 ε

44 1740 143 1806 quilibet
159 1739 221 1790 euim
234 1742 353 1805 numquam
368 1743 483 1806 comedet,
494 1744 589 1807 jejunus
604 1749 649 1796 est.
663 1743 723 1808 Ergo
732 1745 846 1809 ieiunium

45 1827 92 1864 nou
111 1815 221 1863 ostentus
233 1811 330 1864 virtutis.

77 1884 124 1936 Sed
137 1886 217 1934 eosdm
232 1888 283 1946 est,
297 1883 359 1948 qudd
375 1892 551 1938 connumeretur
560 1887 614 1938 aliis
623 1887 734 1938 denium
747 1889 846 1953 notibus,

45 1958 76 2009 ll.
92 1955 129 2006 ud
151 1955 280 2017 uorandi„
293 1957 337 2021 Vl,
351 1956 391 2008 ubi
404 1958 525 2022 Apostolus
539 1958 608 2021 dieii,
626 1959 679 2011 uin
695 1958 809 2024 ieiuniis,
822 1962 847 2012 in

46 2027 160 2091 seientia,
169 2027 194 2078 in
205 2028 325 2090 restituis,
339 2032 384 2080 ete.
398 2045 413 2076 n
478 2067 481 2078 .

82 2101 243 2166 (Cosmusro.
257 2125 288 2144 -·
296 2098 354 2151 de
367 2100 396 2151 ad
412 2101 488 2152 eoum
499 2102 680 2152 ‘maemdonen
695 2108 720 2154 et
732 2103 848 2154 mediisin

45 2174 119 2224 Deum
140 2170 291 2240 elevetionem
310 2183 338 2222 ae
352 2173 467 2237 oulpnruur
481 2172 634 2236 expiationem
646 2173 761 2238 jejunium
784 2187 849 2225 assu-

46 2243 133 2304 mitur,
149 2245 213 2293 aetus
226 2243 317 2294 vidulis
328 2243 475 2310 proculdubio
491 2247 546 2293 iuno
558 2247 621 2306 est.)

78 2313 215 2378 despondeo
229 2313 347 2364 dicendum
357 2353 364 2378 ,
375 2315 436 2379 quod
448 2329 476 2366 er
492 2317 534 2366 hoe
546 2315 630 2380 uliquis
643 2321 707 2366 estus
720 2320 755 2368 est
764 2317 848 2367 rutun-

6 2387 8 2394 ’
47 2401 103 2450 sus,
114 2384 174 2450 quod
183 2397 225 2449 per
235 2385 346 2437 rationem
355 2387 471 2437 ordinalur
480 2388 508 2437 ad
515 2387 605 2452 adquod
616 2388 701 2438 ionum
710 2389 846 2440 honestum:

46 2461 91 2511 hoe
101 2461 180 2508 aulem
192 2457 298 2508 convenit
309 2457 408 2524 jejunio.
424 2459 553 2511 desumitur
562 2460 622 2510 enim
635 2457 750 2526 jejunium
763 2461 849 2525 priuci-

46 2529 130 2596 puliter
140 2529 169 2580 ed
182 2527 234 2580 trie.
250 2528 325 2581 Primo
344 2531 432 2596 porilem
445 2532 473 2582 ad
487 2530 685 2597 concupiscentias
694 2532 767 2582 curuis
779 2533 849 2598 repri-

47 2698 158 2745 uirlutem
167 2711 174 2748 3
183 2699 238 2740 *turn
252 2705 291 2751 qu.
310 2693 364 2752 lit,
381 2699 424 2740 ert.
436 2695 461 2752 3,
473 2696 525 2741 edm
537 2697 566 2743 de
582 2698 739 2755 temperantis
753 2698 848 2744 meoeria

48 2760 111 2806 eires
126 2758 326 2816 couwpisoeulias
341 2762 365 2804 et
381 2759 547 2807 delectationes
560 2767 678 2820 speretur.

48 2895 63 2940 l'
82 2827 114 2891 (1)
130 2833 164 2938 {⁰
183 2828 219 2874 lrls
233 2829 303 2876 mmm
317 2831 360 2891 lv,
373 2829 451 2881 Sena,
464 2831 519 2878 dist.
534 2831 573 2893 ln,
585 2845 626 2892 pn.
641 2833 665 2895 3,
680 2837 723 2881 art.
737 2831 760 2894 l,
775 2845 850 2892 qum.

58 2905 122 2941 runo.
150 2924 157 2938 .
