<?xml version="1.0" encoding="UTF-8"?>
<!DOCTYPE html PUBLIC "-//W3C//DTD XHTML 1.0 Transitional//EN"
    "http://www.w3.org/TR/xhtml1/DTD/xhtml1-transitional.dtd">
<html xmlns="http://www.w3.org/1999/xhtml" xml:lang="en" lang="en">
 <head>
  <title>
</title>
<meta http-equiv="Content-Type" content="text/html;charset=utf-8" />
  <meta name='ocr-system' content='tesseract 3.04.00' />
  <meta name='ocr-capabilities' content='ocr_page ocr_carea ocr_par ocr_line ocrx_word'/>
</head>
<body>
  <div class='ocr_page' id='page_1' title='image "./summatheologica05nicogoog_0654.png"; bbox 0 0 1934 3284; ppageno 0'>
   <div class='ocr_carea' id='block_1_1' title="bbox 378 164 836 216">
    <p class='ocr_par' dir='ltr' id='par_1_1' title="bbox 378 164 836 216">
     <span class='ocr_line' id='line_1_1' title="bbox 378 164 836 216; baseline 0 0"><span class='ocrx_word' id='word_1_1' title='bbox 378 173 410 216; x_wconf 76' lang='lat' dir='ltr'><strong>nn</strong></span> <span class='ocrx_word' id='word_1_2' title='bbox 425 173 498 216; x_wconf 76' lang='lat' dir='ltr'><strong>euna.</strong></span> <span class='ocrx_word' id='word_1_3' title='bbox 790 164 836 216; x_wconf 78' lang='grc'><strong>611</strong></span> 
     </span>
    </p>
   </div>
   <div class='ocr_carea' id='block_1_2' title="bbox 23 252 838 2047">
    <p class='ocr_par' dir='ltr' id='par_1_2' title="bbox 23 252 838 1040">
     <span class='ocr_line' id='line_1_2' title="bbox 25 252 836 320; baseline -0.002 -12"><span class='ocrx_word' id='word_1_4' title='bbox 25 255 105 308; x_wconf 87' lang='lat' dir='ltr'><strong>mitur</strong></span> <span class='ocrx_word' id='word_1_5' title='bbox 114 265 121 305; x_wconf 80' lang='lat' dir='ltr'><strong>t</strong></span> <span class='ocrx_word' id='word_1_6' title='bbox 130 257 155 306; x_wconf 88' lang='lat' dir='ltr'><strong>et</strong></span> <span class='ocrx_word' id='word_1_7' title='bbox 169 252 202 306; x_wconf 86' lang='lat' dir='ltr'><strong>sie</strong></span> <span class='ocrx_word' id='word_1_8' title='bbox 215 255 364 318; x_wconf 80' lang='lat' dir='ltr'><strong>quantumst</strong></span> <span class='ocrx_word' id='word_1_9' title='bbox 378 253 528 306; x_wconf 80' lang='lat' dir='ltr'><strong>substantiam</strong></span> <span class='ocrx_word' id='word_1_10' title='bbox 540 254 577 304; x_wconf 84' lang='lat' dir='ltr'><strong>uei</strong></span> <span class='ocrx_word' id='word_1_11' title='bbox 587 253 685 318; x_wconf 84' lang='lat' dir='ltr'><strong>speeiem</strong></span> <span class='ocrx_word' id='word_1_12' title='bbox 694 253 740 305; x_wconf 81' lang='lat' dir='ltr'><strong>cini</strong></span> <span class='ocrx_word' id='word_1_13' title='bbox 753 256 836 320; x_wconf 78' lang='lat' dir='ltr'><strong>quant</strong></span> 
     </span>
     <span class='ocr_line' id='line_1_3' title="bbox 25 326 833 391; baseline -0.001 -13"><span class='ocrx_word' id='word_1_14' title='bbox 25 327 118 391; x_wconf 80' lang='lat' dir='ltr'><strong>aliquis</strong></span> <span class='ocrx_word' id='word_1_15' title='bbox 132 326 194 376; x_wconf 85' lang='lat' dir='ltr'><strong>cibos</strong></span> <span class='ocrx_word' id='word_1_16' title='bbox 208 327 297 386; x_wconf 79' lang='lat' dir='ltr'><strong>lautos,</strong></span> <span class='ocrx_word' id='word_1_17' title='bbox 308 326 330 376; x_wconf 91' lang='lat' dir='ltr'><strong>id</strong></span> <span class='ocrx_word' id='word_1_18' title='bbox 344 330 380 377; x_wconf 83' lang='lat' dir='ltr'><strong>est</strong></span> <span class='ocrx_word' id='word_1_19' title='bbox 392 327 514 390; x_wconf 85' lang='lat' dir='ltr'><strong>pretiosos.</strong></span> <span class='ocrx_word' id='word_1_20' title='bbox 525 328 638 386; x_wconf 82' lang='lat' dir='ltr'><strong>Quantum</strong></span> <span class='ocrx_word' id='word_1_21' title='bbox 649 327 678 376; x_wconf 91' lang='lat' dir='ltr'><strong>ad</strong></span> <span class='ocrx_word' id='word_1_22' title='bbox 691 327 833 391; x_wconf 72' lang='lat' dir='ltr'><strong>qualitatem,</strong></span> 
     </span>
     <span class='ocr_line' id='line_1_4' title="bbox 25 397 836 464; baseline -0.001 -14"><span class='ocrx_word' id='word_1_23' title='bbox 25 399 116 464; x_wconf 87' lang='lat' dir='ltr'><strong>quaerit</strong></span> <span class='ocrx_word' id='word_1_24' title='bbox 130 399 194 448; x_wconf 83' lang='lat' dir='ltr'><strong>cibos</strong></span> <span class='ocrx_word' id='word_1_25' title='bbox 203 397 272 448; x_wconf 89' lang='lat' dir='ltr'><strong>nimis</strong></span> <span class='ocrx_word' id='word_1_26' title='bbox 282 399 384 450; x_wconf 77' lang='lat' dir='ltr'><strong>accurati</strong></span> <span class='ocrx_word' id='word_1_27' title='bbox 392 403 541 462; x_wconf 74' lang='lat' dir='ltr'><strong>propasome,</strong></span> <span class='ocrx_word' id='word_1_28' title='bbox 555 397 632 459; x_wconf 87' lang='lat' dir='ltr'><strong>idest,</strong></span> <span class='ocrx_word' id='word_1_29' title='bbox 644 398 836 457; x_wconf 66' lang='lat' dir='ltr'><strong>studioseooan-</strong></span> 
     </span>
     <span class='ocr_line' id='line_1_5' title="bbox 24 469 835 534; baseline 0.001 -12"><span class='ocrx_word' id='word_1_30' title='bbox 24 477 82 522; x_wconf 87' lang='lat' dir='ltr'><strong>tum</strong></span> <span class='ocrx_word' id='word_1_31' title='bbox 95 475 173 521; x_wconf 79' lang='lat' dir='ltr'><strong>autom</strong></span> <span class='ocrx_word' id='word_1_32' title='bbox 186 471 214 520; x_wconf 83' lang='lat' dir='ltr'><strong>ad</strong></span> <span class='ocrx_word' id='word_1_33' title='bbox 227 469 383 534; x_wconf 84' lang='lat' dir='ltr'><strong>quantitatem,</strong></span> <span class='ocrx_word' id='word_1_34' title='bbox 393 471 482 521; x_wconf 75' lang='lat' dir='ltr'><strong>excedit</strong></span> <span class='ocrx_word' id='word_1_35' title='bbox 492 469 562 519; x_wconf 87' lang='lat' dir='ltr'><strong>nimis</strong></span> <span class='ocrx_word' id='word_1_36' title='bbox 575 470 599 518; x_wconf 88' lang='lat' dir='ltr'><strong>in</strong></span> <span class='ocrx_word' id='word_1_37' title='bbox 612 471 709 520; x_wconf 85' lang='lat' dir='ltr'><strong>edendo.</strong></span> <span class='ocrx_word' id='word_1_38' title='bbox 721 471 770 521; x_wconf 81' lang='lat' dir='ltr'><strong>dtio</strong></span> <span class='ocrx_word' id='word_1_39' title='bbox 782 471 835 523; x_wconf 81' lang='lat' dir='ltr'><strong>voro</strong></span> 
     </span>
     <span class='ocr_line' id='line_1_6' title="bbox 25 540 838 608; baseline -0.001 -15"><span class='ocrx_word' id='word_1_40' title='bbox 25 544 102 594; x_wconf 91' lang='lat' dir='ltr'><strong>modo</strong></span> <span class='ocrx_word' id='word_1_41' title='bbox 115 542 241 592; x_wconf 85' lang='lat' dir='ltr'><strong>attenditur</strong></span> <span class='ocrx_word' id='word_1_42' title='bbox 252 541 388 593; x_wconf 88' lang='lat' dir='ltr'><strong>inordinatio</strong></span> <span class='ocrx_word' id='word_1_43' title='bbox 399 540 589 606; x_wconf 78' lang='lat' dir='ltr'><strong>concupiscentie</strong></span> <span class='ocrx_word' id='word_1_44' title='bbox 598 546 707 605; x_wconf 87' lang='lat' dir='ltr'><strong>quantum</strong></span> <span class='ocrx_word' id='word_1_45' title='bbox 722 545 749 594; x_wconf 82' lang='lat' dir='ltr'><strong>ad</strong></span> <span class='ocrx_word' id='word_1_46' title='bbox 764 543 838 608; x_wconf 83' lang='lat' dir='ltr'><strong>ipsam</strong></span> 
     </span>
     <span class='ocr_line' id='line_1_7' title="bbox 23 612 837 678; baseline 0 -13"><span class='ocrx_word' id='word_1_47' title='bbox 23 613 187 678; x_wconf 81' lang='lat' dir='ltr'><strong>sumptionem</strong></span> <span class='ocrx_word' id='word_1_48' title='bbox 207 613 252 664; x_wconf 89' lang='lat' dir='ltr'><strong>cibi</strong></span> <span class='ocrx_word' id='word_1_49' title='bbox 266 628 272 662; x_wconf 92' lang='lat'>:</span> <span class='ocrx_word' id='word_1_50' title='bbox 285 614 322 663; x_wconf 84' lang='lat' dir='ltr'><strong>nei</strong></span> <span class='ocrx_word' id='word_1_51' title='bbox 337 613 391 676; x_wconf 87' lang='lat' dir='ltr'><strong>quia</strong></span> <span class='ocrx_word' id='word_1_52' title='bbox 409 613 521 677; x_wconf 77' lang='lat' dir='ltr'><strong>prevenit</strong></span> <span class='ocrx_word' id='word_1_53' title='bbox 534 612 636 664; x_wconf 66' lang='lat' dir='ltr'><strong>dubium</strong></span> <span class='ocrx_word' id='word_1_54' title='bbox 653 616 745 678; x_wconf 82' lang='lat' dir='ltr'><strong>tompus</strong></span> <span class='ocrx_word' id='word_1_55' title='bbox 760 627 837 665; x_wconf 87' lang='lat' dir='ltr'><strong>come-</strong></span> 
     </span>
     <span class='ocr_line' id='line_1_8' title="bbox 24 682 836 749; baseline 0.001 -13"><span class='ocrx_word' id='word_1_56' title='bbox 24 686 119 746; x_wconf 82' lang='lat' dir='ltr'><strong>dendi,</strong></span> <span class='ocrx_word' id='word_1_57' title='bbox 133 685 194 749; x_wconf 83' lang='lat' dir='ltr'><strong>quod</strong></span> <span class='ocrx_word' id='word_1_58' title='bbox 213 689 248 735; x_wconf 88' lang='lat' dir='ltr'><strong>est</strong></span> <span class='ocrx_word' id='word_1_59' title='bbox 265 685 441 749; x_wconf 47' lang='lat' dir='ltr'><strong>prepi-oper&amp;</strong></span> <span class='ocrx_word' id='word_1_60' title='bbox 460 682 498 736; x_wconf 82' lang='lat' dir='ltr'><strong>nel</strong></span> <span class='ocrx_word' id='word_1_61' title='bbox 515 683 569 748; x_wconf 81' lang='lat' dir='ltr'><strong>quia</strong></span> <span class='ocrx_word' id='word_1_62' title='bbox 587 698 634 735; x_wconf 91' lang='lat' dir='ltr'><strong>non</strong></span> <span class='ocrx_word' id='word_1_63' title='bbox 651 690 727 736; x_wconf 81' lang='lat' dir='ltr'><strong>cernat</strong></span> <span class='ocrx_word' id='word_1_64' title='bbox 744 688 836 737; x_wconf 87' lang='lat' dir='ltr'><strong>modum</strong></span> 
     </span>
     <span class='ocr_line' id='line_1_9' title="bbox 23 756 837 822; baseline -0.001 -12"><span class='ocrx_word' id='word_1_65' title='bbox 23 759 136 810; x_wconf 86' lang='lat' dir='ltr'><strong>debitum</strong></span> <span class='ocrx_word' id='word_1_66' title='bbox 149 758 173 806; x_wconf 92' lang='lat' dir='ltr'><strong>in</strong></span> <span class='ocrx_word' id='word_1_67' title='bbox 186 757 287 819; x_wconf 88' lang='lat' dir='ltr'><strong>edendo,</strong></span> <span class='ocrx_word' id='word_1_68' title='bbox 299 759 358 821; x_wconf 84' lang='lat' dir='ltr'><strong>quod</strong></span> <span class='ocrx_word' id='word_1_69' title='bbox 372 760 408 808; x_wconf 85' lang='lat' dir='ltr'><strong>est</strong></span> <span class='ocrx_word' id='word_1_70' title='bbox 416 757 546 808; x_wconf 74' lang='lat' dir='ltr'><strong>ardenter.</strong></span> <span class='ocrx_word' id='word_1_71' title='bbox 556 756 657 808; x_wconf 86' lang='lat' dir='ltr'><strong>isidoms</strong></span> <span class='ocrx_word' id='word_1_72' title='bbox 667 758 722 809; x_wconf 76' lang='lat' dir='ltr'><strong>iero</strong></span> <span class='ocrx_word' id='word_1_73' title='bbox 733 771 837 822; x_wconf 89' lang='lat' dir='ltr'><strong>compre-</strong></span> 
     </span>
     <span class='ocr_line' id='line_1_10' title="bbox 24 827 835 893; baseline 0.001 -13"><span class='ocrx_word' id='word_1_74' title='bbox 24 831 114 882; x_wconf 82' lang='lat' dir='ltr'><strong>hendit</strong></span> <span class='ocrx_word' id='word_1_75' title='bbox 132 828 231 893; x_wconf 89' lang='lat' dir='ltr'><strong>primum</strong></span> <span class='ocrx_word' id='word_1_76' title='bbox 246 832 270 879; x_wconf 86' lang='lat' dir='ltr'><strong>et</strong></span> <span class='ocrx_word' id='word_1_77' title='bbox 288 827 412 880; x_wconf 83' lang='lat' dir='ltr'><strong>scuundim</strong></span> <span class='ocrx_word' id='word_1_78' title='bbox 429 830 472 880; x_wconf 83' lang='lat' dir='ltr'><strong>sub</strong></span> <span class='ocrx_word' id='word_1_79' title='bbox 487 842 547 893; x_wconf 90' lang='lat' dir='ltr'><strong>uuo,</strong></span> <span class='ocrx_word' id='word_1_80' title='bbox 567 829 645 880; x_wconf 83' lang='lat' dir='ltr'><strong>dicens</strong></span> <span class='ocrx_word' id='word_1_81' title='bbox 662 830 723 893; x_wconf 84' lang='lat' dir='ltr'><strong>quod</strong></span> <span class='ocrx_word' id='word_1_82' title='bbox 742 831 835 893; x_wconf 77' lang='lat' dir='ltr'><strong>gulosus</strong></span> 
     </span>
     <span class='ocr_line' id='line_1_11' title="bbox 23 901 836 968; baseline -0.001 -14"><span class='ocrx_word' id='word_1_83' title='bbox 23 903 125 954; x_wconf 82' lang='lat' dir='ltr'><strong>excedit</strong></span> <span class='ocrx_word' id='word_1_84' title='bbox 144 902 170 952; x_wconf 87' lang='lat' dir='ltr'><strong>in</strong></span> <span class='ocrx_word' id='word_1_85' title='bbox 189 901 383 952; x_wconf 70' lang='lat' dir='ltr'><strong>dioscoridem</strong></span> <span class='ocrx_word' id='word_1_86' title='bbox 406 902 487 966; x_wconf 79' lang='lat' dir='ltr'><strong>quid,</strong></span> <span class='ocrx_word' id='word_1_87' title='bbox 506 905 647 966; x_wconf 73' lang='lat' dir='ltr'><strong>quomam,</strong></span> <span class='ocrx_word' id='word_1_88' title='bbox 667 903 793 968; x_wconf 80' lang='lat' dir='ltr'><strong>quomodo</strong></span> <span class='ocrx_word' id='word_1_89' title='bbox 809 907 836 953; x_wconf 84' lang='lat' dir='ltr'><strong>et</strong></span> 
     </span>
     <span class='ocr_line' id='line_1_12' title="bbox 25 973 144 1040; baseline -0.025 -15"><span class='ocrx_word' id='word_1_90' title='bbox 25 973 144 1040; x_wconf 78' lang='lat' dir='ltr'><strong>quando,</strong></span> 
     </span>
    </p>

    <p class='ocr_par' dir='ltr' id='par_1_3' title="bbox 26 1044 836 1470">
     <span class='ocr_line' id='line_1_13' title="bbox 60 1044 836 1112; baseline 0 -15"><span class='ocrx_word' id='word_1_91' title='bbox 60 1048 98 1097; x_wconf 80' lang='lat' dir='ltr'><strong>Ad</strong></span> <span class='ocrx_word' id='word_1_92' title='bbox 111 1045 211 1110; x_wconf 89' lang='lat' dir='ltr'><strong>primurn</strong></span> <span class='ocrx_word' id='word_1_93' title='bbox 219 1057 273 1106; x_wconf 79' lang='lat' dir='ltr'><strong>ergo</strong></span> <span class='ocrx_word' id='word_1_94' title='bbox 290 1044 410 1096; x_wconf 82' lang='lat' dir='ltr'><strong>dicendum</strong></span> <span class='ocrx_word' id='word_1_95' title='bbox 420 1083 426 1106; x_wconf 94' lang='lat'><strong><em>‚</em></strong></span> <span class='ocrx_word' id='word_1_96' title='bbox 442 1045 502 1108; x_wconf 82' lang='lat' dir='ltr'><strong>quod</strong></span> <span class='ocrx_word' id='word_1_97' title='bbox 515 1047 631 1112; x_wconf 75' lang='lat' dir='ltr'><strong>corruptio</strong></span> <span class='ocrx_word' id='word_1_98' title='bbox 644 1046 782 1097; x_wconf 82' lang='lat' dir='ltr'><strong>diuersarum</strong></span> <span class='ocrx_word' id='word_1_99' title='bbox 792 1047 836 1097; x_wconf 90' lang='lat' dir='ltr'><strong>cir·</strong></span> 
     </span>
     <span class='ocr_line' id='line_1_14' title="bbox 26 1116 835 1182; baseline 0.002 -14"><span class='ocrx_word' id='word_1_100' title='bbox 26 1117 222 1168; x_wconf 83' lang='lat' dir='ltr'><strong>cumstautiarum</strong></span> <span class='ocrx_word' id='word_1_101' title='bbox 243 1116 297 1166; x_wconf 86' lang='lat' dir='ltr'><strong>iacit</strong></span> <span class='ocrx_word' id='word_1_102' title='bbox 319 1117 421 1167; x_wconf 84' lang='lat' dir='ltr'><strong>diverses</strong></span> <span class='ocrx_word' id='word_1_103' title='bbox 441 1117 531 1180; x_wconf 83' lang='lat' dir='ltr'><strong>species</strong></span> <span class='ocrx_word' id='word_1_104' title='bbox 548 1120 620 1180; x_wconf 71' lang='lat' dir='ltr'><strong>guiae,</strong></span> <span class='ocrx_word' id='word_1_105' title='bbox 634 1126 726 1182; x_wconf 83' lang='lat' dir='ltr'><strong>propter</strong></span> <span class='ocrx_word' id='word_1_106' title='bbox 746 1117 835 1170; x_wconf 83' lang='lat' dir='ltr'><strong>diversa</strong></span> 
     </span>
     <span class='ocr_line' id='line_1_15' title="bbox 28 1189 836 1252; baseline -0.002 -9"><span class='ocrx_word' id='word_1_107' title='bbox 28 1191 120 1242; x_wconf 87' lang='lat' dir='ltr'><strong>motiva</strong></span> <span class='ocrx_word' id='word_1_108' title='bbox 130 1203 159 1240; x_wconf 85' lang='lat' dir='ltr'><strong>ex</strong></span> <span class='ocrx_word' id='word_1_109' title='bbox 170 1189 252 1252; x_wconf 86' lang='lat' dir='ltr'><strong>quibus</strong></span> <span class='ocrx_word' id='word_1_110' title='bbox 265 1189 382 1239; x_wconf 90' lang='lat' dir='ltr'><strong>morutium</strong></span> <span class='ocrx_word' id='word_1_111' title='bbox 393 1189 484 1252; x_wconf 78' lang='lat' dir='ltr'><strong>specics</strong></span> <span class='ocrx_word' id='word_1_112' title='bbox 497 1190 721 1241; x_wconf 64' lang='lat' dir='ltr'><strong>diversissimum</strong></span> <span class='ocrx_word' id='word_1_113' title='bbox 734 1204 762 1242; x_wconf 90' lang='lat' dir='ltr'><strong>eo</strong></span> <span class='ocrx_word' id='word_1_114' title='bbox 773 1192 836 1242; x_wconf 85' lang='lat' dir='ltr'><strong>enim</strong></span> 
     </span>
     <span class='ocr_line' id='line_1_16' title="bbox 27 1259 834 1327; baseline 0 -14"><span class='ocrx_word' id='word_1_115' title='bbox 27 1265 69 1327; x_wconf 88' lang='lat' dir='ltr'><strong>qui</strong></span> <span class='ocrx_word' id='word_1_116' title='bbox 81 1261 165 1326; x_wconf 79' lang='lat' dir='ltr'><strong>quaerit</strong></span> <span class='ocrx_word' id='word_1_117' title='bbox 175 1261 333 1323; x_wconf 72' lang='lat' dir='ltr'><strong>laudensibus,</strong></span> <span class='ocrx_word' id='word_1_118' title='bbox 344 1259 456 1310; x_wconf 77' lang='lat' dir='ltr'><strong>ordietur</strong></span> <span class='ocrx_word' id='word_1_119' title='bbox 465 1260 647 1326; x_wconf 79' lang='lat' dir='ltr'><strong>concupiscentia</strong></span> <span class='ocrx_word' id='word_1_120' title='bbox 656 1275 685 1313; x_wconf 83' lang='lat' dir='ltr'><strong>ex</strong></span> <span class='ocrx_word' id='word_1_121' title='bbox 695 1263 745 1327; x_wconf 84' lang='lat' dir='ltr'><strong>ipsa</strong></span> <span class='ocrx_word' id='word_1_122' title='bbox 756 1262 834 1327; x_wconf 85' lang='lat' dir='ltr'><strong>specie</strong></span> 
     </span>
     <span class='ocr_line' id='line_1_17' title="bbox 26 1332 835 1399; baseline 0 -15"><span class='ocrx_word' id='word_1_123' title='bbox 26 1335 83 1384; x_wconf 86' lang='lat' dir='ltr'><strong>cibi.</strong></span> <span class='ocrx_word' id='word_1_124' title='bbox 100 1335 129 1384; x_wconf 87' lang='lat' dir='ltr'><strong>in</strong></span> <span class='ocrx_word' id='word_1_125' title='bbox 142 1345 171 1384; x_wconf 86' lang='lat' dir='ltr'><strong>eo</strong></span> <span class='ocrx_word' id='word_1_126' title='bbox 184 1332 239 1382; x_wconf 80' lang='lat' dir='ltr'><strong>uero</strong></span> <span class='ocrx_word' id='word_1_127' title='bbox 247 1333 286 1395; x_wconf 87' lang='lat' dir='ltr'><strong>qui</strong></span> <span class='ocrx_word' id='word_1_128' title='bbox 298 1337 441 1398; x_wconf 75' lang='lat' dir='ltr'><strong>preoccupat</strong></span> <span class='ocrx_word' id='word_1_129' title='bbox 449 1335 549 1396; x_wconf 84' lang='lat' dir='ltr'><strong>tempus,</strong></span> <span class='ocrx_word' id='word_1_130' title='bbox 559 1334 705 1383; x_wconf 82' lang='lat' dir='ltr'><strong>deordiuutur</strong></span> <span class='ocrx_word' id='word_1_131' title='bbox 716 1334 835 1399; x_wconf 69' lang='lat' dir='ltr'><strong>conscupis-</strong></span> 
     </span>
     <span class='ocr_line' id='line_1_18' title="bbox 28 1403 786 1470; baseline 0 -14"><span class='ocrx_word' id='word_1_132' title='bbox 28 1407 108 1457; x_wconf 83' lang='lat' dir='ltr'><strong>centia</strong></span> <span class='ocrx_word' id='word_1_133' title='bbox 120 1408 215 1470; x_wconf 86' lang='lat' dir='ltr'><strong>propter</strong></span> <span class='ocrx_word' id='word_1_134' title='bbox 228 1403 393 1468; x_wconf 82' lang='lat' dir='ltr'><strong>impatientiam</strong></span> <span class='ocrx_word' id='word_1_135' title='bbox 406 1417 482 1454; x_wconf 81' lang='lat' dir='ltr'><strong>moran.</strong></span> <span class='ocrx_word' id='word_1_136' title='bbox 493 1406 521 1454; x_wconf 79' lang='lat' dir='ltr'><strong>iit</strong></span> <span class='ocrx_word' id='word_1_137' title='bbox 537 1404 599 1455; x_wconf 85' lang='lat' dir='ltr'><strong>idem</strong></span> <span class='ocrx_word' id='word_1_138' title='bbox 609 1409 673 1470; x_wconf 85' lang='lat' dir='ltr'><strong>patet</strong></span> <span class='ocrx_word' id='word_1_139' title='bbox 687 1406 713 1455; x_wconf 91' lang='lat' dir='ltr'><strong>in</strong></span> <span class='ocrx_word' id='word_1_140' title='bbox 726 1405 786 1456; x_wconf 87' lang='lat' dir='ltr'><strong>aliis.</strong></span> 
     </span>
    </p>

    <p class='ocr_par' dir='ltr' id='par_1_4' title="bbox 26 1475 836 1688">
     <span class='ocr_line' id='line_1_19' title="bbox 61 1475 836 1539; baseline -0.001 -8"><span class='ocrx_word' id='word_1_141' title='bbox 61 1480 96 1532; x_wconf 80' lang='lat' dir='ltr'><strong>Ad</strong></span> <span class='ocrx_word' id='word_1_142' title='bbox 110 1475 238 1528; x_wconf 81' lang='lat' dir='ltr'><strong>secundum</strong></span> <span class='ocrx_word' id='word_1_143' title='bbox 256 1477 390 1535; x_wconf 82' lang='lat' dir='ltr'><strong>dicendum,</strong></span> <span class='ocrx_word' id='word_1_144' title='bbox 407 1476 468 1539; x_wconf 85' lang='lat' dir='ltr'><strong>quod</strong></span> <span class='ocrx_word' id='word_1_145' title='bbox 482 1477 508 1527; x_wconf 91' lang='lat' dir='ltr'><strong>io</strong></span> <span class='ocrx_word' id='word_1_146' title='bbox 521 1477 570 1528; x_wconf 82' lang='lat' dir='ltr'><strong>ioco</strong></span> <span class='ocrx_word' id='word_1_147' title='bbox 590 1482 614 1528; x_wconf 88' lang='lat' dir='ltr'><strong>et</strong></span> <span class='ocrx_word' id='word_1_148' title='bbox 628 1478 653 1528; x_wconf 93' lang='lat' dir='ltr'><strong>in</strong></span> <span class='ocrx_word' id='word_1_149' title='bbox 669 1478 721 1530; x_wconf 82' lang='lat' dir='ltr'><strong>aiiii</strong></span> <span class='ocrx_word' id='word_1_150' title='bbox 739 1479 836 1530; x_wconf 86' lang='lat' dir='ltr'><strong>circum·</strong></span> 
     </span>
     <span class='ocr_line' id='line_1_20' title="bbox 26 1548 835 1615; baseline 0.001 -14"><span class='ocrx_word' id='word_1_151' title='bbox 26 1551 121 1602; x_wconf 89' lang='lat' dir='ltr'><strong>stantiis</strong></span> <span class='ocrx_word' id='word_1_152' title='bbox 140 1563 186 1600; x_wconf 88' lang='lat' dir='ltr'><strong>uon</strong></span> <span class='ocrx_word' id='word_1_153' title='bbox 203 1549 322 1600; x_wconf 81' lang='lat' dir='ltr'><strong>invenitur</strong></span> <span class='ocrx_word' id='word_1_154' title='bbox 337 1548 397 1599; x_wconf 88' lang='lat' dir='ltr'><strong>aliud</strong></span> <span class='ocrx_word' id='word_1_155' title='bbox 419 1550 527 1600; x_wconf 83' lang='lat' dir='ltr'><strong>ditiorem</strong></span> <span class='ocrx_word' id='word_1_156' title='bbox 547 1549 657 1601; x_wconf 85' lang='lat' dir='ltr'><strong>motivum</strong></span> <span class='ocrx_word' id='word_1_157' title='bbox 673 1551 791 1615; x_wconf 82' lang='lat' dir='ltr'><strong>pertinens</strong></span> <span class='ocrx_word' id='word_1_158' title='bbox 806 1551 835 1602; x_wconf 88' lang='lat' dir='ltr'><strong>ad</strong></span> 
     </span>
     <span class='ocr_line' id='line_1_21' title="bbox 27 1621 604 1688; baseline -0.003 -14"><span class='ocrx_word' id='word_1_159' title='bbox 27 1637 97 1676; x_wconf 88' lang='lat' dir='ltr'><strong>usum</strong></span> <span class='ocrx_word' id='word_1_160' title='bbox 112 1623 173 1685; x_wconf 87' lang='lat' dir='ltr'><strong>cibi,</strong></span> <span class='ocrx_word' id='word_1_161' title='bbox 188 1621 247 1684; x_wconf 85' lang='lat' dir='ltr'><strong>quod</strong></span> <span class='ocrx_word' id='word_1_162' title='bbox 261 1621 333 1672; x_wconf 84' lang='lat' dir='ltr'><strong>iaciat</strong></span> <span class='ocrx_word' id='word_1_163' title='bbox 347 1622 413 1671; x_wconf 86' lang='lat' dir='ltr'><strong>atium</strong></span> <span class='ocrx_word' id='word_1_164' title='bbox 428 1623 528 1688; x_wconf 86' lang='lat' dir='ltr'><strong>speciem</strong></span> <span class='ocrx_word' id='word_1_165' title='bbox 537 1622 604 1686; x_wconf 76' lang='lat' dir='ltr'><strong>gule.</strong></span> 
     </span>
    </p>

    <p class='ocr_par' dir='ltr' id='par_1_5' title="bbox 27 1693 835 2047">
     <span class='ocr_line' id='line_1_22' title="bbox 61 1693 835 1759; baseline 0 -13"><span class='ocrx_word' id='word_1_166' title='bbox 61 1696 98 1746; x_wconf 80' lang='lat' dir='ltr'><strong>dd</strong></span> <span class='ocrx_word' id='word_1_167' title='bbox 109 1693 202 1746; x_wconf 82' lang='lat' dir='ltr'><strong>tertium</strong></span> <span class='ocrx_word' id='word_1_168' title='bbox 217 1693 350 1754; x_wconf 89' lang='lat' dir='ltr'><strong>dicendum,</strong></span> <span class='ocrx_word' id='word_1_169' title='bbox 365 1693 427 1756; x_wconf 83' lang='lat' dir='ltr'><strong>quid</strong></span> <span class='ocrx_word' id='word_1_170' title='bbox 441 1694 466 1743; x_wconf 93' lang='lat' dir='ltr'><strong>in</strong></span> <span class='ocrx_word' id='word_1_171' title='bbox 478 1693 657 1759; x_wconf 81' lang='lat' dir='ltr'><strong>quibuscumque</strong></span> <span class='ocrx_word' id='word_1_172' title='bbox 669 1695 719 1746; x_wconf 84' lang='lat' dir='ltr'><strong>aliis</strong></span> <span class='ocrx_word' id='word_1_173' title='bbox 728 1695 791 1746; x_wconf 82' lang='lat' dir='ltr'><strong>uitiis</strong></span> <span class='ocrx_word' id='word_1_174' title='bbox 802 1695 835 1746; x_wconf 88' lang='lat' dir='ltr'><strong>di·</strong></span> 
     </span>
     <span class='ocr_line' id='line_1_23' title="bbox 29 1765 835 1832; baseline 0.001 -16"><span class='ocrx_word' id='word_1_175' title='bbox 29 1781 104 1818; x_wconf 83' lang='lat' dir='ltr'><strong>vorsae</strong></span> <span class='ocrx_word' id='word_1_176' title='bbox 119 1765 295 1816; x_wconf 80' lang='lat' dir='ltr'><strong>circumstantiae</strong></span> <span class='ocrx_word' id='word_1_177' title='bbox 316 1765 401 1814; x_wconf 86' lang='lat' dir='ltr'><strong>habeut</strong></span> <span class='ocrx_word' id='word_1_178' title='bbox 419 1765 510 1815; x_wconf 86' lang='lat' dir='ltr'><strong>diversa</strong></span> <span class='ocrx_word' id='word_1_179' title='bbox 531 1766 628 1829; x_wconf 84' lang='lat' dir='ltr'><strong>motiva,</strong></span> <span class='ocrx_word' id='word_1_180' title='bbox 649 1771 738 1830; x_wconf 82' lang='lat' dir='ltr'><strong>oportet</strong></span> <span class='ocrx_word' id='word_1_181' title='bbox 762 1767 835 1832; x_wconf 81' lang='lat' dir='ltr'><strong>accipi</strong></span> 
     </span>
     <span class='ocr_line' id='line_1_24' title="bbox 28 1836 834 1900; baseline 0 -12"><span class='ocrx_word' id='word_1_182' title='bbox 28 1839 135 1888; x_wconf 82' lang='lat' dir='ltr'><strong>diuersas</strong></span> <span class='ocrx_word' id='word_1_183' title='bbox 150 1836 239 1900; x_wconf 85' lang='lat' dir='ltr'><strong>species</strong></span> <span class='ocrx_word' id='word_1_184' title='bbox 255 1836 359 1886; x_wconf 85' lang='lat' dir='ltr'><strong>uitiorum</strong></span> <span class='ocrx_word' id='word_1_185' title='bbox 379 1836 503 1886; x_wconf 78' lang='lat' dir='ltr'><strong>secundum</strong></span> <span class='ocrx_word' id='word_1_186' title='bbox 526 1836 628 1887; x_wconf 85' lang='lat' dir='ltr'><strong>diversas</strong></span> <span class='ocrx_word' id='word_1_187' title='bbox 644 1838 834 1889; x_wconf 83' lang='lat' dir='ltr'><strong>circumstantias.</strong></span> 
     </span>
     <span class='ocr_line' id='line_1_25' title="bbox 28 1907 833 1974; baseline 0.001 -16"><span class='ocrx_word' id='word_1_188' title='bbox 28 1909 75 1960; x_wconf 82' lang='lat' dir='ltr'><strong>Sed</strong></span> <span class='ocrx_word' id='word_1_189' title='bbox 85 1911 130 1960; x_wconf 78' lang='lat' dir='ltr'><strong>hnc</strong></span> <span class='ocrx_word' id='word_1_190' title='bbox 147 1921 193 1958; x_wconf 89' lang='lat' dir='ltr'><strong>non</strong></span> <span class='ocrx_word' id='word_1_191' title='bbox 207 1907 317 1970; x_wconf 77' lang='lat' dir='ltr'><strong>contingit</strong></span> <span class='ocrx_word' id='word_1_192' title='bbox 331 1907 355 1956; x_wconf 93' lang='lat' dir='ltr'><strong>iu</strong></span> <span class='ocrx_word' id='word_1_193' title='bbox 364 1907 482 1968; x_wconf 82' lang='lat' dir='ltr'><strong>cronium,</strong></span> <span class='ocrx_word' id='word_1_194' title='bbox 498 1908 603 1974; x_wconf 76' lang='lat' dir='ltr'><strong>utsupra</strong></span> <span class='ocrx_word' id='word_1_195' title='bbox 612 1909 697 1959; x_wconf 87' lang='lat' dir='ltr'><strong>dictum</strong></span> <span class='ocrx_word' id='word_1_196' title='bbox 711 1915 747 1961; x_wconf 81' lang='lat' dir='ltr'><strong>ost</strong></span> <span class='ocrx_word' id='word_1_197' title='bbox 756 1910 766 1974; x_wconf 90' lang='lat'>(</span> <span class='ocrx_word' id='word_1_198' title='bbox 775 1913 798 1972; x_wconf 86' lang='grc'><strong>1,</strong></span> <span class='ocrx_word' id='word_1_199' title='bbox 807 1913 833 1974; x_wconf 77' lang='grc'><strong>1,</strong></span> 
     </span>
     <span class='ocr_line' id='line_1_26' title="bbox 27 1981 245 2047; baseline -0.018 -15"><span class='ocrx_word' id='word_1_200' title='bbox 27 1981 245 2047; x_wconf 39' lang='lat' dir='ltr'><strong>mmm&amp;</strong></span> 
     </span>
    </p>
   </div>
   <div class='ocr_carea' id='block_1_3' title="bbox 324 2084 529 2136">
    <p class='ocr_par' dir='ltr' id='par_1_6' title="bbox 324 2084 529 2136">
     <span class='ocr_line' id='line_1_27' title="bbox 324 2084 529 2136; baseline -0.01 0"><span class='ocrx_word' id='word_1_201' title='bbox 324 2084 483 2136; x_wconf 78' lang='lat' dir='ltr'>ARTICULUS</span> <span class='ocrx_word' id='word_1_202' title='bbox 499 2086 529 2135; x_wconf 83' lang='lat' dir='ltr'><strong>V.</strong></span> 
     </span>
    </p>
   </div>
   <div class='ocr_carea' id='block_1_4' title="bbox 223 2211 655 2268">
    <p class='ocr_par' dir='ltr' id='par_1_7' title="bbox 223 2211 655 2268">
     <span class='ocr_line' id='line_1_28' title="bbox 223 2211 655 2268; baseline 0 -12"><span class='ocrx_word' id='word_1_203' title='bbox 223 2211 308 2256; x_wconf 79' lang='lat' dir='ltr'><strong>Uirium</strong></span> <span class='ocrx_word' id='word_1_204' title='bbox 322 2211 527 2268; x_wconf 71' lang='lat' dir='ltr'><strong>potentatuum</strong></span> <span class='ocrx_word' id='word_1_205' title='bbox 542 2212 655 2268; x_wconf 77' lang='lat' dir='ltr'><strong>capitote,</strong></span> 
     </span>
    </p>
   </div>
   <div class='ocr_carea' id='block_1_5' title="bbox 30 2337 835 2763">
    <p class='ocr_par' dir='ltr' id='par_1_8' title="bbox 30 2337 835 2763">
     <span class='ocr_line' id='line_1_29' title="bbox 63 2337 835 2404; baseline -0.008 -10"><span class='ocrx_word' id='word_1_206' title='bbox 63 2338 216 2404; x_wconf 70' lang='lat' dir='ltr'><strong>anduinum</strong></span> <span class='ocrx_word' id='word_1_207' title='bbox 235 2338 269 2389; x_wconf 86' lang='lat' dir='ltr'><strong>sic</strong></span> <span class='ocrx_word' id='word_1_208' title='bbox 289 2337 419 2404; x_wconf 81' lang='lat' dir='ltr'><strong>proceditur</strong></span> <span class='ocrx_word' id='word_1_209' title='bbox 429 2339 473 2402; x_wconf 83' lang='grc'><strong>(1),</strong></span> <span class='ocrx_word' id='word_1_210' title='bbox 492 2337 586 2388; x_wconf 87' lang='lat' dir='ltr'><strong>Videtur</strong></span> <span class='ocrx_word' id='word_1_211' title='bbox 599 2337 659 2402; x_wconf 79' lang='lat' dir='ltr'><strong>qnod</strong></span> <span class='ocrx_word' id='word_1_212' title='bbox 680 2337 731 2401; x_wconf 75' lang='lat' dir='ltr'><strong>guia</strong></span> <span class='ocrx_word' id='word_1_213' title='bbox 744 2350 791 2388; x_wconf 88' lang='lat' dir='ltr'><strong>nou</strong></span> <span class='ocrx_word' id='word_1_214' title='bbox 804 2337 835 2388; x_wconf 84' lang='lat' dir='ltr'><strong>sit</strong></span> 
     </span>
     <span class='ocr_line' id='line_1_30' title="bbox 31 2409 830 2478; baseline -0.005 -13"><span class='ocrx_word' id='word_1_215' title='bbox 31 2413 113 2466; x_wconf 83' lang='lat' dir='ltr'><strong>uitium</strong></span> <span class='ocrx_word' id='word_1_216' title='bbox 127 2411 231 2478; x_wconf 87' lang='lat' dir='ltr'><strong>capitale.</strong></span> <span class='ocrx_word' id='word_1_217' title='bbox 247 2410 308 2460; x_wconf 82' lang='lat' dir='ltr'><strong>vitia</strong></span> <span class='ocrx_word' id='word_1_218' title='bbox 325 2410 386 2460; x_wconf 86' lang='lat' dir='ltr'><strong>enim</strong></span> <span class='ocrx_word' id='word_1_219' title='bbox 399 2409 505 2474; x_wconf 86' lang='lat' dir='ltr'><strong>capitatia</strong></span> <span class='ocrx_word' id='word_1_220' title='bbox 516 2409 628 2468; x_wconf 88' lang='lat' dir='ltr'><strong>dicuntur,</strong></span> <span class='ocrx_word' id='word_1_221' title='bbox 642 2422 671 2460; x_wconf 84' lang='lat' dir='ltr'><strong>ex</strong></span> <span class='ocrx_word' id='word_1_222' title='bbox 684 2409 767 2474; x_wconf 85' lang='lat' dir='ltr'><strong>quibus</strong></span> <span class='ocrx_word' id='word_1_223' title='bbox 786 2411 830 2461; x_wconf 83' lang='lat' dir='ltr'><strong>adia</strong></span> 
     </span>
     <span class='ocr_line' id='line_1_31' title="bbox 31 2481 834 2539; baseline -0.005 -1"><span class='ocrx_word' id='word_1_224' title='bbox 31 2487 134 2539; x_wconf 85' lang='lat' dir='ltr'><strong>oriuntur</strong></span> <span class='ocrx_word' id='word_1_225' title='bbox 152 2481 277 2535; x_wconf 72' lang='lat' dir='ltr'><strong>seeundum</strong></span> <span class='ocrx_word' id='word_1_226' title='bbox 297 2482 406 2534; x_wconf 86' lang='lat' dir='ltr'><strong>rationem</strong></span> <span class='ocrx_word' id='word_1_227' title='bbox 429 2483 603 2534; x_wconf 76' lang='lat' dir='ltr'><strong>muscipulis.</strong></span> <span class='ocrx_word' id='word_1_228' title='bbox 626 2482 672 2533; x_wconf 81' lang='lat' dir='ltr'><strong>Sed</strong></span> <span class='ocrx_word' id='word_1_229' title='bbox 691 2483 756 2532; x_wconf 85' lang='lat' dir='ltr'><strong>cibus</strong></span> <span class='ocrx_word' id='word_1_230' title='bbox 773 2483 834 2534; x_wconf 80' lang='lat' dir='ltr'><strong>circa</strong></span> 
     </span>
     <span class='ocr_line' id='line_1_32' title="bbox 30 2553 834 2622; baseline -0.006 -13"><span class='ocrx_word' id='word_1_231' title='bbox 30 2571 99 2622; x_wconf 85' lang='lat' dir='ltr'><strong>quem</strong></span> <span class='ocrx_word' id='word_1_232' title='bbox 114 2560 149 2608; x_wconf 87' lang='lat' dir='ltr'><strong>est</strong></span> <span class='ocrx_word' id='word_1_233' title='bbox 165 2555 229 2620; x_wconf 80' lang='lat' dir='ltr'><strong>gnta,</strong></span> <span class='ocrx_word' id='word_1_234' title='bbox 243 2555 369 2606; x_wconf 85' lang='lat' dir='ltr'><strong>nonhabet</strong></span> <span class='ocrx_word' id='word_1_235' title='bbox 383 2553 494 2605; x_wconf 88' lang='lat' dir='ltr'><strong>rationem</strong></span> <span class='ocrx_word' id='word_1_236' title='bbox 511 2555 583 2604; x_wconf 83' lang='lat' dir='ltr'><strong>duis:</strong></span> <span class='ocrx_word' id='word_1_237' title='bbox 599 2567 646 2604; x_wconf 88' lang='lat' dir='ltr'><strong>nou</strong></span> <span class='ocrx_word' id='word_1_238' title='bbox 667 2554 728 2604; x_wconf 86' lang='lat' dir='ltr'><strong>euim</strong></span> <span class='ocrx_word' id='word_1_239' title='bbox 742 2559 834 2619; x_wconf 85' lang='lat' dir='ltr'><strong>propter</strong></span> 
     </span>
     <span class='ocr_line' id='line_1_33' title="bbox 32 2625 832 2694; baseline -0.009 -12"><span class='ocrx_word' id='word_1_240' title='bbox 32 2645 57 2682; x_wconf 86' lang='lat' dir='ltr'><strong>se</strong></span> <span class='ocrx_word' id='word_1_241' title='bbox 72 2628 191 2694; x_wconf 82' lang='lat' dir='ltr'><strong>quaritur,</strong></span> <span class='ocrx_word' id='word_1_242' title='bbox 202 2627 243 2678; x_wconf 85' lang='lat' dir='ltr'><strong>sed</strong></span> <span class='ocrx_word' id='word_1_243' title='bbox 258 2629 350 2690; x_wconf 84' lang='lat' dir='ltr'><strong>propter</strong></span> <span class='ocrx_word' id='word_1_244' title='bbox 367 2625 466 2690; x_wconf 88' lang='lat' dir='ltr'><strong>corporis</strong></span> <span class='ocrx_word' id='word_1_245' title='bbox 482 2625 637 2676; x_wconf 86' lang='lat' dir='ltr'><strong>nutritionem.</strong></span> <span class='ocrx_word' id='word_1_246' title='bbox 648 2627 707 2689; x_wconf 80' lang='lat' dir='ltr'><strong>Ergo</strong></span> <span class='ocrx_word' id='word_1_247' title='bbox 718 2626 770 2690; x_wconf 79' lang='lat' dir='ltr'><strong>gula</strong></span> <span class='ocrx_word' id='word_1_248' title='bbox 786 2639 832 2677; x_wconf 91' lang='lat' dir='ltr'><strong>nou</strong></span> 
     </span>
     <span class='ocr_line' id='line_1_34' title="bbox 32 2699 281 2763; baseline -0.024 -8"><span class='ocrx_word' id='word_1_249' title='bbox 32 2716 68 2754; x_wconf 82' lang='lat' dir='ltr'><strong>esu</strong></span> <span class='ocrx_word' id='word_1_250' title='bbox 78 2701 162 2754; x_wconf 83' lang='lat' dir='ltr'><strong>uitium</strong></span> <span class='ocrx_word' id='word_1_251' title='bbox 176 2699 281 2763; x_wconf 82' lang='lat' dir='ltr'><strong>capitale.</strong></span> 
     </span>
    </p>
   </div>
   <div class='ocr_carea' id='block_1_6' title="bbox 33 2850 828 2980">
    <p class='ocr_par' dir='ltr' id='par_1_9' title="bbox 33 2850 828 2980">
     <span class='ocr_line' id='line_1_35' title="bbox 65 2850 828 2922; baseline -0.008 -18"><span class='ocrx_word' id='word_1_252' title='bbox 65 2855 102 2922; x_wconf 83' lang='lat'><strong>(1)</strong></span> <span class='ocrx_word' id='word_1_253' title='bbox 117 2855 274 2902; x_wconf 81' lang='lat' dir='ltr'><strong>Dehinetium</strong></span> <span class='ocrx_word' id='word_1_254' title='bbox 285 2852 363 2913; x_wconf 78' lang='lat' dir='ltr'><strong>qo.u,</strong></span> <span class='ocrx_word' id='word_1_255' title='bbox 377 2852 406 2905; x_wconf 81' lang='lat' dir='ltr'><strong>de</strong></span> <span class='ocrx_word' id='word_1_256' title='bbox 417 2853 489 2912; x_wconf 84' lang='lat' dir='ltr'><strong>mato,</strong></span> <span class='ocrx_word' id='word_1_257' title='bbox 503 2857 549 2900; x_wconf 78' lang='lat' dir='ltr'><strong>ert.</strong></span> <span class='ocrx_word' id='word_1_258' title='bbox 563 2850 591 2908; x_wconf 84' lang='lat'><strong>1;</strong></span> <span class='ocrx_word' id='word_1_259' title='bbox 604 2857 628 2898; x_wconf 81' lang='lat' dir='ltr'><strong>ct</strong></span> <span class='ocrx_word' id='word_1_260' title='bbox 639 2866 679 2911; x_wconf 82' lang='lat' dir='ltr'><strong>qu.</strong></span> <span class='ocrx_word' id='word_1_261' title='bbox 690 2852 730 2914; x_wconf 77' lang='lat'><strong>13,</strong></span> <span class='ocrx_word' id='word_1_262' title='bbox 744 2859 788 2900; x_wconf 79' lang='lat' dir='ltr'><strong>ert.</strong></span> <span class='ocrx_word' id='word_1_263' title='bbox 801 2853 828 2909; x_wconf 62' lang='grc' dir='ltr'><strong>ὃς</strong></span> 
     </span>
     <span class='ocr_line' id='line_1_36' title="bbox 33 2916 254 2980; baseline -0.032 -11"><span class='ocrx_word' id='word_1_264' title='bbox 33 2929 55 2970; x_wconf 87' lang='lat' dir='ltr'><strong>et</strong></span> <span class='ocrx_word' id='word_1_265' title='bbox 65 2935 107 2980; x_wconf 89' lang='lat' dir='ltr'><strong>qu.</strong></span> <span class='ocrx_word' id='word_1_266' title='bbox 120 2919 160 2979; x_wconf 79' lang='lat' dir='ltr'><strong>tt,</strong></span> <span class='ocrx_word' id='word_1_267' title='bbox 171 2923 215 2966; x_wconf 76' lang='lat' dir='ltr'><strong>art.</strong></span> <span class='ocrx_word' id='word_1_268' title='bbox 229 2916 254 2963; x_wconf 73' lang='grc' dir='ltr'><strong>Ᾰ.</strong></span> 
     </span>
    </p>
   </div>
   <div class='ocr_carea' id='block_1_7' title="bbox 0 0 975 3284">
    <p class='ocr_par' dir='ltr' id='par_1_10' title="bbox 0 0 975 3284">
     <span class='ocr_line' id='line_1_37' title="bbox 0 0 975 3284; baseline 0 0"><span class='ocrx_word' id='word_1_269' title='bbox 0 0 975 3284; x_wconf 95' lang='lat' dir='ltr'><strong> </strong></span> 
     </span>
    </p>
   </div>
  </div>
 </body>
</html>
