<?xml version="1.0" encoding="UTF-8"?>
<!DOCTYPE html PUBLIC "-//W3C//DTD XHTML 1.0 Transitional//EN"
    "http://www.w3.org/TR/xhtml1/DTD/xhtml1-transitional.dtd">
<html xmlns="http://www.w3.org/1999/xhtml" xml:lang="en" lang="en">
 <head>
  <title>
</title>
<meta http-equiv="Content-Type" content="text/html;charset=utf-8" />
  <meta name='ocr-system' content='tesseract 3.04.00' />
  <meta name='ocr-capabilities' content='ocr_page ocr_carea ocr_par ocr_line ocrx_word'/>
</head>
<body>
  <div class='ocr_page' id='page_1' title='image "./summatheologica05nicogoog_0549.png"; bbox 0 0 1934 3284; ppageno 0'>
   <div class='ocr_carea' id='block_1_1' title="bbox 127 128 822 220">
    <p class='ocr_par' dir='ltr' id='par_1_1' title="bbox 127 128 822 220">
     <span class='ocr_line' id='line_1_1' title="bbox 127 128 822 220; baseline -0.004 -11"><span class='ocrx_word' id='word_1_1' title='bbox 127 159 177 209; x_wconf 70' lang='lat' dir='ltr'><strong>tto</strong></span> <span class='ocrx_word' id='word_1_2' title='bbox 228 168 339 208; x_wconf 75' lang='lat' dir='ltr'><strong>sucum</strong></span> <span class='ocrx_word' id='word_1_3' title='bbox 356 128 484 220; x_wconf 63' lang='lat' dir='ltr'><strong>m,</strong></span> <span class='ocrx_word' id='word_1_4' title='bbox 497 166 588 217; x_wconf 76' lang='lat' dir='ltr'><strong>cum.</strong></span> <span class='ocrx_word' id='word_1_5' title='bbox 604 165 706 220; x_wconf 80' lang='lat' dir='ltr'><strong>cmvi,</strong></span> <span class='ocrx_word' id='word_1_6' title='bbox 721 166 777 207; x_wconf 79' lang='lat' dir='ltr'><strong>m.</strong></span> <span class='ocrx_word' id='word_1_7' title='bbox 794 168 822 207; x_wconf 82' lang='grc' dir='ltr'><strong>ιι.</strong></span> 
     </span>
    </p>
   </div>
   <div class='ocr_carea' id='block_1_2' title="bbox 101 243 948 2890">
    <p class='ocr_par' dir='ltr' id='par_1_2' title="bbox 125 243 932 382">
     <span class='ocr_line' id='line_1_2' title="bbox 125 243 932 311; baseline 0.005 -12"><span class='ocrx_word' id='word_1_8' title='bbox 125 243 305 311; x_wconf 81' lang='lat' dir='ltr'><strong>tempermtiut</strong></span> <span class='ocrx_word' id='word_1_9' title='bbox 326 243 454 310; x_wconf 74' lang='lat' dir='ltr'><strong>majoricus</strong></span> <span class='ocrx_word' id='word_1_10' title='bbox 474 244 644 310; x_wconf 70' lang='lat' dir='ltr'><strong>inpedimentis</strong></span> <span class='ocrx_word' id='word_1_11' title='bbox 657 244 811 309; x_wconf 83' lang='lat' dir='ltr'><strong>retrudunt),</strong></span> <span class='ocrx_word' id='word_1_12' title='bbox 830 246 932 303; x_wconf 88' lang='lat' dir='ltr'><strong>nonest</strong></span> 
     </span>
     <span class='ocr_line' id='line_1_3' title="bbox 125 315 516 382; baseline 0.003 -14"><span class='ocrx_word' id='word_1_13' title='bbox 125 315 228 368; x_wconf 79' lang='lat' dir='ltr'><strong>omnium</strong></span> <span class='ocrx_word' id='word_1_14' title='bbox 242 316 353 368; x_wconf 64' lang='lat' dir='ltr'><strong>menn</strong></span> <span class='ocrx_word' id='word_1_15' title='bbox 371 316 516 382; x_wconf 83' lang='lat' dir='ltr'><strong>potissim.)</strong></span> 
     </span>
    </p>

    <p class='ocr_par' dir='ltr' id='par_1_3' title="bbox 101 386 948 1803">
     <span class='ocr_line' id='line_1_4' title="bbox 155 386 929 453; baseline 0.004 -15"><span class='ocrx_word' id='word_1_16' title='bbox 155 388 291 452; x_wconf 65' lang='lat' dir='ltr'><strong>despondeo</strong></span> <span class='ocrx_word' id='word_1_17' title='bbox 306 388 441 446; x_wconf 85' lang='lat' dir='ltr'><strong>dicendum,</strong></span> <span class='ocrx_word' id='word_1_18' title='bbox 456 386 516 453; x_wconf 79' lang='lat' dir='ltr'><strong>qued</strong></span> <span class='ocrx_word' id='word_1_19' title='bbox 531 388 628 439; x_wconf 84' lang='lat' dir='ltr'><strong>virtutes</strong></span> <span class='ocrx_word' id='word_1_20' title='bbox 639 387 764 441; x_wconf 81' lang='lat' dir='ltr'><strong>secuudium</strong></span> <span class='ocrx_word' id='word_1_21' title='bbox 779 400 846 441; x_wconf 78' lang='lat' dir='ltr'><strong>suam</strong></span> <span class='ocrx_word' id='word_1_22' title='bbox 858 391 929 441; x_wconf 87' lang='lat' dir='ltr'><strong>ratio-</strong></span> 
     </span>
     <span class='ocr_line' id='line_1_5' title="bbox 124 459 927 527; baseline 0.002 -18"><span class='ocrx_word' id='word_1_23' title='bbox 124 471 177 510; x_wconf 88' lang='lat' dir='ltr'><strong>nem</strong></span> <span class='ocrx_word' id='word_1_24' title='bbox 192 459 323 511; x_wconf 74' lang='lat' dir='ltr'><strong>ordinantur</strong></span> <span class='ocrx_word' id='word_1_25' title='bbox 334 461 364 511; x_wconf 85' lang='lat' dir='ltr'><strong>ud</strong></span> <span class='ocrx_word' id='word_1_26' title='bbox 375 459 470 513; x_wconf 75' lang='lat' dir='ltr'><strong>houm</strong></span> <span class='ocrx_word' id='word_1_27' title='bbox 481 460 523 511; x_wconf 82' lang='lat' dir='ltr'><strong>Est</strong></span> <span class='ocrx_word' id='word_1_28' title='bbox 532 459 594 511; x_wconf 89' lang='lat' dir='ltr'><strong>enim</strong></span> <span class='ocrx_word' id='word_1_29' title='bbox 604 460 677 511; x_wconf 84' lang='lat' dir='ltr'><strong>virtus</strong></span> <span class='ocrx_word' id='word_1_30' title='bbox 688 474 745 526; x_wconf 74' lang='lat' dir='ltr'><strong>que</strong></span> <span class='ocrx_word' id='word_1_31' title='bbox 758 460 852 511; x_wconf 80' lang='lat' dir='ltr'><strong>bouum</strong></span> <span class='ocrx_word' id='word_1_32' title='bbox 861 463 927 527; x_wconf 79' lang='lat' dir='ltr'><strong>socii</strong></span> 
     </span>
     <span class='ocr_line' id='line_1_6' title="bbox 124 529 929 597; baseline 0.002 -16"><span class='ocrx_word' id='word_1_33' title='bbox 124 529 252 581; x_wconf 68' lang='lat' dir='ltr'><strong>doomrem</strong></span> <span class='ocrx_word' id='word_1_34' title='bbox 274 535 379 597; x_wconf 83' lang='lat' dir='ltr'><strong>etopus</strong></span> <span class='ocrx_word' id='word_1_35' title='bbox 399 532 456 596; x_wconf 56' lang='lat' dir='ltr'><strong>mus</strong></span> <span class='ocrx_word' id='word_1_36' title='bbox 473 531 564 581; x_wconf 63' lang='lat' dir='ltr'><strong>woom</strong></span> <span class='ocrx_word' id='word_1_37' title='bbox 585 531 688 596; x_wconf 78' lang='lat' dir='ltr'><strong>reddit,</strong></span> <span class='ocrx_word' id='word_1_38' title='bbox 706 536 731 583; x_wconf 89' lang='lat' dir='ltr'><strong>ut</strong></span> <span class='ocrx_word' id='word_1_39' title='bbox 750 533 834 583; x_wconf 84' lang='lat' dir='ltr'><strong>dicitur</strong></span> <span class='ocrx_word' id='word_1_40' title='bbox 854 532 879 584; x_wconf 86' lang='lat' dir='ltr'><strong>iu</strong></span> <span class='ocrx_word' id='word_1_41' title='bbox 901 534 929 583; x_wconf 84' lang='lat' dir='ltr'><strong>it.</strong></span> 
     </span>
     <span class='ocr_line' id='line_1_7' title="bbox 124 602 931 669; baseline 0 -14"><span class='ocrx_word' id='word_1_42' title='bbox 124 602 209 655; x_wconf 74' lang='lat' dir='ltr'><strong>erote.</strong></span> <span class='ocrx_word' id='word_1_43' title='bbox 223 604 288 655; x_wconf 86' lang='lat' dir='ltr'><strong>Unde</strong></span> <span class='ocrx_word' id='word_1_44' title='bbox 300 608 389 669; x_wconf 90' lang='lat' dir='ltr'><strong>oportet</strong></span> <span class='ocrx_word' id='word_1_45' title='bbox 400 602 462 668; x_wconf 73' lang='lat' dir='ltr'><strong>quod</strong></span> <span class='ocrx_word' id='word_1_46' title='bbox 474 603 539 655; x_wconf 77' lang='lat' dir='ltr'><strong>tanti</strong></span> <span class='ocrx_word' id='word_1_47' title='bbox 553 603 701 669; x_wconf 78' lang='lat' dir='ltr'><strong>principalior</strong></span> <span class='ocrx_word' id='word_1_48' title='bbox 715 603 745 655; x_wconf 89' lang='lat' dir='ltr'><strong>sit</strong></span> <span class='ocrx_word' id='word_1_49' title='bbox 763 603 835 655; x_wconf 84' lang='lat' dir='ltr'><strong>uirtus</strong></span> <span class='ocrx_word' id='word_1_50' title='bbox 849 608 873 656; x_wconf 89' lang='lat' dir='ltr'><strong>et</strong></span> <span class='ocrx_word' id='word_1_51' title='bbox 886 618 931 669; x_wconf 92' lang='lat' dir='ltr'><strong>po·</strong></span> 
     </span>
     <span class='ocr_line' id='line_1_8' title="bbox 124 672 932 740; baseline 0.002 -15"><span class='ocrx_word' id='word_1_52' title='bbox 124 674 169 725; x_wconf 90' lang='lat' dir='ltr'><strong>tior</strong></span> <span class='ocrx_word' id='word_1_53' title='bbox 189 674 273 738; x_wconf 80' lang='lat' dir='ltr'><strong>quanto</strong></span> <span class='ocrx_word' id='word_1_54' title='bbox 293 676 365 740; x_wconf 71' lang='lat' dir='ltr'><strong>magis</strong></span> <span class='ocrx_word' id='word_1_55' title='bbox 380 679 404 726; x_wconf 93' lang='lat' dir='ltr'><strong>et</strong></span> <span class='ocrx_word' id='word_1_56' title='bbox 421 672 530 727; x_wconf 66' lang='lat' dir='ltr'><strong>dnefflis</strong></span> <span class='ocrx_word' id='word_1_57' title='bbox 546 675 636 727; x_wconf 87' lang='lat' dir='ltr'><strong>ordinat</strong></span> <span class='ocrx_word' id='word_1_58' title='bbox 655 676 773 727; x_wconf 86' lang='lat' dir='ltr'><strong>hominem</strong></span> <span class='ocrx_word' id='word_1_59' title='bbox 792 676 817 726; x_wconf 88' lang='lat' dir='ltr'><strong>iu</strong></span> <span class='ocrx_word' id='word_1_60' title='bbox 831 676 932 728; x_wconf 83' lang='lat' dir='ltr'><strong>bonum·</strong></span> 
     </span>
     <span class='ocr_line' id='line_1_9' title="bbox 124 744 932 813; baseline 0.002 -16"><span class='ocrx_word' id='word_1_61' title='bbox 124 744 236 797; x_wconf 71' lang='lat' dir='ltr'><strong>Dimtids</strong></span> <span class='ocrx_word' id='word_1_62' title='bbox 255 748 330 798; x_wconf 64' lang='lat' dir='ltr'><strong>summ</strong></span> <span class='ocrx_word' id='word_1_63' title='bbox 348 748 377 798; x_wconf 86' lang='lat' dir='ltr'><strong>ud</strong></span> <span class='ocrx_word' id='word_1_64' title='bbox 396 747 482 798; x_wconf 81' lang='lat' dir='ltr'><strong>bonnm</strong></span> <span class='ocrx_word' id='word_1_65' title='bbox 503 746 608 798; x_wconf 84' lang='lat' dir='ltr'><strong>ordinent</strong></span> <span class='ocrx_word' id='word_1_66' title='bbox 630 746 861 799; x_wconf 81' lang='lat' dir='ltr'><strong>hominemrirtutes</strong></span> <span class='ocrx_word' id='word_1_67' title='bbox 878 762 932 813; x_wconf 78' lang='lat' dir='ltr'><strong>qum</strong></span> 
     </span>
     <span class='ocr_line' id='line_1_10' title="bbox 124 817 931 883; baseline 0 -14"><span class='ocrx_word' id='word_1_68' title='bbox 124 821 178 869; x_wconf 89' lang='lat' dir='ltr'><strong>sunt</strong></span> <span class='ocrx_word' id='word_1_69' title='bbox 186 817 339 869; x_wconf 72' lang='lat' dir='ltr'><strong>constitutivae</strong></span> <span class='ocrx_word' id='word_1_70' title='bbox 348 817 416 882; x_wconf 83' lang='lat' dir='ltr'><strong>teoni,</strong></span> <span class='ocrx_word' id='word_1_71' title='bbox 428 818 495 882; x_wconf 73' lang='lat' dir='ltr'><strong>quem</strong></span> <span class='ocrx_word' id='word_1_72' title='bbox 506 817 550 869; x_wconf 77' lang='lat' dir='ltr'><strong>itta</strong></span> <span class='ocrx_word' id='word_1_73' title='bbox 563 832 613 883; x_wconf 79' lang='lat' dir='ltr'><strong>qum</strong></span> <span class='ocrx_word' id='word_1_74' title='bbox 625 820 680 869; x_wconf 91' lang='lat' dir='ltr'><strong>suut</strong></span> <span class='ocrx_word' id='word_1_75' title='bbox 698 817 840 882; x_wconf 80' lang='lat' dir='ltr'><strong>impeditiru</strong></span> <span class='ocrx_word' id='word_1_76' title='bbox 853 832 931 871; x_wconf 76' lang='lat' dir='ltr'><strong>eorsum</strong></span> 
     </span>
     <span class='ocr_line' id='line_1_11' title="bbox 125 889 932 955; baseline 0 -14"><span class='ocrx_word' id='word_1_77' title='bbox 125 903 176 955; x_wconf 77' lang='lat' dir='ltr'><strong>quo</strong></span> <span class='ocrx_word' id='word_1_78' title='bbox 189 890 305 941; x_wconf 81' lang='lat' dir='ltr'><strong>seducunt</strong></span> <span class='ocrx_word' id='word_1_79' title='bbox 322 889 418 941; x_wconf 78' lang='lat' dir='ltr'><strong>itone.</strong></span> <span class='ocrx_word' id='word_1_80' title='bbox 432 890 462 940; x_wconf 84' lang='lat' dir='ltr'><strong>iet</strong></span> <span class='ocrx_word' id='word_1_81' title='bbox 478 889 537 941; x_wconf 89' lang='lat' dir='ltr'><strong>sicut</strong></span> <span class='ocrx_word' id='word_1_82' title='bbox 551 889 612 941; x_wconf 88' lang='lat' dir='ltr'><strong>inter</strong></span> <span class='ocrx_word' id='word_1_83' title='bbox 624 902 663 941; x_wconf 87' lang='lat' dir='ltr'><strong>eus</strong></span> <span class='ocrx_word' id='word_1_84' title='bbox 675 902 727 954; x_wconf 79' lang='lat' dir='ltr'><strong>qus</strong></span> <span class='ocrx_word' id='word_1_85' title='bbox 749 893 808 941; x_wconf 90' lang='lat' dir='ltr'><strong>sunt</strong></span> <span class='ocrx_word' id='word_1_86' title='bbox 821 891 932 941; x_wconf 83' lang='lat' dir='ltr'><strong>coustitu-</strong></span> 
     </span>
     <span class='ocr_line' id='line_1_12' title="bbox 124 960 933 1028; baseline 0 -15"><span class='ocrx_word' id='word_1_87' title='bbox 124 960 180 1015; x_wconf 84' lang='lat' dir='ltr'><strong>tivu</strong></span> <span class='ocrx_word' id='word_1_88' title='bbox 194 961 249 1013; x_wconf 85' lang='lat' dir='ltr'><strong>boni</strong></span> <span class='ocrx_word' id='word_1_89' title='bbox 262 961 326 1015; x_wconf 74' lang='lat' dir='ltr'><strong>unte</strong></span> <span class='ocrx_word' id='word_1_90' title='bbox 335 962 412 1027; x_wconf 77' lang='lat' dir='ltr'><strong>alioue</strong></span> <span class='ocrx_word' id='word_1_91' title='bbox 423 962 500 1028; x_wconf 91' lang='lat' dir='ltr'><strong>potior</strong></span> <span class='ocrx_word' id='word_1_92' title='bbox 513 965 556 1023; x_wconf 92' lang='lat' dir='ltr'><strong>est,</strong></span> <span class='ocrx_word' id='word_1_93' title='bbox 570 961 655 1027; x_wconf 81' lang='lat' dir='ltr'><strong>quante</strong></span> <span class='ocrx_word' id='word_1_94' title='bbox 675 962 700 1012; x_wconf 92' lang='lat' dir='ltr'><strong>in</strong></span> <span class='ocrx_word' id='word_1_95' title='bbox 712 962 800 1027; x_wconf 82' lang='lat' dir='ltr'><strong>majori</strong></span> <span class='ocrx_word' id='word_1_96' title='bbox 811 963 873 1015; x_wconf 83' lang='lat' dir='ltr'><strong>hono</strong></span> <span class='ocrx_word' id='word_1_97' title='bbox 887 966 933 1014; x_wconf 85' lang='lat' dir='ltr'><strong>stu-</strong></span> 
     </span>
     <span class='ocr_line' id='line_1_13' title="bbox 125 1033 932 1099; baseline -0.004 -13"><span class='ocrx_word' id='word_1_98' title='bbox 125 1035 171 1087; x_wconf 90' lang='lat' dir='ltr'><strong>tnit</strong></span> <span class='ocrx_word' id='word_1_99' title='bbox 183 1033 299 1085; x_wconf 76' lang='lat' dir='ltr'><strong>hommem</strong></span> <span class='ocrx_word' id='word_1_100' title='bbox 311 1034 448 1097; x_wconf 74' lang='lat' dir='ltr'><strong>meotides,</strong></span> <span class='ocrx_word' id='word_1_101' title='bbox 464 1046 518 1098; x_wconf 88' lang='lat' dir='ltr'><strong>spes</strong></span> <span class='ocrx_word' id='word_1_102' title='bbox 531 1037 554 1085; x_wconf 90' lang='lat' dir='ltr'><strong>et</strong></span> <span class='ocrx_word' id='word_1_103' title='bbox 567 1034 673 1099; x_wconf 78' lang='lat' dir='ltr'><strong>charites,</strong></span> <span class='ocrx_word' id='word_1_104' title='bbox 687 1034 756 1099; x_wconf 75' lang='lat' dir='ltr'><strong>quem</strong></span> <span class='ocrx_word' id='word_1_105' title='bbox 775 1035 897 1099; x_wconf 82' lang='lat' dir='ltr'><strong>prudentia</strong></span> <span class='ocrx_word' id='word_1_106' title='bbox 911 1038 932 1086; x_wconf 87' lang='lat' dir='ltr'><strong>et</strong></span> 
     </span>
     <span class='ocr_line' id='line_1_14' title="bbox 124 1105 928 1171; baseline -0.002 -12"><span class='ocrx_word' id='word_1_107' title='bbox 124 1105 283 1171; x_wconf 57' lang='lat' dir='ltr'><strong>instituistis</strong></span> <span class='ocrx_word' id='word_1_108' title='bbox 297 1106 369 1158; x_wconf 62' lang='lat' dir='ltr'><strong>aum</strong></span> <span class='ocrx_word' id='word_1_109' title='bbox 385 1106 568 1170; x_wconf 79' lang='lat' dir='ltr'><strong>interitusque</strong></span> <span class='ocrx_word' id='word_1_110' title='bbox 586 1111 640 1156; x_wconf 88' lang='lat' dir='ltr'><strong>sunt</strong></span> <span class='ocrx_word' id='word_1_111' title='bbox 657 1106 796 1171; x_wconf 75' lang='lat' dir='ltr'><strong>impeditiora</strong></span> <span class='ocrx_word' id='word_1_112' title='bbox 809 1108 928 1158; x_wconf 70' lang='lat' dir='ltr'><strong>retr-aher</strong></span> 
     </span>
     <span class='ocr_line' id='line_1_15' title="bbox 125 1176 929 1246; baseline -0.001 -17"><span class='ocrx_word' id='word_1_113' title='bbox 125 1178 183 1246; x_wconf 83' lang='lat' dir='ltr'><strong>tium</strong></span> <span class='ocrx_word' id='word_1_114' title='bbox 197 1177 211 1228; x_wconf 82' lang='lat' dir='ltr'><strong>ir</strong></span> <span class='ocrx_word' id='word_1_115' title='bbox 223 1177 284 1230; x_wconf 85' lang='lat' dir='ltr'><strong>bomo</strong></span> <span class='ocrx_word' id='word_1_116' title='bbox 296 1177 361 1229; x_wconf 80' lang='lat' dir='ltr'><strong>unco</strong></span> <span class='ocrx_word' id='word_1_117' title='bbox 372 1177 446 1242; x_wconf 83' lang='lat' dir='ltr'><strong>ulique</strong></span> <span class='ocrx_word' id='word_1_118' title='bbox 457 1182 495 1229; x_wconf 81' lang='lat' dir='ltr'><strong>est</strong></span> <span class='ocrx_word' id='word_1_119' title='bbox 505 1176 593 1242; x_wconf 87' lang='lat' dir='ltr'><strong>potior,</strong></span> <span class='ocrx_word' id='word_1_120' title='bbox 605 1176 690 1241; x_wconf 82' lang='lat' dir='ltr'><strong>quanto</strong></span> <span class='ocrx_word' id='word_1_121' title='bbox 699 1177 723 1228; x_wconf 87' lang='lat' dir='ltr'><strong>id</strong></span> <span class='ocrx_word' id='word_1_122' title='bbox 732 1179 792 1242; x_wconf 87' lang='lat' dir='ltr'><strong>quod</strong></span> <span class='ocrx_word' id='word_1_123' title='bbox 804 1178 833 1229; x_wconf 84' lang='lat' dir='ltr'><strong>ab</strong></span> <span class='ocrx_word' id='word_1_124' title='bbox 846 1192 875 1229; x_wconf 85' lang='lat' dir='ltr'><strong>ea</strong></span> <span class='ocrx_word' id='word_1_125' title='bbox 885 1176 929 1228; x_wconf 91' lang='lat' dir='ltr'><strong>im·</strong></span> 
     </span>
     <span class='ocr_line' id='line_1_16' title="bbox 126 1248 928 1317; baseline -0.005 -15"><span class='ocrx_word' id='word_1_126' title='bbox 126 1249 230 1317; x_wconf 86' lang='lat' dir='ltr'><strong>peditur,</strong></span> <span class='ocrx_word' id='word_1_127' title='bbox 240 1249 314 1314; x_wconf 56' lang='lat' dir='ltr'><strong>mens</strong></span> <span class='ocrx_word' id='word_1_128' title='bbox 328 1248 343 1299; x_wconf 82' lang='lat' dir='ltr'><strong>i</strong></span> <span class='ocrx_word' id='word_1_129' title='bbox 356 1250 417 1302; x_wconf 84' lang='lat' dir='ltr'><strong>tono</strong></span> <span class='ocrx_word' id='word_1_130' title='bbox 431 1250 535 1303; x_wconf 83' lang='lat' dir='ltr'><strong>retrahit.</strong></span> <span class='ocrx_word' id='word_1_131' title='bbox 549 1250 604 1301; x_wconf 84' lang='lat' dir='ltr'><strong>Ptus</strong></span> <span class='ocrx_word' id='word_1_132' title='bbox 616 1252 692 1301; x_wconf 61' lang='lat' dir='ltr'><strong>auem</strong></span> <span class='ocrx_word' id='word_1_133' title='bbox 705 1248 719 1300; x_wconf 76' lang='lat' dir='ltr'><strong>i</strong></span> <span class='ocrx_word' id='word_1_134' title='bbox 734 1250 796 1301; x_wconf 80' lang='lat' dir='ltr'><strong>tione</strong></span> <span class='ocrx_word' id='word_1_135' title='bbox 809 1251 928 1301; x_wconf 84' lang='lat' dir='ltr'><strong>retrahunt</strong></span> 
     </span>
     <span class='ocr_line' id='line_1_17' title="bbox 126 1320 927 1389; baseline -0.002 -17"><span class='ocrx_word' id='word_1_136' title='bbox 126 1323 226 1389; x_wconf 79' lang='lat' dir='ltr'><strong>pericula</strong></span> <span class='ocrx_word' id='word_1_137' title='bbox 238 1320 328 1384; x_wconf 88' lang='lat' dir='ltr'><strong>mortis,</strong></span> <span class='ocrx_word' id='word_1_138' title='bbox 336 1320 395 1373; x_wconf 68' lang='lat' dir='ltr'><strong>crea</strong></span> <span class='ocrx_word' id='word_1_139' title='bbox 403 1334 454 1386; x_wconf 76' lang='lat' dir='ltr'><strong>pau</strong></span> <span class='ocrx_word' id='word_1_140' title='bbox 462 1321 624 1381; x_wconf 74' lang='lat' dir='ltr'><strong>ncommod,</strong></span> <span class='ocrx_word' id='word_1_141' title='bbox 635 1322 674 1373; x_wconf 80' lang='lat' dir='ltr'><strong>vot</strong></span> <span class='ocrx_word' id='word_1_142' title='bbox 682 1320 846 1373; x_wconf 84' lang='lat' dir='ltr'><strong>delectationes</strong></span> <span class='ocrx_word' id='word_1_143' title='bbox 854 1324 927 1373; x_wconf 82' lang='lat' dir='ltr'><strong>tustm</strong></span> 
     </span>
     <span class='ocr_line' id='line_1_18' title="bbox 101 1391 928 1459; baseline -0.002 -12"><span class='ocrx_word' id='word_1_144' title='bbox 101 1452 104 1455; x_wconf 55' lang='grc'>,</span> <span class='ocrx_word' id='word_1_145' title='bbox 126 1395 187 1447; x_wconf 79' lang='lat' dir='ltr'><strong>circu</strong></span> <span class='ocrx_word' id='word_1_146' title='bbox 201 1406 258 1459; x_wconf 82' lang='lat' dir='ltr'><strong>quus</strong></span> <span class='ocrx_word' id='word_1_147' title='bbox 274 1396 311 1445; x_wconf 87' lang='lat' dir='ltr'><strong>est</strong></span> <span class='ocrx_word' id='word_1_148' title='bbox 329 1391 495 1459; x_wconf 72' lang='lat' dir='ltr'><strong>temperantia,</strong></span> <span class='ocrx_word' id='word_1_149' title='bbox 508 1406 576 1457; x_wconf 80' lang='lat' dir='ltr'><strong>quum</strong></span> <span class='ocrx_word' id='word_1_150' title='bbox 594 1392 681 1457; x_wconf 71' lang='lat' dir='ltr'><strong>ouans</strong></span> <span class='ocrx_word' id='word_1_151' title='bbox 695 1393 790 1445; x_wconf 84' lang='lat' dir='ltr'><strong>adversa</strong></span> <span class='ocrx_word' id='word_1_152' title='bbox 806 1392 868 1445; x_wconf 86' lang='lat' dir='ltr'><strong>cirea</strong></span> <span class='ocrx_word' id='word_1_153' title='bbox 880 1406 928 1457; x_wconf 82' lang='lat' dir='ltr'><strong>que</strong></span> 
     </span>
     <span class='ocr_line' id='line_1_19' title="bbox 127 1464 927 1530; baseline -0.004 -13"><span class='ocrx_word' id='word_1_154' title='bbox 127 1470 164 1517; x_wconf 88' lang='lat' dir='ltr'><strong>est</strong></span> <span class='ocrx_word' id='word_1_155' title='bbox 175 1464 295 1530; x_wconf 83' lang='lat' dir='ltr'><strong>potientis.</strong></span> <span class='ocrx_word' id='word_1_156' title='bbox 313 1466 343 1517; x_wconf 82' lang='lat' dir='ltr'><strong>tit</strong></span> <span class='ocrx_word' id='word_1_157' title='bbox 361 1465 414 1517; x_wconf 87' lang='lat' dir='ltr'><strong>ideo</strong></span> <span class='ocrx_word' id='word_1_158' title='bbox 432 1464 542 1530; x_wconf 77' lang='lat' dir='ltr'><strong>patientia</strong></span> <span class='ocrx_word' id='word_1_159' title='bbox 561 1478 609 1516; x_wconf 88' lang='lat' dir='ltr'><strong>nun</strong></span> <span class='ocrx_word' id='word_1_160' title='bbox 622 1468 658 1516; x_wconf 92' lang='lat' dir='ltr'><strong>est</strong></span> <span class='ocrx_word' id='word_1_161' title='bbox 669 1464 787 1529; x_wconf 85' lang='lat' dir='ltr'><strong>potissima</strong></span> <span class='ocrx_word' id='word_1_162' title='bbox 800 1465 927 1523; x_wconf 67' lang='lat' dir='ltr'><strong>virtutum</strong></span> 
     </span>
     <span class='ocr_line' id='line_1_20' title="bbox 126 1536 948 1606; baseline -0.005 -17"><span class='ocrx_word' id='word_1_163' title='bbox 126 1537 167 1589; x_wconf 83' lang='lat' dir='ltr'><strong>sed</strong></span> <span class='ocrx_word' id='word_1_164' title='bbox 181 1537 258 1588; x_wconf 84' lang='lat' dir='ltr'><strong>deicit</strong></span> <span class='ocrx_word' id='word_1_165' title='bbox 270 1550 317 1588; x_wconf 89' lang='lat' dir='ltr'><strong>non</strong></span> <span class='ocrx_word' id='word_1_166' title='bbox 326 1536 400 1588; x_wconf 84' lang='lat' dir='ltr'><strong>soldm</strong></span> <span class='ocrx_word' id='word_1_167' title='bbox 412 1536 427 1587; x_wconf 81' lang='lat' dir='ltr'><strong>d</strong></span> <span class='ocrx_word' id='word_1_168' title='bbox 438 1536 562 1587; x_wconf 75' lang='lat' dir='ltr'><strong>uirtutitrm</strong></span> <span class='ocrx_word' id='word_1_169' title='bbox 576 1536 724 1601; x_wconf 67' lang='lat' dir='ltr'><strong>theologicis,</strong></span> <span class='ocrx_word' id='word_1_170' title='bbox 736 1540 761 1587; x_wconf 90' lang='lat' dir='ltr'><strong>et</strong></span> <span class='ocrx_word' id='word_1_171' title='bbox 769 1537 893 1601; x_wconf 84' lang='lat' dir='ltr'><strong>prudentia</strong></span> <span class='ocrx_word' id='word_1_172' title='bbox 906 1540 927 1587; x_wconf 86' lang='lat' dir='ltr'><strong>et</strong></span> <span class='ocrx_word' id='word_1_173' title='bbox 947 1562 948 1606; x_wconf 69' lang='lat' dir='ltr'><strong>p</strong></span> 
     </span>
     <span class='ocr_line' id='line_1_21' title="bbox 124 1608 926 1675; baseline -0.004 -14"><span class='ocrx_word' id='word_1_174' title='bbox 124 1608 229 1675; x_wconf 85' lang='lat' dir='ltr'><strong>justitia,</strong></span> <span class='ocrx_word' id='word_1_175' title='bbox 243 1623 295 1673; x_wconf 79' lang='lat' dir='ltr'><strong>qun</strong></span> <span class='ocrx_word' id='word_1_176' title='bbox 309 1608 395 1662; x_wconf 77' lang='lat' dir='ltr'><strong>directe</strong></span> <span class='ocrx_word' id='word_1_177' title='bbox 407 1612 511 1661; x_wconf 75' lang='lat' dir='ltr'><strong>usuum</strong></span> <span class='ocrx_word' id='word_1_178' title='bbox 523 1609 639 1661; x_wconf 85' lang='lat' dir='ltr'><strong>hominem</strong></span> <span class='ocrx_word' id='word_1_179' title='bbox 652 1608 677 1659; x_wconf 89' lang='lat' dir='ltr'><strong>in</strong></span> <span class='ocrx_word' id='word_1_180' title='bbox 689 1608 765 1671; x_wconf 87' lang='lat' dir='ltr'><strong>beno,</strong></span> <span class='ocrx_word' id='word_1_181' title='bbox 780 1608 903 1660; x_wconf 87' lang='lat' dir='ltr'><strong>sedetiam</strong></span> <span class='ocrx_word' id='word_1_182' title='bbox 915 1608 926 1659; x_wconf 85' lang='lat' dir='ltr'><strong>t</strong></span> 
     </span>
     <span class='ocr_line' id='line_1_22' title="bbox 127 1679 927 1747; baseline 0 -16"><span class='ocrx_word' id='word_1_183' title='bbox 127 1680 261 1733; x_wconf 81' lang='lat' dir='ltr'><strong>tortitudine</strong></span> <span class='ocrx_word' id='word_1_184' title='bbox 277 1684 302 1733; x_wconf 85' lang='lat' dir='ltr'><strong>et</strong></span> <span class='ocrx_word' id='word_1_185' title='bbox 313 1679 479 1747; x_wconf 68' lang='lat' dir='ltr'><strong>temperantia,</strong></span> <span class='ocrx_word' id='word_1_186' title='bbox 494 1694 544 1745; x_wconf 79' lang='lat' dir='ltr'><strong>quo</strong></span> <span class='ocrx_word' id='word_1_187' title='bbox 560 1681 680 1731; x_wconf 83' lang='lat' dir='ltr'><strong>retrudunt</strong></span> <span class='ocrx_word' id='word_1_188' title='bbox 693 1679 844 1742; x_wconf 76' lang='lat' dir='ltr'><strong>amatoribus</strong></span> <span class='ocrx_word' id='word_1_189' title='bbox 857 1680 927 1745; x_wconf 78' lang='lat' dir='ltr'><strong>impe</strong></span> 
     </span>
     <span class='ocr_line' id='line_1_23' title="bbox 128 1751 245 1803; baseline 0 0"><span class='ocrx_word' id='word_1_190' title='bbox 128 1751 245 1803; x_wconf 60' lang='lat' dir='ltr'><strong>umentis</strong></span> 
     </span>
    </p>

    <p class='ocr_par' dir='ltr' id='par_1_4' title="bbox 127 1820 947 2391">
     <span class='ocr_line' id='line_1_24' title="bbox 158 1820 947 1889; baseline -0.009 -14"><span class='ocrx_word' id='word_1_191' title='bbox 158 1823 198 1875; x_wconf 75' lang='lat' dir='ltr'><strong>Ad</strong></span> <span class='ocrx_word' id='word_1_192' title='bbox 213 1823 312 1887; x_wconf 87' lang='lat' dir='ltr'><strong>primunr</strong></span> <span class='ocrx_word' id='word_1_193' title='bbox 323 1836 377 1889; x_wconf 76' lang='lat' dir='ltr'><strong>ergo</strong></span> <span class='ocrx_word' id='word_1_194' title='bbox 390 1822 527 1883; x_wconf 83' lang='lat' dir='ltr'><strong>dicendum,</strong></span> <span class='ocrx_word' id='word_1_195' title='bbox 542 1822 603 1887; x_wconf 76' lang='lat' dir='ltr'><strong>qued</strong></span> <span class='ocrx_word' id='word_1_196' title='bbox 623 1821 735 1889; x_wconf 83' lang='lat' dir='ltr'><strong>patientia</strong></span> <span class='ocrx_word' id='word_1_197' title='bbox 747 1820 834 1873; x_wconf 84' lang='lat' dir='ltr'><strong>dicitur</strong></span> <span class='ocrx_word' id='word_1_198' title='bbox 846 1824 925 1875; x_wconf 81' lang='lat' dir='ltr'><strong>habore</strong></span> <span class='ocrx_word' id='word_1_199' title='bbox 946 1820 947 1868; x_wconf 80' lang='lat' dir='ltr'><strong>t</strong></span> 
     </span>
     <span class='ocr_line' id='line_1_25' title="bbox 128 1894 926 1960; baseline -0.003 -13"><span class='ocrx_word' id='word_1_200' title='bbox 128 1908 187 1960; x_wconf 88' lang='lat' dir='ltr'><strong>opus</strong></span> <span class='ocrx_word' id='word_1_201' title='bbox 197 1895 337 1959; x_wconf 85' lang='lat' dir='ltr'><strong>periectum,</strong></span> <span class='ocrx_word' id='word_1_202' title='bbox 349 1895 373 1946; x_wconf 92' lang='lat' dir='ltr'><strong>in</strong></span> <span class='ocrx_word' id='word_1_203' title='bbox 384 1894 488 1945; x_wconf 76' lang='lat' dir='ltr'><strong>advorsis</strong></span> <span class='ocrx_word' id='word_1_204' title='bbox 500 1894 634 1957; x_wconf 73' lang='lat' dir='ltr'><strong>tolerandis,</strong></span> <span class='ocrx_word' id='word_1_205' title='bbox 650 1908 678 1946; x_wconf 82' lang='lat' dir='ltr'><strong>eu</strong></span> <span class='ocrx_word' id='word_1_206' title='bbox 691 1894 776 1958; x_wconf 86' lang='lat' dir='ltr'><strong>quibus</strong></span> <span class='ocrx_word' id='word_1_207' title='bbox 788 1895 867 1959; x_wconf 81' lang='lat' dir='ltr'><strong>primo</strong></span> <span class='ocrx_word' id='word_1_208' title='bbox 878 1906 926 1960; x_wconf 84' lang='lat' dir='ltr'><strong>pro</strong></span> 
     </span>
     <span class='ocr_line' id='line_1_26' title="bbox 127 1966 925 2032; baseline -0.004 -11"><span class='ocrx_word' id='word_1_209' title='bbox 127 1967 186 2021; x_wconf 83' lang='lat' dir='ltr'><strong>sedit</strong></span> <span class='ocrx_word' id='word_1_210' title='bbox 204 1967 308 2031; x_wconf 68' lang='lat' dir='ltr'><strong>enfide,</strong></span> <span class='ocrx_word' id='word_1_211' title='bbox 323 1980 392 2032; x_wconf 65' lang='lat' dir='ltr'><strong>mum</strong></span> <span class='ocrx_word' id='word_1_212' title='bbox 405 1967 534 2017; x_wconf 87' lang='lat' dir='ltr'><strong>moderatur</strong></span> <span class='ocrx_word' id='word_1_213' title='bbox 548 1966 673 2031; x_wconf 81' lang='lat' dir='ltr'><strong>patieutia3</strong></span> <span class='ocrx_word' id='word_1_214' title='bbox 687 1966 789 2017; x_wconf 81' lang='lat' dir='ltr'><strong>seeundo</strong></span> <span class='ocrx_word' id='word_1_215' title='bbox 801 1966 850 2031; x_wconf 83' lang='lat' dir='ltr'><strong>tra,</strong></span> <span class='ocrx_word' id='word_1_216' title='bbox 863 1980 925 2031; x_wconf 65' lang='lat' dir='ltr'><strong>mum</strong></span> 
     </span>
     <span class='ocr_line' id='line_1_27' title="bbox 127 2037 946 2102; baseline -0.002 -11"><span class='ocrx_word' id='word_1_217' title='bbox 127 2040 256 2091; x_wconf 83' lang='lat' dir='ltr'><strong>moderetur</strong></span> <span class='ocrx_word' id='word_1_218' title='bbox 270 2038 435 2102; x_wconf 63' lang='lat' dir='ltr'><strong>manustram</strong></span> <span class='ocrx_word' id='word_1_219' title='bbox 452 2037 536 2101; x_wconf 65' lang='lat' dir='ltr'><strong>used,</strong></span> <span class='ocrx_word' id='word_1_220' title='bbox 553 2037 644 2101; x_wconf 61' lang='lat' dir='ltr'><strong>odium</strong></span> <span class='ocrx_word' id='word_1_221' title='bbox 659 2038 720 2101; x_wconf 81' lang='lat' dir='ltr'><strong>qnod</strong></span> <span class='ocrx_word' id='word_1_222' title='bbox 742 2037 803 2089; x_wconf 89' lang='lat' dir='ltr'><strong>toltit</strong></span> <span class='ocrx_word' id='word_1_223' title='bbox 817 2038 924 2101; x_wconf 71' lang='lat' dir='ltr'><strong>chamus,</strong></span> <span class='ocrx_word' id='word_1_224' title='bbox 945 2066 946 2095; x_wconf 29' lang='lat' dir='ltr'><strong>t</strong></span> 
     </span>
     <span class='ocr_line' id='line_1_28' title="bbox 128 2097 946 2175; baseline -0.001 -15"><span class='ocrx_word' id='word_1_225' title='bbox 128 2109 221 2174; x_wconf 57' lang='lat' dir='ltr'><strong>omum,</strong></span> <span class='ocrx_word' id='word_1_226' title='bbox 232 2110 344 2175; x_wconf 74' lang='lat' dir='ltr'><strong>iniustum</strong></span> <span class='ocrx_word' id='word_1_227' title='bbox 355 2114 516 2162; x_wconf 77' lang='lat' dir='ltr'><strong>nocumentum</strong></span> <span class='ocrx_word' id='word_1_228' title='bbox 522 2146 531 2175; x_wconf 93' lang='lat'>‚</span> <span class='ocrx_word' id='word_1_229' title='bbox 541 2111 601 2174; x_wconf 71' lang='lat' dir='ltr'><strong>quod</strong></span> <span class='ocrx_word' id='word_1_230' title='bbox 612 2110 718 2175; x_wconf 79' lang='lat' dir='ltr'><strong>prohibet</strong></span> <span class='ocrx_word' id='word_1_231' title='bbox 728 2109 832 2174; x_wconf 81' lang='lat' dir='ltr'><strong>justitie.</strong></span> <span class='ocrx_word' id='word_1_232' title='bbox 842 2111 925 2161; x_wconf 82' lang='lat' dir='ltr'><strong>&#39;tottere</strong></span> <span class='ocrx_word' id='word_1_233' title='bbox 945 2097 946 2129; x_wconf 61' lang='lat'>¹</span> 
     </span>
     <span class='ocr_line' id='line_1_29' title="bbox 127 2180 925 2248; baseline -0.003 -15"><span class='ocrx_word' id='word_1_234' title='bbox 127 2186 203 2233; x_wconf 65' lang='lat' dir='ltr'><strong>auom</strong></span> <span class='ocrx_word' id='word_1_235' title='bbox 217 2183 356 2248; x_wconf 81' lang='lat' dir='ltr'><strong>principium</strong></span> <span class='ocrx_word' id='word_1_236' title='bbox 371 2182 566 2247; x_wconf 63' lang='lat' dir='ltr'><strong>amoeniusque,</strong></span> <span class='ocrx_word' id='word_1_237' title='bbox 586 2184 621 2231; x_wconf 91' lang='lat' dir='ltr'><strong>est</strong></span> <span class='ocrx_word' id='word_1_238' title='bbox 632 2180 778 2246; x_wconf 78' lang='lat' dir='ltr'><strong>periecttmss</strong></span> <span class='ocrx_word' id='word_1_239' title='bbox 793 2194 840 2233; x_wconf 86' lang='lat' dir='ltr'><strong>nee</strong></span> <span class='ocrx_word' id='word_1_240' title='bbox 854 2184 925 2233; x_wconf 72' lang='lat' dir='ltr'><strong>umen</strong></span> 
     </span>
     <span class='ocr_line' id='line_1_30' title="bbox 127 2251 926 2319; baseline -0.004 -15"><span class='ocrx_word' id='word_1_241' title='bbox 127 2253 272 2318; x_wconf 77' lang='lat' dir='ltr'><strong>seqnitnr,si</strong></span> <span class='ocrx_word' id='word_1_242' title='bbox 288 2254 313 2305; x_wconf 91' lang='lat' dir='ltr'><strong>in</strong></span> <span class='ocrx_word' id='word_1_243' title='bbox 324 2255 368 2305; x_wconf 85' lang='lat' dir='ltr'><strong>troc</strong></span> <span class='ocrx_word' id='word_1_244' title='bbox 384 2253 495 2318; x_wconf 78' lang='lat' dir='ltr'><strong>patientie</strong></span> <span class='ocrx_word' id='word_1_245' title='bbox 508 2257 544 2305; x_wconf 86' lang='lat' dir='ltr'><strong>est</strong></span> <span class='ocrx_word' id='word_1_246' title='bbox 555 2252 678 2319; x_wconf 84' lang='lat' dir='ltr'><strong>perfectior</strong></span> <span class='ocrx_word' id='word_1_247' title='bbox 690 2251 751 2317; x_wconf 84' lang='lat' dir='ltr'><strong>quod</strong></span> <span class='ocrx_word' id='word_1_248' title='bbox 765 2252 798 2303; x_wconf 88' lang='lat' dir='ltr'><strong>sit</strong></span> <span class='ocrx_word' id='word_1_249' title='bbox 808 2254 926 2319; x_wconf 79' lang='lat' dir='ltr'><strong>perfectior</strong></span> 
     </span>
     <span class='ocr_line' id='line_1_31' title="bbox 129 2325 272 2391; baseline 0 -16"><span class='ocrx_word' id='word_1_250' title='bbox 129 2325 272 2391; x_wconf 82' lang='lat' dir='ltr'><strong>simpliciter.</strong></span> 
     </span>
    </p>

    <p class='ocr_par' dir='ltr' id='par_1_5' title="bbox 128 2326 945 2673">
     <span class='ocr_line' id='line_1_32' title="bbox 159 2326 945 2461; baseline -0.003 -15"><span class='ocrx_word' id='word_1_251' title='bbox 159 2397 193 2446; x_wconf 78' lang='lat' dir='ltr'><strong>ed</strong></span> <span class='ocrx_word' id='word_1_252' title='bbox 206 2395 332 2447; x_wconf 86' lang='lat' dir='ltr'><strong>secundum</strong></span> <span class='ocrx_word' id='word_1_253' title='bbox 347 2394 482 2457; x_wconf 75' lang='lat' dir='ltr'><strong>desudem,</strong></span> <span class='ocrx_word' id='word_1_254' title='bbox 497 2394 559 2459; x_wconf 86' lang='lat' dir='ltr'><strong>qued</strong></span> <span class='ocrx_word' id='word_1_255' title='bbox 572 2394 685 2461; x_wconf 80' lang='lat' dir='ltr'><strong>possessio</strong></span> <span class='ocrx_word' id='word_1_256' title='bbox 707 2392 816 2459; x_wconf 78' lang='lat' dir='ltr'><strong>importet</strong></span> <span class='ocrx_word' id='word_1_257' title='bbox 829 2395 926 2461; x_wconf 82' lang='lat' dir='ltr'><strong>quietum</strong></span> <span class='ocrx_word' id='word_1_258' title='bbox 944 2326 945 2392; x_wconf 32' lang='grc'>1</span> 
     </span>
     <span class='ocr_line' id='line_1_33' title="bbox 129 2461 924 2532; baseline -0.003 -15"><span class='ocrx_word' id='word_1_259' title='bbox 129 2467 254 2518; x_wconf 90' lang='lat' dir='ltr'><strong>dominium</strong></span> <span class='ocrx_word' id='word_1_260' title='bbox 267 2483 273 2519; x_wconf 93' lang='lat'><strong>:</strong></span> <span class='ocrx_word' id='word_1_261' title='bbox 284 2470 308 2519; x_wconf 92' lang='lat' dir='ltr'><strong>et</strong></span> <span class='ocrx_word' id='word_1_262' title='bbox 322 2466 374 2519; x_wconf 87' lang='lat' dir='ltr'><strong>ideo</strong></span> <span class='ocrx_word' id='word_1_263' title='bbox 384 2461 426 2532; x_wconf 86' lang='lat' dir='ltr'><strong>pe&#39;r</strong></span> <span class='ocrx_word' id='word_1_264' title='bbox 437 2464 570 2531; x_wconf 84' lang='lat' dir='ltr'><strong>patientium</strong></span> <span class='ocrx_word' id='word_1_265' title='bbox 581 2466 663 2517; x_wconf 90' lang='lat' dir='ltr'><strong>dicitur</strong></span> <span class='ocrx_word' id='word_1_266' title='bbox 672 2467 743 2517; x_wconf 90' lang='lat' dir='ltr'><strong>humo</strong></span> <span class='ocrx_word' id='word_1_267' title='bbox 753 2478 820 2517; x_wconf 84' lang='lat' dir='ltr'><strong>suem</strong></span> <span class='ocrx_word' id='word_1_268' title='bbox 832 2468 924 2519; x_wconf 75' lang='lat' dir='ltr'><strong>ammam</strong></span> 
     </span>
     <span class='ocr_line' id='line_1_34' title="bbox 128 2537 926 2603; baseline 0.001 -15"><span class='ocrx_word' id='word_1_269' title='bbox 128 2538 254 2602; x_wconf 88' lang='lat' dir='ltr'><strong>possidere,</strong></span> <span class='ocrx_word' id='word_1_270' title='bbox 264 2538 290 2589; x_wconf 89' lang='lat' dir='ltr'><strong>in</strong></span> <span class='ocrx_word' id='word_1_271' title='bbox 302 2541 413 2603; x_wconf 85' lang='lat' dir='ltr'><strong>quantum</strong></span> <span class='ocrx_word' id='word_1_272' title='bbox 422 2537 531 2589; x_wconf 81' lang='lat' dir='ltr'><strong>radicitus</strong></span> <span class='ocrx_word' id='word_1_273' title='bbox 540 2538 617 2591; x_wconf 81' lang='lat' dir='ltr'><strong>evellit</strong></span> <span class='ocrx_word' id='word_1_274' title='bbox 627 2537 744 2603; x_wconf 79' lang='lat' dir='ltr'><strong>passiones</strong></span> <span class='ocrx_word' id='word_1_275' title='bbox 757 2538 926 2601; x_wconf 77' lang='lat' dir='ltr'><strong>adversitatum,</strong></span> 
     </span>
     <span class='ocr_line' id='line_1_35' title="bbox 130 2607 460 2673; baseline 0.009 -16"><span class='ocrx_word' id='word_1_276' title='bbox 130 2607 212 2671; x_wconf 87' lang='lat' dir='ltr'><strong>quibus</strong></span> <span class='ocrx_word' id='word_1_277' title='bbox 225 2609 301 2660; x_wconf 86' lang='lat' dir='ltr'><strong>unimu</strong></span> <span class='ocrx_word' id='word_1_278' title='bbox 313 2610 460 2673; x_wconf 83' lang='lat' dir='ltr'><strong>inquietatur.</strong></span> 
     </span>
    </p>

    <p class='ocr_par' dir='ltr' id='par_1_6' title="bbox 129 2678 926 2890">
     <span class='ocr_line' id='line_1_36' title="bbox 160 2678 926 2747; baseline 0.004 -20"><span class='ocrx_word' id='word_1_279' title='bbox 160 2678 195 2727; x_wconf 81' lang='lat' dir='ltr'><strong>ed</strong></span> <span class='ocrx_word' id='word_1_280' title='bbox 206 2680 299 2732; x_wconf 85' lang='lat' dir='ltr'><strong>tertium</strong></span> <span class='ocrx_word' id='word_1_281' title='bbox 318 2680 452 2742; x_wconf 85' lang='lat' dir='ltr'><strong>dicendum,</strong></span> <span class='ocrx_word' id='word_1_282' title='bbox 463 2679 524 2744; x_wconf 85' lang='lat' dir='ltr'><strong>quod</strong></span> <span class='ocrx_word' id='word_1_283' title='bbox 537 2678 646 2747; x_wconf 83' lang='lat' dir='ltr'><strong>patientie</strong></span> <span class='ocrx_word' id='word_1_284' title='bbox 660 2680 743 2733; x_wconf 83' lang='lat' dir='ltr'><strong>dieitur</strong></span> <span class='ocrx_word' id='word_1_285' title='bbox 758 2694 811 2741; x_wconf 68' lang='lat' dir='ltr'><strong>ome</strong></span> <span class='ocrx_word' id='word_1_286' title='bbox 826 2682 892 2733; x_wconf 79' lang='lat' dir='ltr'><strong>rudis</strong></span> <span class='ocrx_word' id='word_1_287' title='bbox 906 2684 926 2731; x_wconf 91' lang='lat' dir='ltr'><strong>et</strong></span> 
     </span>
     <span class='ocr_line' id='line_1_37' title="bbox 129 2749 926 2816; baseline 0.009 -20"><span class='ocrx_word' id='word_1_288' title='bbox 129 2750 205 2797; x_wconf 82' lang='lat' dir='ltr'><strong>motos</strong></span> <span class='ocrx_word' id='word_1_289' title='bbox 226 2749 330 2801; x_wconf 90' lang='lat' dir='ltr'><strong>omnium</strong></span> <span class='ocrx_word' id='word_1_290' title='bbox 343 2751 469 2815; x_wconf 69' lang='lat' dir='ltr'><strong>virtum,</strong></span> <span class='ocrx_word' id='word_1_291' title='bbox 483 2764 531 2804; x_wconf 89' lang='lat' dir='ltr'><strong>non</strong></span> <span class='ocrx_word' id='word_1_292' title='bbox 543 2752 609 2816; x_wconf 85' lang='lat' dir='ltr'><strong>quusi</strong></span> <span class='ocrx_word' id='word_1_293' title='bbox 620 2752 704 2805; x_wconf 85' lang='lat' dir='ltr'><strong>directe</strong></span> <span class='ocrx_word' id='word_1_294' title='bbox 718 2766 759 2805; x_wconf 83' lang='lat' dir='ltr'><strong>eas</strong></span> <span class='ocrx_word' id='word_1_295' title='bbox 776 2755 892 2806; x_wconf 86' lang='lat' dir='ltr'><strong>cuusundo</strong></span> <span class='ocrx_word' id='word_1_296' title='bbox 906 2754 926 2803; x_wconf 89' lang='lat' dir='ltr'><strong>et</strong></span> 
     </span>
     <span class='ocr_line' id='line_1_38' title="bbox 131 2819 739 2890; baseline 0.015 -22"><span class='ocrx_word' id='word_1_297' title='bbox 131 2819 351 2884; x_wconf 64' lang='lat' dir='ltr'><strong>remorandust</strong></span> <span class='ocrx_word' id='word_1_298' title='bbox 362 2822 437 2875; x_wconf 83' lang='lat' dir='ltr'><strong>sotim</strong></span> <span class='ocrx_word' id='word_1_299' title='bbox 452 2823 591 2875; x_wconf 80' lang='lat' dir='ltr'><strong>removendo</strong></span> <span class='ocrx_word' id='word_1_300' title='bbox 607 2824 739 2890; x_wconf 76' lang='lat' dir='ltr'><strong>pretiosus.</strong></span> 
     </span>
    </p>
   </div>
   <div class='ocr_carea' id='block_1_3' title="bbox 0 0 977 3284">
    <p class='ocr_par' dir='ltr' id='par_1_7' title="bbox 0 0 977 3284">
     <span class='ocr_line' id='line_1_39' title="bbox 0 0 977 3284; baseline 0 0"><span class='ocrx_word' id='word_1_301' title='bbox 0 0 977 3284; x_wconf 95' lang='lat' dir='ltr'><strong> </strong></span> 
     </span>
    </p>
   </div>
  </div>
 </body>
</html>
