1934 3284
3 3 5 118 i

360 157 392 196 os
408 157 517 198 sarnum.
792 144 840 199 239

34 246 80 296 qua
100 232 128 283 in
142 232 218 284 Missa
238 233 392 283 consecratur.
408 233 457 302 ⁴Sed
478 247 519 297 pro
539 231 617 285 missis
637 235 756 286 cantandis
772 237 841 300 aliqui

34 306 165 358 sacerdotes
177 304 325 369 praebendam
336 304 372 356 uel
381 305 502 370 pecuniam
510 306 633 371 accipiunt.
642 308 701 372 Ergo
710 308 763 359 licet
771 307 841 359 multo

3 391 4 396 ¹
34 377 104 441 magis
120 377 168 426 alia
184 379 411 427 sacramentaemcre
424 377 462 428 rel
472 379 578 428 vendere.

61 453 85 498 3.
110 449 247 512 Praeterea,
268 451 433 498 sacramentum
455 450 597 513 paenitentiae
619 455 655 502 est
675 456 842 505 sacramentum

34 519 197 581 necessitatis,
209 519 271 584 quod
280 518 394 584 praecipue
408 518 432 568 in
446 520 586 572 absolutione
602 523 715 574 consistit.
728 524 774 574 Sed
787 525 839 587 qui-

34 591 80 640 dam
103 589 255 642 absolventes
279 591 307 640 ab
327 591 579 656 excommunicatione,
598 593 718 658 pecuniam
736 595 841 659 erigunt.

34 662 89 725 Ergo
104 676 157 713 non
178 675 271 726 semper
287 665 323 712 cst
339 662 442 712 illicitum
459 667 623 715 sacramentum
639 679 714 716 emere
732 666 770 732 uel
782 680 841 717 veu-

35 734 93 784 dere.

3 801 4 878 l
63 809 86 856 t.
103 807 236 870 Praetcrea,
248 805 386 858 consuetudo
401 805 455 858 iacit
468 812 495 858 ut
511 808 600 858 nonsit
615 811 732 873 peceatum
747 809 770 860 id
782 811 842 875 quod

3 883 4 950 ᾗ
35 879 87 929 alis
102 882 229 944 peceatum
244 880 320 941 esset,
335 877 396 930 aaut
409 880 547 943 Augustinus
572 880 627 930 dicit
649 878 708 943 qubd
731 881 842 932 «babere

35 950 111 1011 plures
130 962 217 1000 uxores
227 949 319 1013 quando
334 961 382 999 mos
398 953 457 1013 enat,
470 951 556 1003 crimen
570 964 616 1003 nou
627 954 684 1001 erat.
695 967 709 998 a
724 953 770 1002 sed
781 953 841 1016 apud

36 1021 146 1080 quosdam
154 1024 193 1072 est
202 1021 346 1072 consuetudo
356 1019 447 1084 quddin
456 1023 663 1074 consecrationibus
673 1023 841 1088 episcoporum,

37 1089 236 1142 benedictionibus
263 1090 369 1141 abbatum
391 1095 414 1142 et
437 1093 615 1143 ordinationibus
634 1093 779 1156 clericorum,
800 1106 842 1156 pro

37 1162 177 1228 chrismate,
193 1163 245 1213 nleo
259 1167 336 1213 sancto
350 1165 373 1214 et
384 1163 434 1214 aliis
449 1163 580 1229 hujusmodi
593 1162 678 1228 aliquid
696 1166 771 1216 detur.
784 1163 842 1228 Ergo

38 1232 128 1285 videtur
140 1235 203 1298 qudd
216 1235 261 1285 boc
275 1237 368 1285 nonest
381 1235 494 1286 illicitum.

68 1310 91 1356 5.
115 1307 247 1368 Praeterea,
265 1305 377 1370 contingit
400 1308 535 1372 quandoque
554 1307 614 1370 qubd
635 1307 715 1372 aliquis
732 1305 843 1359 malitiose

39 1375 133 1440 impedit
146 1377 249 1439 aliquem
265 1377 303 1427 rel
320 1375 348 1427 ab
364 1375 495 1442 episcopatu
508 1377 643 1442 obtinendo,
661 1378 784 1442 velutique
801 1379 845 1428 alia

40 1448 159 1508 dignitate.
170 1449 216 1499 Sed
227 1447 282 1498 licet
295 1447 419 1512 unicuique
428 1449 538 1500 redimere
549 1463 612 1500 suam
622 1450 773 1500 venationem.
781 1450 842 1514 Ergb

39 1520 123 1570 licitum
134 1520 229 1570 ridetur
242 1520 318 1570 intuli
329 1533 382 1570 cusu
395 1521 516 1584 pecuniam
527 1522 579 1572 darc
593 1535 633 1586 pro
644 1521 776 1585 episcopatu
787 1521 842 1582 ,nel

40 1590 112 1653 aliqua
124 1591 171 1640 alia
192 1590 348 1642 ecclesiastica
367 1591 484 1654 dignitate.

68 1669 92 1714 6.
108 1665 240 1724 Praeterea,
253 1661 421 1713 matrimonium
435 1666 470 1714 est
485 1664 596 1729 quoddam
613 1667 784 1714 sacramentum.
796 1664 843 1714 Sed

40 1737 176 1799 quandoque
197 1736 264 1784 datur
285 1733 384 1797 pecunia
400 1747 442 1799 pro
459 1735 611 1787 matrimonio.
631 1737 691 1800 Ergo
704 1736 792 1786 licitum
808 1737 845 1786 est

40 1811 210 1858 sacramentum
224 1806 332 1856 vendere.

69 1879 115 1930 sed
129 1882 214 1930 contra
229 1877 280 1942 est,
302 1877 360 1940 quod
376 1875 457 1927 dicitur
468 1878 493 1941 l,
507 1880 588 1942 quest.
605 1880 617 1926 1
632 1893 639 1927 ι
654 1879 722 1938 «Qui
741 1891 782 1945 pro
802 1893 844 1944 pe·

40 1951 105 2001 euuia
122 1939 264 2016 quemquam
283 1947 465 2011 consecraverit,
482 1949 569 2000 alienus
583 1948 613 1998 sit
626 1949 639 1998 l
653 1951 787 2001 sacerdotio,
796 1967 811 1998 n

70 2021 327 2086 (maurusio-rm
336 2019 487 2084 spiritualium
495 2019 687 2087 administratione
697 2021 783 2085 aliquid
790 2022 844 2072 dare

40 2093 75 2142 uel
89 2093 195 2158 accipere
217 2095 327 2156 tanquam
348 2091 461 2142 mercedis
474 2091 589 2156 pretium,
609 2091 756 2142 simoniacum
777 2096 845 2155 atque

40 2163 213 2228 illicitum'est3
227 2175 273 2213 nou
290 2166 365 2212 autem
375 2166 483 2226 tauquam
497 2161 641 2213 necessitatis
651 2165 674 2212 et
686 2162 845 2212 subventionis

41 2238 67 2286 sti
98 2233 212 2299 odium.)

68 2250 213 2372 1IJteespoudeo
230 2307 368 2369 dicendum,
387 2305 447 2370 qubd
470 2309 610 2358 sacramenta
632 2319 700 2357 nora
717 2304 773 2368 legis
794 2309 846 2357 sunt

40 2375 139 2432 maxime
155 2377 294 2442 spiritualia,
308 2377 333 2428 iu
342 2382 450 2442 quantum
460 2381 513 2428 sunt
527 2389 596 2428 causa
613 2377 736 2442 spiritualis
748 2377 841 2441 gratie,

41 2467 88 2517 quae
99 2449 178 2518 pretio
188 2448 297 2500 aestimari
311 2463 358 2500 non
368 2452 457 2514 potest,
469 2454 492 2501 et
505 2449 555 2514 ejus
567 2449 651 2500 rationi
665 2453 775 2514 repugnat
785 2449 846 2513 quod

41 2539 83 2576 non
98 2521 203 2588 graturitd
215 2521 289 2572 detur.
303 2521 466 2584 Dispensantur
476 2526 551 2572 autem
562 2523 702 2571 sacramenta
710 2534 751 2586 per
765 2521 846 2571 Eccle-

40 2598 76 2648 sia
96 2593 232 2654 ministros,
253 2605 310 2656 ques
326 2595 415 2656 oportet
430 2591 442 2642 d
460 2593 543 2659 populo
565 2591 703 2655 sustentari,
722 2591 848 2642 secundim

41 2668 93 2718 illud
102 2663 225 2732 Apostoli,
236 2663 246 2714 l
256 2663 292 2714 od
302 2664 371 2718 Cor„
381 2663 423 2713 lli:
433 2663 549 2714 «Nescitis
557 2663 709 2727 quoniamqui
717 2663 741 2714 in
751 2663 847 2714 sacrario

41 2743 176 2804 operantur,
189 2749 241 2800 quae
251 2737 277 2786 de
289 2734 386 2786 sacrario
396 2737 449 2786 sunt
461 2736 544 2799 edunt,
554 2734 624 2799 etqui
634 2735 697 2785 altari
706 2735 846 2795 deserviunt,

41 2825 90 2862 cuna
104 2807 176 2863 altari
190 2805 371 2872 participantia
385 2806 421 2856 Sic
435 2819 488 2870 ergo
498 2807 618 2858 dicendum
627 2811 663 2857 est
673 2807 733 2871 quod
745 2805 847 2868 accipere

40 2884 160 2948 pecuniam
178 2891 222 2944 pro
247 2877 361 2942 spirituali
386 2881 575 2930 sacramentomm
596 2879 683 2942 gratia,
707 2881 743 2926 est
763 2876 847 2926 crimen
