1934 3284
108 184 122 230 i
228 191 338 238 ceddum
351 188 480 247 sudditum,
494 191 586 240 dum.
603 195 680 248 nm,
697 194 752 234 m.
769 198 787 234 1.

107 270 215 334 assignat.
230 270 335 324 Debitum
343 271 434 336 quidem
445 272 519 337 legale
531 275 581 336 cet,
596 273 627 324 nd
640 273 700 336 qued
715 271 857 323 mddcndum
867 273 922 325 nti·

107 341 158 404 quis
169 343 219 405 lege
231 344 393 408 adstringitur3
402 347 426 394 et
436 343 480 394 tale
488 343 587 395 debitum
598 342 690 408 prcprid
699 344 794 395 attendit
804 343 918 411 justitie,

108 425 157 476 quae
174 418 209 463 est
221 413 352 478 principilis
369 413 449 466 virtus.
469 415 574 464 Debitum
588 418 665 466 cutem
682 416 767 466 merite
780 420 832 480 eu,
847 419 920 480 qued

108 482 190 546 uliquis
199 485 267 542 debet
280 498 309 536 er
318 487 439 538 benenate
448 485 547 538 mutetis.
563 486 592 536 Et
606 486 660 549 puin
670 487 772 538 detritum
785 490 923 540 decennita-

109 556 154 606 tem
164 553 280 619 importat,
290 556 341 607 idec
350 551 396 606 ‘tale
406 556 506 608 detritum
516 556 586 607 hebet
599 557 712 622 duplicem
722 559 824 622 pradum.
834 559 922 617 dund-

109 624 160 675 dcm
174 626 235 676 enim
252 629 287 678 eet
305 626 338 678 sic
356 628 523 689 necessarium,
537 632 565 678 ut
581 628 631 679 eine
650 642 678 680 ee
700 631 808 680 nonenim
820 643 921 682 murum

108 697 239 748 conservari
252 711 299 748 non
311 698 399 763 pessit;
414 703 439 749 et
448 701 493 751 trec
501 699 572 750 dubet
584 701 637 764 plue
652 701 681 750 de
691 701 779 752 mticnc
792 700 921 752 dedititii

109 773 185 832 potest
194 771 240 820 huc
252 771 352 822 debitum
368 772 454 823 attendi
465 785 495 822 ex
505 775 570 836 purte
581 772 654 836 ipniue
663 771 770 822 dedendi
779 787 786 822 ε
794 775 819 823 et
835 772 871 822 sic
885 776 917 825 ud

109 839 153 890 hnc
167 841 267 892 debitum
280 844 379 906 pertinet
394 843 455 906 qudd
472 843 542 894 hume
560 843 628 893 talem
646 856 671 893 ee
687 843 794 894 exhibent
807 843 875 894 alteri
889 845 919 895 in

110 911 185 962 uerbis
198 915 222 964 et
235 912 260 962 in
270 913 353 976 facie,
364 915 438 978 qualis
448 918 499 977 θείς
513 918 538 965 et
549 913 602 966 iden
614 914 747 978 adjungitur
756 913 855 979 Jusddn
869 930 921 965 ve-

111 986 195 1044 ritur,
208 998 340 1050 perquam,
351 989 376 1036 ut
390 985 477 1036 Tullius
488 985 544 1036 dicit
552 1023 559 1047 ,
568 1003 582 1034 u
591 999 619 1036 ca
630 999 683 1050 qne
696 989 750 1036 suut
759 988 800 1035 eut
810 986 915 1050 inerunt,

112 1059 151 1104 aut
165 1056 241 1106 futura
255 1060 322 1119 suut,
331 1056 450 1108 immutate
463 1055 577 1108 dicuntur.
589 1072 604 1105 n
616 1058 696 1108 Potest
704 1056 772 1108 etinr
781 1058 870 1108 edendi
884 1073 919 1110 ex

112 1130 176 1190 parde
187 1127 237 1190 ejus
250 1127 288 1176 cui
300 1127 404 1190 debetur,
412 1129 480 1190 prout
490 1127 579 1178 scilicet
588 1127 670 1191 nliqrds
678 1131 835 1192 recumpenset
843 1128 919 1180 alicui

113 1197 237 1248 secuudirm
250 1211 276 1248 ee
289 1211 340 1261 que
362 1197 433 1248 iecit:
450 1198 584 1262 quandoque
601 1199 693 1261 quidem
710 1199 736 1249 in
748 1199 828 1263 henin,
842 1203 868 1250 et
882 1201 923 1253 cic

113 1269 242 1332 adjungitur
253 1268 349 1332 justitie
361 1271 463 1332 pratia,
477 1269 503 1318 in
520 1282 582 1333 qun,
597 1273 624 1320 ut
636 1269 724 1321 Tuiiiun
735 1269 808 1331 dicit,
824 1287 839 1319 u
852 1272 922 1322 ami-

114 1337 217 1389 citiarum
236 1342 260 1388 et
273 1339 399 1390 officiorum
416 1339 509 1390 alterius
529 1339 640 1392 mercurie
656 1344 682 1391 et
696 1340 790 1392 alteim
806 1353 921 1394 mutune-

113 1410 178 1460 ruudi
187 1410 292 1462 uoluntas
305 1409 445 1474 contimtum
457 1427 472 1458 u
486 1411 622 1476 quandoque
634 1415 711 1463 autem
722 1413 749 1462 in
757 1412 838 1476 mulin,
849 1417 874 1464 ct
883 1415 923 1467 cic

114 1480 244 1544 adjungitur
250 1480 346 1543 justitie
356 1481 508 1541 vindicatio,
518 1495 559 1546 per
568 1495 646 1546 quem,
652 1486 680 1532 ut
689 1482 775 1533 Tullius
783 1481 848 1546 dicit,
856 1485 923 1537 uvis

115 1555 154 1602 uut
163 1551 246 1615 injuria
259 1554 282 1602 et
291 1552 384 1604 omniuo
396 1552 506 1616 quicquid
515 1552 646 1603 cbiutumm
658 1555 709 1614 cst,
723 1551 866 1605 defendendo
875 1561 923 1607 ani

115 1623 255 1687 rdcisceudu,
268 1623 419 1688 propulsatur.
429 1639 444 1670 u
455 1622 521 1673 Aliud
531 1621 587 1673 vcrd
596 1622 698 1674 detritum
706 1627 742 1674 est
751 1624 918 1692 neceesarium,

116 1693 175 1744 sicut
184 1695 303 1746 conterens
316 1695 344 1744 ad
353 1694 462 1758 majorem
469 1695 623 1757 honestatem,
632 1694 683 1744 eine
690 1707 736 1758 que
745 1698 824 1745 tumen
831 1696 923 1748 hence-

116 1767 151 1816 tes
164 1765 292 1816 conservari
303 1767 390 1829 potest3
400 1765 460 1830 quud
471 1765 563 1828 quidem
576 1763 678 1814 debitum
691 1766 788 1816 attendit
800 1765 921 1818 literati·-

118 1837 173 1896 tus,
186 1837 329 1901 affabilitas
341 1835 407 1900 (sive
420 1837 540 1886 amicitie
549 1846 570 1894 J»,
585 1838 626 1886 cut
641 1835 687 1887 ulie
704 1835 850 1900 hujucmtdt3
864 1853 921 1902 qnae

117 1903 206 1958 Tullius
224 1907 375 1971 pretermittit
396 1908 421 1958 iu
438 1907 545 1972 predicti
562 1906 746 1971 enumeratione,
760 1909 815 1973 quin
834 1921 920 1973 pamm

117 1979 204 2030 habeut
216 1979 244 2031 dc
254 1979 342 2030 ratione
356 1978 433 2029 debiti,

148 2051 183 2102 nd
197 2050 296 2116 primum
312 2063 365 2114 erge
382 2050 517 2113 dicendum,
531 2050 592 2114 qudd
600 2050 702 2102 vindicta
717 2065 769 2116 qun
781 2052 808 2102 nt
822 2054 923 2104 rucum-

118 2125 165 2174 trie
180 2122 274 2188 publice
290 2121 410 2186 potestatis
426 2120 550 2172 eccunddm
564 2120 700 2175 sententium
711 2122 807 2186 judicic,
820 2123 924 2187 petinet

119 2192 271 2257 adjustitiam
286 2191 482 2256 commutatiram3
492 2193 533 2243 ced
546 2193 731 2258 uindicta,t1utm
743 2193 922 2259 quntuutpre-

119 2264 168 2328 pric
182 2269 245 2317 motu
259 2267 314 2327 (neu
332 2268 409 2316 tamen
428 2269 508 2316 cenim
523 2265 612 2328 legem,
624 2269 662 2316 ret
673 2279 742 2330 quum
751 2265 829 2330 print
842 2266 924 2330 iudice

119 2334 226 2400 requirit,
238 2338 336 2400 pertinet
347 2338 374 2387 ad
390 2336 496 2386 vitutem
508 2336 605 2400 justitie
619 2336 760 2402 adiunctum.

152 2409 184 2459 dd
194 2409 319 2460 secuudum
332 2408 466 2471 dicendum,
479 2409 541 2471 qued
554 2409 678 2460 itidemne
691 2409 781 2460 uidetur
795 2409 924 2464 ineruisse

121 2477 150 2530 nd
168 2481 224 2530 duas
243 2483 320 2543 partes
338 2480 460 2543 integrales
481 2479 593 2544 justitie,
614 2479 703 2532 scilicet
721 2497 728 2531 ε
745 2499 760 2530 u
775 2481 922 2535 declinered

121 2551 217 2613 marn»
232 2552 259 2600 ad
268 2551 328 2614 qued
339 2551 436 2614 pertinet
448 2553 604 2615 incedenda,-
614 2556 638 2602 et
648 2570 663 2600 u
671 2552 747 2604 iacere
755 2553 854 2617 bunum,
865 2571 881 2601 n
889 2556 923 2606 ud

122 2622 183 2686 qued
199 2622 315 2686 pertinent
335 2635 377 2673 sex
390 2621 443 2672 alia.
462 2621 562 2681 Quorum
580 2623 626 2674 duc
644 2622 749 2675 videntur
762 2622 874 2688 pertinere
891 2627 923 2675 ud

123 2693 234 2756 equales,
245 2693 331 2745 scilicet
343 2693 460 2744 amicitia
471 2693 497 2742 in
507 2692 615 2744 exterieri
625 2694 746 2758 convictu,
755 2698 779 2746 ct
788 2695 923 2746 concordia

122 2763 233 2828 interiirs;
250 2764 295 2818 duc
308 2765 362 2818 uerd
375 2765 491 2830 pertinent
503 2765 532 2814 ad
540 2765 685 2829 supericms,
696 2766 785 2816 cciiicct
796 2768 877 2828 pietus
890 2769 920 2818 ud

123 2841 242 2900 pureutes,
253 2841 277 2887 ct
284 2838 378 2904 reiipic
392 2838 420 2888 ad
433 2837 521 2902 Deum3
532 2836 577 2888 due
587 2836 642 2888 ucrd
653 2839 682 2888 ud
692 2837 821 2902 interiores,
833 2837 923 2890 edticet

124 2907 230 2974 effectur
243 2909 387 2976 inquantum
401 2910 496 2974 placem
504 2909 565 2961 bem
582 2920 677 2973 numm,
686 2912 711 2960 ci
727 2909 870 2962 mimicus
882 2922 925 2974 per
