1934 3284
129 147 177 200 'itt
238 159 346 201 securus
361 155 489 212 securum,
504 153 599 206 mm.
616 160 706 212 arur,
722 159 781 200 nr.
799 162 820 200 r.

422 340 580 396 eustenius
598 344 618 396 1.

362 465 447 514 [iterim
462 469 535 514 irasci
544 469 576 513 sit
591 469 692 514 ticitrrrre.

156 595 190 645 td
198 595 295 660 primum
306 596 340 646 sic
352 595 479 661 proceditur
490 593 533 659 (t).
544 593 706 658 Videturorrdd
716 595 788 648 orsu
795 607 846 648 nom
856 599 923 662 possit
951 592 953 642 !

122 677 178 717 esse
193 665 288 718 timeum.
305 667 455 732 Hieronymus
476 667 538 717 euim
558 678 678 731 exponens
694 666 752 718 ittud
776 669 883 727 Metto..
899 671 922 718 v.
951 704 952 709 1

126 736 193 797 «oui
203 737 305 789 irascitur
323 739 386 789 tratri
400 752 455 800 suo,
467 754 481 786 u
494 741 540 789 etc.
556 739 612 789 dicit
623 753 630 787 a
646 739 700 788 «tu
709 739 853 802 quibusdam
868 741 923 791 codi-

123 808 190 860 uuus
198 810 300 871 additur,
309 813 360 860 mere
369 824 445 860 coneo
457 825 466 858 :
476 809 590 860 meum
600 810 695 860 iuveris
704 810 804 860 deduita
815 813 923 862 seutemu
951 824 952 909 p

124 882 177 945 ost3
195 881 263 932 etim
279 881 372 947 penitus
389 881 484 932 tollitur.
498 897 513 928 r
528 883 587 946 Ergo
599 881 665 931 irasci
676 881 740 932 nudo
753 882 827 933 modo
841 883 922 934 ticitura

123 955 171 1003 est.

156 1027 180 1073 a.
204 1025 325 1086 Preume,
351 1021 475 1074 secuudum
497 1022 646 1088 meursium,
664 1023 702 1074 tt.
731 1035 786 1088 cep.
811 1025 854 1074 De
873 1026 922 1075 dio.
951 1026 952 1039 ¹

124 1095 208 1152 Nom„
222 1112 236 1143 rr
246 1095 330 1145 nedum
341 1095 421 1146 anime
432 1098 466 1146 est
475 1095 527 1146 siue
535 1096 623 1146 ratione
632 1107 693 1146 esse.
705 1109 720 1141 e
731 1093 824 1146 Sedira
836 1109 922 1162 semper

121 1169 160 1216 cet
177 1166 225 1216 siue
236 1165 332 1216 ratione.
348 1165 406 1215 Dicit
417 1165 478 1216 euim
490 1167 640 1230 philosophus
651 1165 677 1215 iu
687 1165 736 1215 ΙΙΙ.
749 1166 853 1227 Ettric„
866 1167 924 1231 quod

125 1237 184 1287 «ira
192 1251 237 1287 mou
248 1237 348 1302 porrecte
360 1237 421 1288 audit
433 1237 553 1288 rationem.
562 1253 576 1285 e
584 1239 614 1288 tit
623 1237 743 1300 Gregorius
754 1237 819 1288 inv.
833 1240 921 1290 nome

126 1311 193 1377 (cap.
207 1315 235 1359 tt
244 1309 263 1375 ),
278 1309 338 1374 qudd
353 1327 367 1358 o
380 1323 431 1360 mm
445 1310 628 1374 tranquillitatem
641 1309 725 1360 mentis
734 1309 769 1360 ira
781 1309 920 1373 diverberat,

125 1383 252 1434 dilaniatam
266 1383 429 1446 quodammodo
441 1381 582 1446 scissamque
594 1381 721 1447 pertmttat.
730 1395 746 1428 rr
756 1381 788 1431 iit
797 1381 922 1434 (damianus

122 1455 180 1506 ⁴dicit
193 1454 217 1502 iu
230 1453 270 1504 lit.
287 1455 324 1504 De
341 1455 468 1504 institutis
482 1454 648 1504 cmmodr'orum
664 1451 721 1518 (tib.
734 1453 796 1502 Viti.
809 1467 866 1520 cap.
878 1456 921 1518 6).

126 1542 140 1572 o
155 1525 253 1583 Quilibet
263 1538 292 1575 ex
305 1537 374 1577 causa
387 1525 507 1577 iracundie
524 1529 600 1576 motus
611 1525 740 1589 efferrens,
754 1531 923 1578 excecatum

123 1596 170 1646 lum
184 1595 290 1645 cordis»
308 1598 366 1661 Ergo
382 1596 448 1648 irasci
462 1609 551 1662 semper
564 1601 598 1648 est
615 1597 706 1646 malum.

157 1671 178 1716 3.
194 1667 317 1730 Praeterea,
333 1669 391 1719 ‹rira
401 1671 436 1719 est
446 1668 559 1734 appetitus
569 1669 689 1732 vindicte,
703 1683 716 1714 u
731 1671 757 1717 ut
769 1669 855 1720 Gtossa
868 1669 923 1722 dicit

124 1752 193 1803 super
205 1739 295 1802 tevit,
307 1741 371 1791 xvi:
384 1757 397 1789 o
408 1741 459 1792 Nou
468 1742 542 1792 oderis
554 1741 645 1790 tratrem
655 1743 719 1789 tuum
731 1740 756 1789 iu
766 1742 838 1792 eorde
850 1745 921 1793 tuo.»
953 1752 955 1759 ·

124 1811 167 1863 Sed
184 1815 290 1874 appetere
303 1811 411 1862 ultionem
431 1825 477 1862 nou
492 1812 581 1862 ridetur
594 1824 644 1862 esse
655 1810 759 1872 licitum,
777 1814 818 1862 sed
831 1814 878 1864 hoc
887 1819 921 1865 est
953 1850 954 1877 ³

124 1883 171 1934 Deo
193 1883 366 1946 reservandum3
379 1883 503 1934 secordiam
520 1883 575 1933 itlud
593 1883 707 1943 Deum„
720 1883 805 1932 xxxu
821 1899 829 1934 ε
847 1903 863 1933 e
875 1886 922 1937 idea
953 1896 954 1939 t

124 1959 158 2006 est
170 1954 234 2006 uitio.
246 1971 259 2002 u
276 1956 336 2018 Ergo
348 1955 437 2006 videtur
451 1956 511 2020 quod
527 1955 595 2007 irasci
605 1967 694 2020 semper
706 1954 737 2005 sit
749 1956 850 2007 malum.
953 1948 954 1973 ¹

157 2031 180 2076 t.
194 2028 317 2088 Preterea,
332 2039 398 2078 omae
417 2025 470 2078 ittud
487 2030 546 2092 quod
564 2027 655 2078 abduco
668 2025 733 2077 nost
747 2025 825 2077 meina
841 2029 923 2079 simiti-

125 2099 214 2161 tudiue‚
225 2103 260 2149 est
272 2099 362 2148 matum.
377 2099 420 2149 Sed
430 2099 498 2163 irasci
510 2113 600 2163 semper
612 2098 702 2149 abducit
714 2111 756 2148 uos
770 2097 785 2148 i
795 2099 878 2150 diviua
890 2101 922 2151 si·

123 2171 263 2235 tritiordiue3
271 2171 325 2234 quie
334 2171 414 2222 sitem
422 2182 472 2221 cum
480 2171 643 2235 tranquillitote
651 2169 776 2235 mdiorum
787 2173 816 2220 ut
823 2172 922 2224 haiom

127 2243 199 2308 Sep„
213 2243 262 2293 xli.
278 2243 337 2305 Ergo
350 2241 415 2293 irasci
427 2255 518 2306 semper
532 2247 567 2293 est
583 2243 677 2293 malum.

156 2315 201 2365 Sed
212 2318 287 2364 contra
298 2318 341 2378 est,
349 2311 411 2378 quod
420 2315 596 2378 chrysostomus
606 2314 662 2364 dicit
671 2318 748 2378 crepes
755 2313 851 2364 licito.
863 2313 922 2378 (sire

125 2387 205 2438 author
218 2386 292 2450 operis
304 2386 431 2451 imperfecti
438 2386 518 2436 homil.
528 2385 568 2451 u)
580 2385 660 2445 :rori
668 2385 718 2435 siue
727 2395 797 2434 causa
807 2385 923 2449 irascitur,

125 2469 178 2507 reus
190 2457 243 2508 erit.
255 2457 298 2516 Qui
308 2457 360 2508 vert
374 2469 425 2508 cum
439 2468 520 2519 musa,
533 2467 579 2508 mou
593 2457 636 2506 erit
649 2469 710 2507 reus.
725 2457 783 2508 Nam
794 2455 816 2506 si
828 2454 865 2507 ira
877 2469 922 2506 nor

122 2527 205 2591 merit,
219 2541 261 2580 uec
280 2529 379 2580 demuma
394 2527 495 2593 proicit,
514 2540 558 2580 uec
576 2528 662 2593 judicia
679 2531 755 2587 sort,
768 2539 814 2578 uec
826 2528 922 2578 erimina

121 2603 309 2664 compescuntur.
316 2615 334 2648 u
345 2601 403 2665 Ergo
415 2600 481 2650 irasci
494 2612 540 2650 uou
550 2603 589 2650 est
598 2609 689 2664 semper
700 2598 794 2648 matum.

157 2755 190 2818 (i)
207 2761 239 2804 De
258 2761 293 2807 his
309 2763 379 2808 etism
398 2761 471 2820 iniri,
486 2763 527 2807 111.
547 2768 618 2821 part,
632 2775 672 2820 qu.
686 2761 725 2822 15,
738 2767 784 2808 art.
799 2762 827 2816 ὓς
843 2768 868 2809 et
878 2763 919 2820 ΙΙΙ,

124 2818 201 2869 Serri„
209 2820 262 2866 dist.
273 2821 311 2879 15,
321 2837 361 2880 qu.
372 2824 396 2881 Ι,
405 2831 448 2870 art.
459 2825 483 2881 Ι,
494 2826 629 2881 quaestione.
638 2826 661 2877 23
673 2831 698 2871 et
706 2839 746 2882 qu.
757 2825 796 2881 ii,
804 2827 834 2871 de
843 2827 915 2882 maio,

125 2884 169 2924 ert.
181 2879 208 2934 13
224 2888 247 2927 et
260 2883 291 2928 od
300 2885 400 2943 Epioe„
411 2889 454 2945 lv,
463 2887 509 2932 tec.
519 2885 544 2946 8,
555 2888 601 2933 cot.
611 2887 639 2941 ²3
649 2893 673 2933 et
682 2889 736 2944 dod,
748 2889 823 2949 xvu,
834 2889 881 2934 eot.
891 2887 915 2932 Ι.
