1934 3284
132 145 177 194 m
239 149 346 190 snunnou
361 148 489 202 nonnum,
504 148 598 195 unser.
615 147 716 198 mvn,
732 147 789 188 uu.
807 149 827 188 u.

132 231 240 283 mundas:
252 228 313 278 unda
325 227 447 291 Apostolus
460 226 515 277 dirn't
529 226 555 277 in
563 225 701 278 ambofitnto
710 225 820 289 moneta,
836 225 886 276 iuu
899 228 935 292 je·

130 301 216 368 juniis,
232 300 256 350 iu
267 299 388 362 uastitate;
401 315 416 346 n
432 297 487 362 guia
504 311 546 362 per
560 296 651 360 jejunia
664 297 759 348 mutilas
776 304 933 350 annuatur.

133 375 163 424 Ut
175 373 236 422 enirn
250 371 401 436 Hieronymus
411 369 467 420 licit
479 368 514 432 (t)
526 385 533 417 z
545 384 560 416 <r
570 369 625 419 siue
635 369 719 419 cerere
729 373 754 419 et
766 370 860 420 Baubo
868 370 938 435 trigel
961 404 963 407 -

132 446 211 495 Venus
221 482 227 504 ,
238 459 252 491 n
263 443 286 493 id
299 447 351 505 est,
363 456 404 507 per
416 439 577 492 abstinentiam
587 439 633 490 eibi
646 444 670 490 et
681 440 751 505 potuis
761 440 862 506 tepescit
872 441 938 492 luxu-

133 515 174 566 ria.
188 513 299 575 Secundb,
310 514 434 564 assumitur
443 513 471 564 ad
484 513 530 562 boe
540 511 600 576 qubl
614 525 679 564 mens
687 511 784 562 liberius
797 513 902 563 elevetur
911 516 938 563 ari

133 586 237 638 sublimia
254 584 427 649 contemplanda
440 599 446 632 :
461 583 522 633 unde
536 583 620 633 rlioitur
631 585 705 638 Dum,
719 584 754 646 x,
766 583 828 646 qubd
840 588 894 648 post
904 585 940 649 Je-

132 657 222 724 junium
241 657 309 708 trium
328 654 537 713 hebdomadarum,
558 654 722 707 mreletionem
742 655 833 720 nooepit
855 655 938 708 abeo.
961 672 963 675 ·

133 729 222 792 Tertib‚
237 729 265 778 ad
276 726 460 778 satisfaciendum
468 737 511 789 pro
519 725 619 789 peccatis
629 739 635 775 :
645 725 705 776 nude
713 725 798 776 dieitur
810 726 881 784 teet,
895 729 917 778 ll
931 744 937 776 :

136 800 328 854 «convertimini
346 801 374 851 al
392 813 429 850 me
444 799 470 849 iu
488 801 537 850 toto
555 799 624 849 eorda
642 803 733 862 nestro,
747 799 773 849 in
793 799 901 864 jeiuniis,
918 805 940 852 et

135 877 205 939 lietu,
220 879 243 925 st
255 875 360 938 planetu.
371 887 385 919 u
395 873 424 923 ut
439 872 483 922 boo
496 874 531 922 est
543 872 604 934 quoa
617 870 758 934 luguutmus
773 871 833 922 linit
843 872 871 924 in
882 886 939 938 quo-

136 949 188 999 dam
208 958 311 997 sermono
328 945 355 994 de
370 942 471 994 oratioue
487 946 511 992 et
521 941 612 1006 jeiuuio
625 942 687 1006 (seu
695 941 770 993 Serm.
784 943 885 1005 CXXX,
903 946 939 994 De
961 1008 963 1015 Ι

137 1019 262 1084 tempore)
281 1032 288 1067 ι
306 1033 320 1065 u
332 1014 446 1079 ieiunium
461 1017 545 1078 purgat
564 1018 682 1074 mentem,
699 1015 806 1065 subleuat
828 1029 938 1078 sensnm
961 1022 963 1054 l

136 1104 227 1142 onroem
248 1088 339 1154 spiritui
359 1084 464 1151 subjicit,
480 1085 588 1136 mutauit
606 1085 764 1137 uontribrmot
777 1086 939 1149 humiliatum,

137 1160 328 1226 nonoupiscentis
339 1159 434 1208 nebulas
445 1157 572 1221 dispergit,
582 1158 702 1208 libidinum
713 1157 807 1209 mlores
816 1159 938 1223 extinguit

136 1233 246 1284 uastitatis
259 1245 338 1282 verum
351 1230 429 1279 lumen
441 1229 554 1280 ascendit.
565 1244 580 1277 n
590 1229 655 1279 Unrlu
668 1232 733 1294 putot
745 1229 810 1294 quob
821 1229 938 1295 jejunium

137 1308 173 1356 ast
187 1307 250 1355 antus
262 1303 363 1353 uirtutis.
961 1346 963 1355 .

167 1377 201 1428 ld
222 1375 320 1439 primum
340 1387 394 1438 ergo
410 1372 548 1435 uiuendum,
565 1370 626 1435 quon
645 1372 759 1436 contingit
780 1372 846 1437 qnbrl
860 1374 940 1439 aliquis

137 1452 202 1500 sutus
219 1447 258 1510 qui
276 1460 305 1498 ox
320 1459 404 1510 genere
417 1459 460 1496 suo
472 1448 508 1496 est
520 1445 649 1507 virtuosus,
667 1457 697 1495 ex
709 1444 827 1509 aliquibus
844 1445 940 1497 meum

138 1518 225 1569 stantiis
236 1517 348 1582 adjunctis
358 1517 458 1568 redditur
465 1514 571 1566 uitiosus.
582 1515 647 1566 Unde
655 1515 737 1567 ibidem
748 1515 850 1578 dieitur:
862 1520 940 1569 «ane
961 1518 963 1589 ξ

137 1591 162 1642 in
183 1589 262 1640 diebus
280 1588 364 1653 Jejunii
377 1587 449 1639 uestri
466 1587 584 1638 inuenitur
603 1587 709 1638 uoluntas
725 1592 865 1651 nestra-(s).
884 1606 900 1638 u
916 1591 941 1639 iit
961 1602 963 1619 2

137 1659 205 1724 paulb
223 1663 274 1724 post
287 1659 390 1711 subditur
404 1675 411 1710 :
423 1660 484 1710 «aad
500 1658 553 1710 litas
565 1661 589 1710 et
603 1656 761 1710 commotiones
770 1659 901 1724 jejunatis,
915 1666 936 1712 et

138 1732 258 1796 percutitis
276 1744 353 1796 pugno
366 1729 444 1796 impib.
460 1748 474 1778 u
489 1731 553 1790 Quod
568 1743 686 1795 exponens
701 1732 825 1794 Gregorius
837 1733 866 1783 im
878 1736 938 1784 Pos-

140 1802 219 1852 torale'
230 1804 286 1855 diuit
298 1819 305 1854 ι
317 1803 448 1854 «Voluntas
457 1805 485 1854 ad
495 1802 598 1854 lotitiam
611 1803 724 1867 pertinet,
734 1817 828 1867 pugnus
836 1807 867 1856 sel
876 1807 937 1856 iram

139 1875 166 1924 lu
179 1887 268 1925 onssum
282 1887 336 1938 ergo
349 1887 390 1939 per
400 1873 561 1924 abstinentiam
571 1885 624 1924 earo
637 1873 742 1935 atteritur
749 1875 793 1938 ‚si
806 1875 939 1927 inordinatis
961 1938 963 1944 y

140 1946 239 1998 motibus
255 1946 347 1998 dimissa
366 1960 445 2011 mens,
458 1945 521 1996 vitiis
533 1945 664 2010 dissipatur.
682 1960 696 1992 »
711 1946 740 1995 Et
757 1948 902 2010 Augustinus
917 1948 941 1998 iu
961 1962 963 1976 2

139 2017 248 2081 'praedicto
269 2030 374 2068 sermone
388 2017 458 2080 dicit,
479 2015 540 2080 qubrl
554 2032 569 2064 «
581 2017 695 2080 jejunium
711 2016 876 2068 verbositatem
898 2032 941 2069 non

140 2092 216 2152 amnt,
227 2088 321 2140 diritius
334 2087 513 2154 superfluitatem
527 2087 630 2151 judione,
643 2086 773 2150 snperbiam
782 2090 890 2153 speruit,
903 2092 941 2140 nu-
961 2140 963 2145 ,

140 2159 260 2212 militatem
270 2160 425 2224 commendat,
436 2158 626 2223 praestationum
634 2158 735 2224 seipsum
745 2158 878 2224 intelligere
883 2162 941 2226 quod
961 2178 963 2193 ¹

140 2235 176 2284 est
187 2231 301 2283 infirmum
318 2235 342 2282 ot
358 2231 447 2295 fragile.
465 2246 483 2279 n
961 2232 962 2235 ’

128 2426 131 2430 ¹
160 2365 202 2431 ’(1)
218 2369 263 2416 Vol
278 2381 307 2414 ex
324 2367 414 2414 oomioo
431 2372 502 2426 poete
520 2365 593 2415 rulert
607 2364 730 2426 (temnus
749 2367 878 2417 soilieetirr
892 2371 941 2419 Bu·

139 2427 233 2492 nuebo)
240 2464 250 2482 ,
263 2432 404 2490 prumittens
414 2431 463 2488 ipso
475 2429 523 2487 puis
533 2431 610 2476 uerbis
620 2431 662 2476 lib.
674 2433 706 2476 11.
722 2434 814 2478 contro
825 2433 939 2480 Jooe‘ru'or

139 2509 215 2551 num,
228 2506 281 2550 cap.
299 2493 330 2553 6,
345 2494 407 2538 uiros
426 2491 494 2538 linem
510 2509 516 2536 r
531 2493 594 2539 Esus
616 2495 731 2540 corutum
744 2497 767 2539 et
776 2498 852 2553 porus
872 2498 941 2546 υέπὲ,

138 2559 276 2614 neutrisque
290 2559 423 2606 saturitas,
436 2557 599 2602 seminarium
618 2555 734 2602 libidinis
751 2561 801 2610 ουκ·
817 2570 845 2603 ue
859 2559 941 2604 deinde

140 2622 282 2677 subiungens
295 2637 301 2663 ι
320 2619 387 2664 Unde
400 2618 511 2665 Comicus
529 2620 613 2676 inquit
626 2637 634 2662 .·
647 2619 707 2665 Sine
722 2619 840 2666 carerent
856 2622 942 2668 Libero

138 2681 215 2738 friget
240 2681 334 2732 Vanum
349 2682 444 2737 periuria
459 2693 492 2727 *eo
509 2682 530 2726 si
549 2682 653 2742 moeret,
667 2684 721 2728 utere
737 2681 852 2734 Boeoto,
866 2686 942 2741 quiet

141 2741 213 2787 Liber
226 2748 322 2792 uocatus
334 2745 364 2790 ab
378 2745 488 2800 antiquis.

127 2849 131 2854 .
174 2808 207 2869 (b)
224 2811 266 2857 vet
280 2814 404 2864 secundum
419 2814 449 2858 70
461 2831 469 2864 r,
482 2815 652 2860 Inueniuntur·
662 2816 797 2863 oolmoteu
807 2821 904 2869 oestro,
917 2823 940 2862 ut

141 2871 261 2929 Gregorius
272 2885 364 2932 quoque
378 2876 488 2922 retortio
503 2876 636 2923 Pontorotr'.
