1934 3284
355 175 391 215 ut
401 173 500 225 mou
779 162 827 212 100

29 249 81 311 uuit
97 248 189 301 seilicet
212 266 227 297 o
244 261 292 300 nou
309 250 429 301 laudantur
446 263 521 314 neque
537 249 693 314 vituperentur
713 248 752 314 qui
770 249 828 304 ittu-

29 325 107 372 ountur
121 321 159 372 uel
172 321 269 385 timent,
282 322 324 372 eod
332 322 372 387 qui
385 322 446 372 tirou
456 322 506 382 une
520 324 559 372 ant
572 319 675 374 ordinati
690 325 729 372 ant
741 319 828 374 inordi-

29 391 246 442 natdsehadent.»
425 386 431 396 ”

55 465 90 514 Ad
111 465 241 516 seeundum
255 464 388 529 dicendum,
403 463 464 530 qudd
486 464 553 515 timor
565 463 604 515 iile
619 463 646 514 ad
660 477 727 529 quern
742 463 830 516 inducit

28 535 164 599 Apostolus,
178 540 215 588 est
225 536 364 587 conveniens
374 536 470 600 rationi,
485 541 511 588 ut
521 535 607 588 seilicet
617 549 696 587 servus
706 536 786 586 timeat
798 548 828 586 ne

28 608 120 658 deficiat
132 609 156 658 in
173 608 293 672 obsequiis
306 623 357 672 oue
366 608 457 660 domino
470 605 686 672 debetimpendere.

56 680 91 729 td
104 680 203 730 tertium
214 679 349 744 dicendum,
357 679 418 744 qudd
428 679 487 730 male
497 675 579 744 quibus
588 679 657 728 homo
668 679 773 730 resistere
783 691 830 733 nott

28 754 111 815 potest,
116 754 140 802 et
146 763 177 801 ex
187 763 284 814 quorum
293 751 429 802 sustinentia
438 750 497 801 nihil
507 750 561 802 honi
574 749 680 816 provenit
689 749 829 816 hominiit),

29 822 83 872 ratio
105 823 168 874 dieat
185 835 236 874 esse
259 821 386 888 fugienda:
405 821 457 874 ideo
480 821 547 873 timor
566 821 642 872 talium
663 835 710 876 non
728 824 764 872 ost
778 834 830 888 poe

28 898 112 945 datum.

325 1001 489 1052 rinconis
501 1002 530 1051 li.

107 1128 198 1175 Utrt'tm
210 1129 334 1183 peecatum
344 1125 441 1172 timorit
450 1129 584 1184 opponetur
595 1125 748 1184 fortitudini.
766 1145 769 1150 ·
781 1095 788 1122 ¹

55 1256 87 1304 td
102 1253 232 1305 secundum
244 1251 277 1302 sio
287 1251 425 1316 proceditur.
435 1251 528 1302 Videtur
537 1249 598 1315 pudd
606 1255 728 1318 peceatum
741 1252 830 1304 timoris

27 1340 69 1376 nou
84 1328 218 1392 opponatur
234 1323 372 1374 tortitudini.
386 1323 505 1374 Fortitudo
521 1323 583 1374 enim
599 1328 635 1375 est
652 1324 713 1374 cirea
730 1323 831 1388 pericula

29 1399 122 1460 nortis,
136 1400 163 1447 ut
176 1393 246 1460 suprd
257 1393 361 1445 habitum
369 1397 405 1444 est
419 1394 460 1459 (t,
470 1399 494 1458 ἓ,
508 1409 547 1459 qo.
558 1399 599 1460 tt,
612 1399 654 1449 ert.
667 1393 707 1460 5).
719 1394 764 1446 Sed
778 1407 831 1460 peo-

28 1475 101 1520 rutnm
121 1466 212 1519 timoris
225 1479 271 1516 non
285 1478 375 1530 semper
387 1465 488 1528 pertinet
504 1467 532 1516 ed
549 1463 650 1530 pericula
670 1465 763 1531 mortis3
778 1463 832 1532 qnia

28 1554 92 1605 super
105 1540 166 1592 illud
175 1537 272 1588 Psalm.
282 1537 383 1588 CXXVII
398 1551 405 1587 ι
422 1554 436 1584 u
445 1537 509 1588 Beati
520 1550 599 1590 ornnes
611 1537 651 1602 qni
665 1537 746 1588 timent
756 1535 833 1588 Domi·

30 1626 96 1676 nun,
107 1629 123 1660 u
138 1613 218 1662 Gtossa
230 1609 293 1671 dicit,
305 1607 366 1673 qudd
380 1625 395 1657 «
405 1609 520 1660 humanus
531 1607 600 1660 timor
611 1613 654 1672 est,
667 1623 712 1674 quo
725 1609 833 1660 timemus

29 1685 70 1746 pati
84 1684 191 1750 pericula
200 1682 276 1732 uernis
281 1719 291 1747 ,
303 1682 341 1734 uei
352 1681 446 1746 perdere
456 1681 536 1732 mundi
545 1683 618 1746 honu3
628 1699 642 1730 n
658 1685 682 1733 et
696 1694 763 1748 super
775 1679 832 1733 iilud

28 1756 130 1813 diutile„
145 1754 220 1818 XXVI
241 1770 247 1803 :
265 1771 279 1801 o
290 1753 370 1804 0ruvit
381 1752 448 1804 tertio
465 1753 570 1804 eumdem
588 1757 732 1818 sermonem,
746 1755 832 1814 ete.,n

28 1826 80 1878 dicit
94 1828 192 1890 Glossa,
210 1823 271 1891 qudd
286 1842 300 1874 u
316 1824 401 1888 triplex
418 1827 454 1875 est
470 1825 544 1876 melus
561 1823 643 1888 timor,
659 1823 745 1875 scilieet
764 1821 834 1872 timor

28 1899 115 1966 nortio,
129 1899 201 1950 timor
217 1897 314 1948 vilitatis
326 1902 351 1947 et
363 1896 431 1948 timor
442 1896 535 1947 doloris.
550 1913 564 1944 »
579 1897 631 1947 Non
645 1907 699 1960 ergo
713 1897 833 1960 precntum

29 1971 113 2023 timoris
128 1970 255 2036 opponitur
268 1967 404 2020 fortitudini.

54 2049 79 2095 2.
93 2047 226 2103 preterea,
239 2040 380 2106 precipuum
397 2039 456 2102 quod
473 2037 680 2090 commendatoria
697 2035 829 2088 fortitudine
864 2099 867 2108 .

30 2119 76 2178 est,
96 2112 159 2179 qndd
173 2110 270 2175 exponit
285 2123 309 2160 se
320 2107 427 2175 periculis
440 2108 529 2161 mortis.
543 2107 589 2160 Sed
602 2108 736 2172 quandoque
750 2105 835 2172 aliquis

31 2197 54 2233 en
72 2185 155 2236 timore
175 2181 293 2234 seruitutis
311 2180 349 2230 rei
366 2179 497 2244 ignominie
516 2179 610 2244 exponit
631 2183 656 2230 se
672 2175 756 2241 morti,
772 2175 831 2231 siout

31 2259 168 2321 Augustinus
176 2255 221 2306 ini
232 2253 268 2304 be
279 2253 359 2304 civit.
371 2252 487 2318 Dei(eep.
498 2251 549 2316 nt),
559 2253 636 2301 narrat
645 2251 673 2301 de
684 2249 780 2310 Catone,
792 2247 835 2312 qui

33 2333 111 2380 utnon
130 2329 260 2380 incurreret
270 2320 364 2377 Cosano
381 2323 528 2386 seruitutem,
545 2321 611 2373 morti
624 2334 648 2373 ee
660 2319 759 2372 tradidit.
774 2319 835 2384 Ergo

33 2405 147 2462 peceatum
163 2397 255 2450 timoris
267 2409 314 2446 non
327 2394 450 2460 opponitur
463 2389 606 2456 fortitudini,
621 2391 662 2444 sed
678 2389 750 2454 magis
766 2389 836 2440 nabet

33 2471 203 2523 similitudinem
216 2482 270 2520 cunr
278 2467 342 2531 ipsa.

59 2549 82 2597 d.
97 2547 231 2605 Ρτωωτεα,
246 2539 321 2592 omnis
341 2536 469 2603 desperatio
489 2534 591 2602 procedit
605 2547 634 2586 ex
652 2534 727 2599 aliquo
744 2531 833 2586 timore.

62 2717 93 2781 (i)
107 2717 191 2773 eunti·
211 2714 323 2761 nutum
335 2717 391 2758 eunt
403 2722 465 2781 quoe·
475 2721 518 2767 pro
536 2709 643 2780 exempto
657 2707 685 2754 in
699 2673 837 2780 orpunrunto

34 2781 171 2835 aderuntun
186 2789 232 2826 neo
243 2777 307 2822 enirn
319 2772 511 2824 inundationibus
525 2770 561 2816 vei
573 2774 643 2816 etrum
654 2775 721 2816 ternu
734 2769 837 2819 motibus

34 2845 81 2892 edm
92 2844 204 2892 eoeidnnt
217 2838 295 2887 reond
303 2836 382 2899 potest
390 2854 402 2911 ἦ
409 2840 433 2882 et
442 2833 506 2884 nuile
518 2835 554 2910 ert?
565 2832 654 2880 homini
665 2843 782 2894 apperens
791 2831 837 2876 uti·

34 2908 81 2956 titre
94 2913 122 2956 ut
134 2917 165 2954 οι
177 2904 293 2965 patietur.
317 2972 321 2982 1
371 2971 374 2976 ¹
558 2963 560 2983 ἰ
638 2972 640 2980 Α

125 3017 153 3059 v,
711 2992 741 3040 Η
