1934 3284
122 191 170 242 tlt
246 195 498 250 tremolendum,
516 193 612 242 onum.
628 196 671 247 cs,
686 195 743 235 aar.
760 196 797 235 rs.

123 279 242 344 peccatum
254 289 351 340 mouens
367 275 466 327 totaliter
481 278 603 326 excusatur
615 273 629 324 l
641 273 721 339 culpa,
736 273 798 324 sicut
811 271 873 324 tonte
893 287 933 323 ac-

124 351 178 401 cidit
191 351 219 400 de
237 350 303 398 Loth.
321 347 346 398 Si
364 353 441 398 autem
456 351 519 397 actus
532 347 663 410 procedens
683 345 727 395 init
740 345 879 409 culpabilis,
898 326 946 401 sict

124 435 170 473 nou
184 421 282 472 totaliter
291 420 373 485 aliquis
382 419 626 484 excusaturhpeccato
635 417 754 481 sequenti,
770 418 832 480 quod
843 418 931 468 scilicet
945 428 946 489 t

124 492 225 543 redditur
251 492 402 542 voluntarium
427 505 456 542 ex
480 491 596 541 uoluntate
623 490 775 553 precedentis
802 490 886 550 actds,
909 490 947 583 in¹

126 569 235 628 quamum
249 563 335 614 scillcet
347 563 427 627 ahqnis
438 564 496 615 daus
509 575 601 626 operam
615 561 649 612 rei
662 561 746 612 illicite
758 561 843 612 incidit
856 561 881 611 in
896 575 933 611 se

127 649 200 700 quens
215 640 345 700 peccatum.
360 635 497 686 lliminuitor
510 639 588 684 tamen
605 637 725 698 peccatum
739 646 857 696 sequens,
874 628 948 685 sicutl

127 713 151 758 et
166 707 299 758 diminuitur
311 707 367 758 ratio
381 705 512 758 voluntarii.
527 706 593 757 Unde
609 704 751 770 Augustinus
764 704 822 756 dicit
838 707 934 756 Contra
948 728 949 759 3

129 787 251 832 Faustum
265 783 304 843 tut
312 779 403 844 supet),
413 777 473 843 quod
482 779 753 843 «triumphatum,
762 789 811 828 nnn
821 782 934 842 qnantum

129 852 166 902 ille
181 852 297 915 incestus,
309 852 349 902 sed
363 855 473 914 quantum
489 851 588 901 ebrietas
601 850 689 900 meruit.
704 866 719 896 u

162 925 196 975 hd
213 924 311 989 primum
328 937 380 985 erpo
402 923 538 985 dcendum,
554 922 613 985 qudd
635 921 788 986 Philosophus
809 935 859 972 nnn
880 923 934 973 dicit

131 996 191 1063 qudd
207 999 320 1046 mereatur
336 993 460 1058 graviorem
480 994 637 1044 multationem
650 992 738 1052 ebrius,
753 994 792 1043 sed
807 993 872 1058 quhd
889 1007 935 1043 me

132 1073 208 1119 ceatur
228 1067 340 1130 duplicem
361 1065 518 1116 multationem
535 1070 627 1130 propter
645 1065 730 1129 duplex
749 1069 881 1129 peccatum.
897 1065 936 1113 l'el

132 1141 209 1204 potest
225 1137 269 1188 dici
285 1135 345 1200 qudd
362 1136 462 1200 loquitur
477 1135 601 1187 secundum
614 1136 688 1199 legem
701 1135 821 1198 cujusdam
839 1135 936 1196 Pittaci,

133 1211 188 1274 qui,
206 1213 230 1259 ut
245 1208 328 1260 dicitur
340 1208 364 1257 in
377 1208 405 1258 11.
421 1207 511 1268 rotet..
521 1207 600 1258 statuit
615 1207 675 1271 qudd
684 1207 742 1258 ebrii
750 1207 771 1257 si
779 1211 935 1271 percuterent,

134 1282 186 1346 plus
201 1280 334 1344 punirentur
352 1279 420 1341 quim
437 1278 515 1341 sobrii,
527 1279 580 1342 quia
591 1280 668 1342 plures
678 1276 818 1341 injuriantur
828 1294 834 1328 :
844 1278 872 1328 in
883 1293 935 1343 quo,

134 1355 160 1402 ut
176 1349 399 1401 Aristotelesihidcm
409 1349 477 1411 dicit,
487 1349 577 1400 videtur
587 1350 658 1413 magis
667 1350 796 1414 respexisse
811 1351 840 1400 ad
854 1352 938 1401 utilila-

137 1428 182 1474 tcm
198 1422 303 1487 (scilicet
317 1426 341 1470 ul
354 1421 514 1472 cohiberentur
526 1421 630 1486 injuris)
643 1420 711 1485 quim
722 1422 751 1471 ad
762 1420 856 1472 veniam
873 1423 937 1487 quim

135 1496 225 1558 oportet
239 1493 322 1543 hahere
332 1493 360 1543 de
371 1492 440 1543 chriis
452 1497 545 1558 propter
558 1494 602 1543 hoc
613 1494 676 1556 quod
688 1505 736 1543 nnn
751 1497 808 1542 sunt
824 1494 864 1544 sui
881 1507 938 1545 com

136 1569 202 1630 potes
217 1563 260 1627 (tl.

168 1637 201 1686 hd
215 1633 338 1686 secundum
353 1635 485 1700 dicendum,
495 1635 558 1700 qudd
566 1636 664 1687 ebrietas
673 1635 744 1687 hahet
757 1649 870 1688 excusare
888 1652 939 1703 pec·
957 1632 959 1639 '

138 1711 226 1770 catum,
241 1719 287 1756 non
303 1719 332 1757 cx
347 1721 374 1758 ea
387 1711 450 1771 parte
462 1721 508 1772 qua
523 1713 561 1759 est
576 1716 709 1772 peccatum,
723 1709 764 1759 sed
781 1715 891 1773 exparte
905 1711 940 1760 de

138 1778 210 1830 lectuls
223 1779 391 1842 consequentis,
406 1784 431 1828 ut
443 1779 529 1829 dictum
543 1784 588 1831 est.

171 1853 204 1902 hd
226 1851 316 1900 tertium
339 1851 476 1912 dicendum,
490 1849 551 1914 qudd
570 1849 752 1915 coucupiscentia
772 1862 819 1901 non
842 1853 941 1904 totaliter

140 1923 195 1988 ligat
207 1923 333 1985 rationem,
344 1922 402 1972 sicut
415 1922 512 1974 christus
519 1959 527 1986 ‚
546 1922 590 1972 nisi
603 1919 661 1973 lorlt
676 1923 708 1972 sit
726 1927 790 1973 muta
801 1923 866 1986 quhd
880 1926 942 1975 iaciat

141 1996 256 2045 hominem
270 1993 369 2044 insanire
381 2012 388 2057 3
403 1999 427 2044 et
440 1998 518 2044 tamen
535 1993 610 2058 passio
623 1992 814 2057 concupiscentie
835 1995 941 2046 diminuit

142 2070 275 2131 peccatum,
289 2064 343 2129 quia
356 2063 415 2115 levis
428 2068 463 2115 est
476 2077 506 2115 ex
519 2063 649 2116 inlinuitate
663 2064 732 2128 qnam
744 2077 774 2116 cx
788 2065 880 2118 malitia
894 2082 943 2132 pec-

143 2151 203 2190 care.

177 2245 212 2312 (il
227 2247 291 2294 ltnde
303 2247 392 2293 videtur
403 2247 466 2292 illurn
476 2247 553 2304 lepetn
564 2247 733 2304 reprehendere
742 2280 748 2306 ‚
757 2245 811 2292 edm
818 2247 856 2294 sic
866 2250 892 2296 ln
902 2249 942 2294 tine

143 2311 196 2357 libri
216 2309 305 2368 plenlhs
323 2311 356 2355 uit
370 2327 375 2353 :
391 2311 452 2356 Fuit
472 2311 581 2356 Pittacus
595 2310 675 2368 lepesin
695 2311 823 2361 conditor,
836 2313 881 2358 ced
898 2325 945 2358 snos

142 2376 251 2432 politico
266 2371 306 2435 (ul
318 2386 347 2418 ex
363 2385 438 2432 groco
454 2373 479 2422 od
491 2371 608 2432 πολιτείας
622 2381 690 2418 vetus
708 2376 825 2431 interpres
838 2375 943 2435 redditi,

145 2447 193 2492 sive
208 2457 258 2492 non
273 2447 302 2492 ta
314 2444 440 2503 republica
450 2449 570 2494 oeream,
584 2450 609 2490 ut
622 2443 738 2502 explicant
752 2444 867 2490 moderni.
884 2449 943 2492 Pro·

143 2509 202 2566 prta
212 2515 292 2554 autem
302 2509 355 2565 ejus
372 2509 413 2554 tem
423 2511 466 2558 est,
476 2512 504 2554 ut
516 2506 578 2553 ebrit
588 2509 681 2565 mojori
691 2507 779 2554 domno
792 2510 945 2567 puniantur.

145 2573 168 2615 η’
180 2585 250 2629 quem
263 2571 462 2621 verberaverint,
476 2571 550 2629 puden
562 2570 656 2621 sobrii,
667 2572 727 2628 puin
739 2571 856 2628 plurilus
869 2571 943 2627 injic-

147 2634 341 2740 mfflffls
355 2639 399 2740 οὸισς
420 2636 469 2741 Νὲα
486 2635 542 2708 vend
562 2634 654 2741 dictitet..
668 2635 715 2740 ”Ji
732 2633 868 2691 simpliciter
867 2635 946 2741 &rent

172 2708 184 2738 0
215 2709 243 2739 ΙΙ
904 2705 944 2743 ”rs

148 2757 189 2800 sed
208 2703 363 2812 quddqetricqs
372 2697 604 2816 wltawam
612 2708 867 2817 6331810111»ρᾶὓῖαόἳὲ
879 2759 941 2810 sint·

149 2829 180 2862 au
194 2817 257 2872 iuste
272 2825 363 2880 autem,
377 2833 424 2866 nou
441 2821 560 2880 expendit.
