1934 3284
181 148 369 196 'memsam
385 147 561 193 mnam
573 150 601 192 m
615 149 732 196 emilia.
813 146 870 195 w

101 236 125 282 a.
138 231 263 294 Prolem,
277 229 421 296 operationes
428 231 539 281 ιιιιιιιιιιι
548 243 594 282 nou
603 236 657 282 scut
670 235 756 298 turpes,
768 233 870 299 tcaput.

70 303 201 366 cherrima,
213 306 238 352 ut
247 301 329 352 dicitur
345 303 399 354 inl.
411 301 495 353 Etdic.
509 303 554 353 Sed
568 305 703 367 quandoque
716 304 787 369 aliqui
800 318 869 357 vore·
956 336 957 341 ι

70 375 196 426 condantur
210 374 286 438 aliqua
299 387 367 438 opera
377 373 470 425 ιιιιιιιιι
483 375 574 437 lacere,
585 379 612 424 ιιι
629 375 712 426 dicitur
725 379 800 434 doc„
813 379 845 428 lli
862 394 869 429 τ

72 447 140 505 «Qui
157 445 271 497 erubuerit
284 458 320 496 me
333 449 358 496 ct
377 459 440 498 moos
458 459 590 510 sermones,
605 448 667 497 hunc
683 447 756 499 Filius
770 449 871 502 hominis

70 519 202 578 crubescet,
212 521 258 567 eto.
268 518 356 581 »Ergo
365 518 503 568 verecundia
517 530 563 568 non
572 521 607 569 est
616 518 644 569 do
654 519 716 583 turpi
729 524 792 571 actu.

101 591 124 638 ι.
149 589 274 651 lasiaco,
294 589 314 640 si
331 587 470 640 verecundia
491 588 582 654 proprld
600 593 661 641 esset
679 591 709 643 dc
728 591 789 656 turpi
803 595 869 658 actua,

67 663 190 724 oporteret
195 657 293 723 quidde
308 661 381 724 magis
389 661 571 724 turpihushcmo
581 660 653 725 magia
665 664 865 715 vmcounderetm.

68 731 114 783 Sed
128 731 263 796 quandoque
271 733 340 782 homo
348 731 399 795 plus
409 733 611 784 verecundaturdc
621 733 659 784 his
667 747 718 798 que
728 738 781 785 suut
794 735 871 787 ninas

68 801 331 868 percommodum
349 805 378 854 de
395 804 535 868 gravissimis
552 805 688 870 qmbusdam
700 805 802 869 pcccatis
820 807 869 870 qlo-

67 875 148 936 rictur,
161 872 286 924 secundum
300 874 356 926 illud
369 875 465 927 Paclm.
475 876 506 925 Ll
522 892 530 926 ι
544 892 559 923 ιι
574 875 632 936 Quid
646 876 751 942 gloriaris
763 877 789 928 ic
803 877 870 929 mali·

67 945 144 998 tialo
159 946 217 1010 drgo
231 947 368 998 verecundia
381 961 429 999 non
438 947 532 1013 proprid
545 952 580 999 est
591 949 619 999 de
630 947 691 1014 impl
705 952 765 1000 actu.

100 1019 145 1068 Sed
154 1020 233 1068 contre
242 1021 277 1068 est
283 1021 360 1084 ,quod
374 1021 528 1072 damascenus
534 1020 589 1071 dicit
601 1021 626 1071 in
638 1023 668 1072 ll.
682 1021 734 1084 hh,
748 1023 773 1072 et
784 1021 870 1086 Grego-

67 1090 116 1141 rius
131 1089 269 1155 ltpssaenus,
283 1089 343 1154 qudd
358 1107 373 1139 ιι
380 1091 518 1143 verecundia
530 1097 565 1143 eet
577 1092 664 1144 timor'
657 1105 683 1142 m
694 1093 756 1158 turpi
769 1097 823 1143 aotu
831 1093 869 1146 vel

67 1161 93 1214 in
107 1160 174 1226 turpi
187 1165 323 1226 perpetrato
334 1178 348 1210 o

105 1233 261 1297 (Coacuusuo.
284 1261 316 1274 -
328 1235 481 1300 verecundia,
501 1249 546 1301 qua
563 1236 633 1287 timor
650 1240 687 1287 est
705 1236 868 1302 turpitudinis,

67 1303 146 1370 prinad
165 1307 188 1355 et
200 1304 357 1370 principaliter
370 1306 507 1372 vituperium
524 1305 630 1372 respicit,
644 1308 777 1364 secundario
793 1311 869 1359 autem

66 1377 178 1428 vitiosam
192 1375 376 1443 turpitudinem.)

101 1447 238 1512 Respondes
258 1448 392 1512 dicendum,
406 1449 466 1514 qudd
486 1451 546 1502 siout
558 1451 627 1517 supra
639 1450 724 1502 dictum
742 1454 779 1502 est
791 1453 800 1513 t
810 1455 834 1513 1,
844 1456 870 1516 a,

67 1534 111 1586 qu.
124 1523 163 1581 ll,
175 1523 217 1570 art.
227 1524 251 1584 a,
262 1524 333 1585 etqua.
345 1525 384 1583 ta,
396 1525 440 1572 art.
449 1522 483 1588 a),
496 1522 549 1574 culm
563 1523 705 1590 depaesionc
717 1523 805 1575 umoris
816 1536 870 1588 age·

69 1599 148 1654 mour,
162 1591 230 1642 timor
239 1591 331 1657 proprid
345 1596 381 1644 ost
394 1595 422 1645 de
432 1595 492 1646 malo
508 1596 591 1659 arduo,
604 1595 665 1659 qood
678 1593 766 1645 scilicet
777 1593 870 1646 caracle

67 1663 165 1722 vitatur.
178 1662 219 1713 list
232 1665 307 1714 autem
316 1664 401 1728 duplex
414 1665 539 1730 turpitudo.
549 1667 599 1717 llna
611 1665 703 1731 quidem
713 1665 809 1730 vitiosa,
819 1679 870 1730 que

68 1733 159 1786 scilicet
172 1735 275 1786 consistit
286 1735 311 1785 in
322 1737 466 1789 deformitate
480 1737 546 1788 actds
561 1736 701 1789 voluntarii:
714 1740 739 1788 et
751 1739 801 1788 hoc
814 1750 870 1801 pro·

65 1803 119 1872 prae
133 1805 245 1871 loquendo
260 1807 390 1858 nonhabet
403 1808 516 1861 rationem
529 1808 582 1859 meli
598 1808 671 1860 ardui.
686 1808 753 1868 Quod
768 1808 868 1859 enimin

66 1878 118 1929 sola
131 1878 247 1928 voluntate
257 1877 364 1929 consistit
370 1915 379 1942 ,
388 1892 434 1930 non
445 1879 535 1930 videtur
547 1891 599 1931 esse
610 1879 707 1930 arduum
717 1883 741 1929 ct
754 1879 868 1930 elevatam

66 1961 138 2014 supra
154 1948 255 2000 hominis
265 1951 418 2014 potestatem:
431 1953 455 2000 et
468 1954 560 2016 propter
570 1951 614 2001 hoc
627 1963 674 2001 non
689 1950 869 2014 apprehenditur
933 2011 939 2024 ·

66 2020 110 2072 suh
126 2019 215 2071 ratione
227 2021 340 2072 terribilis.
356 2022 385 2072 dt
397 2025 490 2086 propter
503 2023 548 2072 hoc
561 2021 718 2086 Philosophus
727 2021 783 2071 dicit
793 2021 819 2071 ιιι
833 2023 863 2072 11.

65 2091 178 2148 aanor„
193 2091 254 2156 qudd
267 2094 348 2143 horum
361 2094 470 2144 mulorum
482 2106 528 2144 non
539 2096 576 2144 est
585 2092 662 2143 timor.
677 2091 727 2144 atla
740 2094 818 2143 autem
829 2096 867 2143 est

64 2163 183 2229 turpitudo
194 2164 259 2228 quasi
270 2164 380 2230 poenalis,
390 2177 441 2229 qua
448 2164 540 2229 quidem
551 2162 656 2215 consistit
666 2162 692 2213 ie
701 2163 867 2228 vituperatione

66 2235 179 2299 ahcarjcs,
193 2235 251 2286 sicvt
262 2237 364 2300 quedam
373 2236 463 2288 claritas
476 2236 555 2298 glorie
567 2235 674 2286 musistit
684 2235 868 2286 inhonoratione

65 2307 173 2372 alicujus.
188 2307 217 2358 lit
235 2308 288 2372 quia
303 2309 435 2373 hujusmodi
451 2308 590 2374 vituperium
604 2308 672 2359 hahet
688 2307 797 2358 rationem
814 2307 868 2357 mah

65 2379 133 2430 ardui
143 2416 150 2440 ,
165 2377 223 2429 sicut
231 2381 304 2431 honor
317 2381 386 2432 hahet
397 2380 507 2432 radonem
520 2381 576 2432 honi
586 2380 660 2443 ardui,
666 2378 806 2431 verecundia
815 2392 868 2442 qua

66 2453 103 2502 est
113 2451 182 2502 tinmr
199 2451 359 2518 turpitudinis,
373 2452 447 2518 prinvd
461 2456 486 2504 et
498 2452 654 2517 principaliter
671 2450 763 2516 respicit
772 2451 868 2516 vlhupc-

66 2522 128 2572 rium
138 2535 180 2573 seu
187 2524 342 2588 opprchriuro.
351 2527 379 2576 dt
388 2525 441 2590 quia
451 2525 588 2590 vituperium
596 2521 687 2588 propria
696 2523 790 2574 debetur
798 2522 865 2586 vitio,

65 2593 127 2644 sicut
147 2595 221 2645 honor
239 2596 334 2658 ιιιιιιιι,
355 2598 407 2648 ideo
429 2597 497 2648 etiam
516 2610 546 2648 er
562 2595 712 2659 consequenti
731 2594 868 2645 vemonudia

64 2664 160 2730 respicit
179 2666 341 2730 turpitudinem
354 2669 476 2720 vitiosam:
490 2669 550 2719 unde
563 2668 623 2718 sicut
641 2667 792 2730 Philosophus
809 2666 866 2716 dicit

55 2736 90 2786 -ιιι
105 2738 135 2788 ll.
146 2736 249 2788 *Rhetom
270 2739 391 2804 (caph),
407 2758 421 2789 ιι
433 2739 509 2790 minius
521 2740 589 2791 homo
603 2740 769 2790 verecundatur
782 2738 810 2788 dc
825 2737 866 2787 de·

65 2807 163 2859 iectihos
179 2808 219 2872 qui
234 2822 281 2860 non
295 2824 325 2863 cr
340 2812 391 2878 ojus
405 2812 470 2876 culpe
484 2811 658 2876 proveniunt.»
675 2809 776 2875 llespicit
791 2812 867 2858 ιιιιιιιι

65 2879 207 2930 verecundia
224 2881 313 2946 culpam
323 2882 457 2949 dupliciter:
473 2896 519 2935 uno
530 2883 621 2942 modo,
633 2886 661 2934 ut
677 2881 760 2947 aliquis
776 2879 867 2932 desinat
