1934 3284
331 149 367 187 nn
381 147 513 190 ohtricum
795 143 840 199 Μ.

50 220 107 268 rotem
121 233 163 274 non
175 223 257 276 sufficit
270 225 301 277 erl
316 225 468 288 merendum,
477 228 504 275 ut
518 226 583 290 putet
598 225 625 276 in
635 225 725 292 hirqui
740 226 826 280 horem

50 289 226 349 tileminlormem.
241 299 302 362 Ergo
322 298 398 351 cretio
417 311 464 349 non
481 303 518 348 est
535 301 598 350 ectus
614 299 753 352 meritorius.

71 362 104 414 Sed
115 370 186 420 mutu
199 373 245 435 est,
259 371 322 435 quod
338 382 409 434 super
420 369 474 420 illud
486 369 581 422 Psolm.
596 371 687 424 xxtttv
701 387 708 423 ι
721 388 736 421 o
747 373 826 426 orello

48 447 85 483 urm
95 436 115 485 in
130 439 177 489 sinu
189 455 240 493 mco
257 445 417 502 moveremur,
435 457 449 490 n>
463 440 623 493 tremolosa:
637 460 652 490 ιι
668 443 717 494 stri
731 443 768 496 oio
780 458 828 496 non

46 507 124 574 prosint,
133 523 171 574 ego
185 515 324 566 tamennon
339 525 391 562 sum
403 510 454 562 met
463 513 566 564 mercede
580 513 708 565 frustratus.
721 515 829 566 »neor

46 583 106 628 uutenr
122 595 165 633 non
184 583 281 638 debetur
301 583 348 636 nisi
365 583 456 636 merit).
473 584 532 648 Eupo
549 586 622 636 oratio
634 586 704 638 habet
716 587 829 640 rationem

46 650 113 699 uuiti.
670 699 673 706 .

69 720 211 782 (Cosmusro.
222 753 261 765 -
270 725 351 778 Oratio
365 739 413 776 nou
424 727 490 778 modo
510 725 606 779 intortius
619 727 761 793 spirituatem
771 741 827 782 con·

46 793 152 846 ullntionem
168 797 252 864 effert,
267 797 389 850 sedetiam
405 799 506 851 merendi
518 804 542 850 et
554 799 691 864 impetrandi
702 800 828 853 efficaciam

47 869 125 930 truslot,
137 869 227 922 cimex
241 864 356 940 charitate
370 869 447 923 metit
461 871 571 936 religione
584 872 716 937 procedat.)

66 938 184 1002 Respondeo
203 942 328 994 dicendum
337 981 345 1007 ,
362 937 424 1004 qu'od
447 942 507 993 sieut
528 941 666 995 dictumest
687 944 827 1009 (ertit),

46 1009 100 1058 orario
112 1018 189 1075 preter
202 1011 315 1066 effectum
329 1013 455 1077 spiritualis
469 1015 633 1065 consolationis
642 1028 711 1077 orrum
724 1029 827 1080 presen-

46 1077 110 1130 iuliter
120 1081 191 1150 offert,
201 1085 320 1150 duplicem
330 1085 401 1134 hahet
411 1084 517 1150 virtutem
526 1088 632 1149 respectu
643 1085 714 1137 loturi
721 1086 825 1152 effectus,

46 1151 111 1202 silicet
119 1155 223 1209 riuumm
233 1152 338 1207 merendi
351 1158 375 1206 et
384 1154 491 1206 virtutem
501 1156 644 1221 impetrandi.
654 1158 827 1222 (trutinantem,

46 1220 113 1295 portet
121 1228 213 1290 quilibet
225 1226 287 1280 alius
299 1229 365 1278 aetus
375 1226 482 1291 virtutis,
495 1229 565 1278 hahet
577 1227 702 1278 efficacium
715 1230 827 1294 merendi,

45 1304 60 1337 rr
71 1301 164 1356 orantum
174 1299 282 1364 procedit
298 1301 322 1349 el
339 1296 416 1352 radice
431 1297 563 1361 chrunus,
581 1300 647 1362 cuius
660 1301 776 1364 pmprinm
787 1303 829 1352 oh-

45 1363 107 1422 jutum
118 1374 151 1420 est
163 1371 257 1422 honum
269 1373 400 1432 eternum,
419 1369 485 1434 cnjus
497 1367 629 1420 fruitionem
639 1383 760 1422 meremur.
773 1374 829 1424 Pro
934 1419 936 1428 .

46 1436 88 1484 ulit
102 1443 172 1493 temen
187 1442 265 1494 oratio
280 1439 432 1502 hchmitnte,
445 1440 559 1491 mediante
576 1441 701 1507 religione,
713 1442 779 1506 cujus
792 1447 830 1495 est

45 1511 89 1558 uotis
102 1513 184 1575 oratio,
199 1517 226 1568 ot
240 1511 330 1572 otiolum
344 1515 380 1564 est
399 1514 453 1574 (art.
470 1511 518 1576 ¹³),
536 1512 741 1564 concomitantibus
760 1515 829 1566 etiam

48 1577 153 1634 pilusdrm
169 1583 224 1637 aliis
235 1582 376 1646 virtutihus,
389 1596 441 1646 que
454 1583 486 1632 ad
499 1583 621 1634 honitatem
635 1583 744 1635 orationis
754 1587 831 1649 requi-

46 1654 108 1716 untur,
118 1655 207 1708 scilicet
217 1653 349 1706 humilitate
360 1656 383 1704 et
393 1651 446 1706 fide.
457 1654 492 1704 hd
505 1653 640 1717 religionem
653 1655 714 1708 enim
728 1657 829 1720 pertinet

51 1732 96 1776 {lirun
108 1727 237 1778 emtionem
244 1726 293 1778 Deo
304 1724 402 1788 offerre3
413 1725 442 1775 ad
454 1724 589 1775 charitatem
599 1723 653 1777 uero
663 1725 762 1791 pertinet
769 1728 831 1778 desi·

51 1792 108 1844 :trium
122 1797 157 1848 rei
168 1797 239 1862 <nujus
255 1795 450 1862 complementum
463 1795 536 1846 oratio
551 1795 624 1860 petit;
635 1797 691 1847 tides
704 1801 831 1849 ruminent

54 1867 146 1920 tiisShil'a
159 1883 190 1921 ex
202 1873 269 1934 purte
283 1867 329 1918 Dei
342 1880 411 1931 quem
422 1880 523 1929 oramus,
534 1872 561 1918 ut
569 1868 655 1920 scilicet
669 1870 788 1920 credamne
800 1870 829 1920 eh

50 1951 100 1990 onus
117 1955 189 2006 posse
201 1939 308 1993 obtinere
321 1939 382 2004 quod
396 1940 509 2004 priimum
520 1939 637 1991 humilitus
650 1944 726 1991 nutem
740 1944 776 1992 est
789 1954 830 1993 ne·

46 2013 118 2064 treuna
133 2029 165 2065 ex
181 2019 248 2078 parte
264 2011 341 2076 ipsius
354 2011 465 2076 petentis,
480 2011 534 2074 quio
550 2024 615 2061 surm
631 2011 778 2076 indigentium
793 2025 829 2064 re·

57 2086 150 2150 ¹euosoit3
168 2089 207 2136 est
222 2083 292 2136 etiem
309 2086 334 2134 et
350 2082 441 2133 devotio
455 2082 597 2146 necessarie3
615 2083 656 2133 red
674 2084 724 2135 hec
740 2083 830 2133 adreh-

43 2164 112 2204 -nrem
125 2157 238 2220 pertinet,
249 2155 319 2219 cnjus
328 2155 364 2206 est
373 2153 460 2218 primus
470 2153 699 2218 retus,neoessnrins
708 2154 736 2204 nd
751 2166 830 2206 omnes

48 2233 205 2292 turonenses,
216 2231 242 2278 nt
255 2225 423 2291 supradictum
438 2230 473 2281 est
484 2229 544 2290 (nrt.
557 2230 569 2275 t
581 2224 739 2290 hiltirochum
752 2229 829 2279 autem

50 2299 160 2355 metronii
176 2299 247 2350 habet
261 2312 291 2350 ex
303 2297 376 2362 gralia
395 2297 439 2348 Dei
452 2311 520 2364 quem
534 2311 636 2359 oramus,
650 2295 690 2358 qut
708 2296 777 2348 etiam
788 2312 831 2351 nos

49 2374 57 2410 ι
71 2371 177 2422 orandum
192 2370 293 2433 induoil3
308 2369 371 2420 unde
382 2369 522 2432 Augustinus
533 2369 589 2419 dicit
605 2367 630 2419 in
643 2367 683 2418 hh.
698 2368 736 2418 De
749 2370 831 2423 versu

39 2437 139 2502 ιιιιιιιιιι,
152 2456 232 2492 serm.
246 2435 319 2492 XXIX
332 2456 337 2491 :
358 2457 372 2488 u
385 2441 442 2490 Non
450 2454 493 2492 nos
506 2442 635 2492 hortaretur
648 2441 674 2491 ut
687 2444 829 2507 peteremus,

38 2509 71 2555 ,isi
83 2514 134 2563 dure
143 2515 231 2579 rellet;
245 2514 262 2562 rt
270 2518 293 2564 et
302 2513 481 2578 chrysostomus
494 2511 549 2562 dicit
564 2509 600 2575 [jn
614 2512 668 2560 Cot.
686 2525 830 2574 procorum

38 2577 134 2632 lullum
144 2621 152 2640 ,
164 2586 225 2649 Luc,
237 2585 340 2648 Xthl):
355 2584 501 2648 «Nunquam
514 2583 588 2634 orunh'
600 2583 712 2634 henehc'n
722 2585 829 2647 denegnt,

35 2655 65 2711 pri
78 2661 207 2708 morantes
224 2671 270 2710 non
283 2657 401 2720 deficient,
413 2669 454 2706 sur
462 2655 555 2722 pietete
572 2654 675 2718 instigat.

61 2726 91 2772 ho
103 2727 204 2790 primum
221 2741 275 2792 ergo
288 2727 424 2788 dicendum,
438 2725 499 2790 unhul
511 2725 583 2776 oratio
595 2725 647 2777 siue
659 2725 733 2788 gratia
743 2727 831 2786 putum

35 2793 132 2862 (triente,
143 2799 262 2852 meritoria
273 2812 320 2850 non
327 2803 379 2862 est,
390 2797 450 2850 siem
463 2796 597 2860 necationis
605 2795 665 2846 elius
674 2800 738 2846 ectus
746 2794 832 2843 virtuo-

35 2881 76 2915 ιιι.
91 2871 118 2920 ht
129 2875 209 2922 tanuen
222 2873 293 2924 etiam
304 2869 382 2946 oratio
396 2881 448 2933 que
463 2867 572 2932 impetret
583 2865 680 2930 gratiam
691 2870 783 2933 prtum
796 2862 832 2934 ft·
