<?xml version="1.0" encoding="UTF-8"?>
<!DOCTYPE html PUBLIC "-//W3C//DTD XHTML 1.0 Transitional//EN"
    "http://www.w3.org/TR/xhtml1/DTD/xhtml1-transitional.dtd">
<html xmlns="http://www.w3.org/1999/xhtml" xml:lang="en" lang="en">
 <head>
  <title>
</title>
<meta http-equiv="Content-Type" content="text/html;charset=utf-8" />
  <meta name='ocr-system' content='tesseract 3.04.00' />
  <meta name='ocr-capabilities' content='ocr_page ocr_carea ocr_par ocr_line ocrx_word'/>
</head>
<body>
  <div class='ocr_page' id='page_1' title='image "./summatheologica05nicogoog_0712.png"; bbox 0 0 1934 3284; ppageno 0'>
   <div class='ocr_carea' id='block_1_1' title="bbox 287 193 835 240">
    <p class='ocr_par' dir='ltr' id='par_1_1' title="bbox 287 193 835 240">
     <span class='ocr_line' id='line_1_1' title="bbox 287 193 835 240; baseline 0.002 -1"><span class='ocrx_word' id='word_1_1' title='bbox 287 199 318 239; x_wconf 79' lang='lat' dir='ltr'><strong>ou</strong></span> <span class='ocrx_word' id='word_1_2' title='bbox 333 201 445 240; x_wconf 79' lang='lat' dir='ltr'><strong>anxurim</strong></span> <span class='ocrx_word' id='word_1_3' title='bbox 461 199 585 240; x_wconf 79' lang='lat' dir='ltr'><strong>eramus.</strong></span> <span class='ocrx_word' id='word_1_4' title='bbox 790 193 835 240; x_wconf 76' lang='lat' dir='ltr'><strong>&#39;tot</strong></span> 
     </span>
    </p>
   </div>
   <div class='ocr_carea' id='block_1_2' title="bbox 21 275 838 1634">
    <p class='ocr_par' dir='ltr' id='par_1_2' title="bbox 21 275 838 1634">
     <span class='ocr_line' id='line_1_2' title="bbox 22 275 836 342; baseline 0 -13"><span class='ocrx_word' id='word_1_5' title='bbox 22 277 90 329; x_wconf 89' lang='lat' dir='ltr'><strong>dicit</strong></span> <span class='ocrx_word' id='word_1_6' title='bbox 110 275 189 327; x_wconf 81' lang='lat' dir='ltr'><strong>Glossa</strong></span> <span class='ocrx_word' id='word_1_7' title='bbox 201 276 253 340; x_wconf 74' lang='grc' dir='ltr'><strong>(ιιι</strong></span> <span class='ocrx_word' id='word_1_8' title='bbox 271 293 285 325; x_wconf 79' lang='lat' dir='ltr'><strong>u</strong></span> <span class='ocrx_word' id='word_1_9' title='bbox 301 279 333 329; x_wconf 86' lang='lat' dir='ltr'><strong>tt</strong></span> <span class='ocrx_word' id='word_1_10' title='bbox 353 279 484 329; x_wconf 75' lang='lat' dir='ltr'>meretrices</span> <span class='ocrx_word' id='word_1_11' title='bbox 499 279 604 342; x_wconf 89' lang='lat' dir='ltr'><strong>probibet</strong></span> <span class='ocrx_word' id='word_1_12' title='bbox 619 279 723 330; x_wconf 87' lang='lat' dir='ltr'><strong>accedere</strong></span> <span class='ocrx_word' id='word_1_13' title='bbox 740 291 836 342; x_wconf 83' lang='lat' dir='ltr'><strong>quarum</strong></span> 
     </span>
     <span class='ocr_line' id='line_1_3' title="bbox 21 347 836 412; baseline 0.001 -12"><span class='ocrx_word' id='word_1_14' title='bbox 21 353 64 400; x_wconf 97' lang='grc' dir='ltr'><strong>εει</strong></span> <span class='ocrx_word' id='word_1_15' title='bbox 86 347 184 398; x_wconf 79' lang='lat' dir='ltr'><strong>venialis</strong></span> <span class='ocrx_word' id='word_1_16' title='bbox 201 349 323 412; x_wconf 75' lang='lat' dir='ltr'>turpitudo.</span> <span class='ocrx_word' id='word_1_17' title='bbox 339 367 352 397; x_wconf 81' lang='lat' dir='ltr'><strong>n</strong></span> <span class='ocrx_word' id='word_1_18' title='bbox 371 351 420 400; x_wconf 93' lang='lat' dir='ltr'><strong>Nou</strong></span> <span class='ocrx_word' id='word_1_19' title='bbox 437 351 497 400; x_wconf 89' lang='lat' dir='ltr'><strong>emim</strong></span> <span class='ocrx_word' id='word_1_20' title='bbox 512 351 578 400; x_wconf 88' lang='lat' dir='ltr'><strong>debet</strong></span> <span class='ocrx_word' id='word_1_21' title='bbox 598 350 641 401; x_wconf 90' lang='lat' dir='ltr'><strong>dici</strong></span> <span class='ocrx_word' id='word_1_22' title='bbox 657 351 778 407; x_wconf 79' lang='lat' dir='ltr'><strong>venialia,</strong></span> <span class='ocrx_word' id='word_1_23' title='bbox 795 349 836 401; x_wconf 90' lang='lat' dir='ltr'><strong>sed</strong></span> 
     </span>
     <span class='ocr_line' id='line_1_4' title="bbox 22 420 833 486; baseline -0.001 -15"><span class='ocrx_word' id='word_1_24' title='bbox 22 420 149 476; x_wconf 72' lang='lat' dir='ltr'><strong>verrutis,⁸</strong></span> <span class='ocrx_word' id='word_1_25' title='bbox 160 421 219 484; x_wconf 84' lang='lat' dir='ltr'><strong>quod</strong></span> <span class='ocrx_word' id='word_1_26' title='bbox 231 425 266 470; x_wconf 89' lang='grc' dir='ltr'><strong>εει</strong></span> <span class='ocrx_word' id='word_1_27' title='bbox 281 421 371 486; x_wconf 76' lang='lat' dir='ltr'><strong>proprie</strong></span> <span class='ocrx_word' id='word_1_28' title='bbox 385 423 536 472; x_wconf 80' lang='lat' dir='ltr'><strong>meretricum.</strong></span> <span class='ocrx_word' id='word_1_29' title='bbox 556 423 589 472; x_wconf 83' lang='lat' dir='ltr'><strong>ad</strong></span> <span class='ocrx_word' id='word_1_30' title='bbox 602 421 673 486; x_wconf 87' lang='lat' dir='ltr'><strong>bujus</strong></span> <span class='ocrx_word' id='word_1_31' title='bbox 691 426 766 472; x_wconf 87' lang='lat' dir='ltr'><strong>autem</strong></span> <span class='ocrx_word' id='word_1_32' title='bbox 783 422 833 473; x_wconf 84' lang='lat' dir='ltr'><strong>eri-</strong></span> 
     </span>
     <span class='ocr_line' id='line_1_5' title="bbox 23 492 834 557; baseline 0 -13"><span class='ocrx_word' id='word_1_33' title='bbox 23 492 136 544; x_wconf 78' lang='lat' dir='ltr'>dentiam</span> <span class='ocrx_word' id='word_1_34' title='bbox 151 492 336 542; x_wconf 87' lang='lat' dir='ltr'><strong>cousideraudnm</strong></span> <span class='ocrx_word' id='word_1_35' title='bbox 352 497 387 543; x_wconf 91' lang='lat' dir='ltr'><strong>est</strong></span> <span class='ocrx_word' id='word_1_36' title='bbox 403 492 460 556; x_wconf 86' lang='lat' dir='ltr'><strong>qubd</strong></span> <span class='ocrx_word' id='word_1_37' title='bbox 481 497 596 557; x_wconf 87' lang='lat' dir='ltr'><strong>peccatum</strong></span> <span class='ocrx_word' id='word_1_38' title='bbox 613 494 705 543; x_wconf 83' lang='lat' dir='ltr'><strong>mortale</strong></span> <span class='ocrx_word' id='word_1_39' title='bbox 719 498 755 543; x_wconf 87' lang='lat' dir='ltr'><strong>est</strong></span> <span class='ocrx_word' id='word_1_40' title='bbox 767 505 834 544; x_wconf 89' lang='lat' dir='ltr'><strong>omne</strong></span> 
     </span>
     <span class='ocr_line' id='line_1_6' title="bbox 23 564 837 629; baseline 0 -14"><span class='ocrx_word' id='word_1_41' title='bbox 23 567 155 629; x_wconf 87' lang='lat' dir='ltr'><strong>peccalum</strong></span> <span class='ocrx_word' id='word_1_42' title='bbox 169 567 229 626; x_wconf 87' lang='lat' dir='ltr'><strong>quod</strong></span> <span class='ocrx_word' id='word_1_43' title='bbox 243 565 390 616; x_wconf 90' lang='lat' dir='ltr'><strong>committitur</strong></span> <span class='ocrx_word' id='word_1_44' title='bbox 399 564 481 615; x_wconf 74' lang='lat' dir='ltr'><strong>directi</strong></span> <span class='ocrx_word' id='word_1_45' title='bbox 496 569 573 615; x_wconf 88' lang='lat' dir='ltr'><strong>contra</strong></span> <span class='ocrx_word' id='word_1_46' title='bbox 582 564 651 614; x_wconf 82' lang='lat' dir='ltr'><strong>ritum</strong></span> <span class='ocrx_word' id='word_1_47' title='bbox 661 566 769 615; x_wconf 90' lang='lat' dir='ltr'><strong>bominis.</strong></span> <span class='ocrx_word' id='word_1_48' title='bbox 778 566 837 616; x_wconf 87' lang='lat' dir='ltr'><strong>For·</strong></span> 
     </span>
     <span class='ocr_line' id='line_1_7' title="bbox 24 635 834 701; baseline 0.002 -15"><span class='ocrx_word' id='word_1_49' title='bbox 24 635 120 686; x_wconf 82' lang='lat' dir='ltr'><strong>nicatio</strong></span> <span class='ocrx_word' id='word_1_50' title='bbox 138 639 212 685; x_wconf 91' lang='lat' dir='ltr'><strong>autem</strong></span> <span class='ocrx_word' id='word_1_51' title='bbox 227 637 322 701; x_wconf 83' lang='lat' dir='ltr'>simplex</span> <span class='ocrx_word' id='word_1_52' title='bbox 336 636 443 700; x_wconf 75' lang='lat' dir='ltr'><strong>importat</strong></span> <span class='ocrx_word' id='word_1_53' title='bbox 452 636 640 688; x_wconf 81' lang='lat' dir='ltr'><strong>inordinationem</strong></span> <span class='ocrx_word' id='word_1_54' title='bbox 653 651 702 701; x_wconf 87' lang='lat' dir='ltr'><strong>qnae</strong></span> <span class='ocrx_word' id='word_1_55' title='bbox 717 636 793 699; x_wconf 81' lang='lat' dir='ltr'><strong>uergit</strong></span> <span class='ocrx_word' id='word_1_56' title='bbox 809 637 834 688; x_wconf 89' lang='lat' dir='ltr'><strong>iu</strong></span> 
     </span>
     <span class='ocr_line' id='line_1_8' title="bbox 24 708 834 772; baseline 0 -15"><span class='ocrx_word' id='word_1_57' title='bbox 24 710 198 757; x_wconf 88' lang='lat' dir='ltr'><strong>nocumentum</strong></span> <span class='ocrx_word' id='word_1_58' title='bbox 216 709 267 758; x_wconf 85' lang='lat' dir='ltr'><strong>uitae</strong></span> <span class='ocrx_word' id='word_1_59' title='bbox 285 713 334 771; x_wconf 83' lang='lat' dir='ltr'><strong>ejus</strong></span> <span class='ocrx_word' id='word_1_60' title='bbox 352 709 438 772; x_wconf 84' lang='lat' dir='ltr'><strong>quiesi</strong></span> <span class='ocrx_word' id='word_1_61' title='bbox 456 708 538 758; x_wconf 83' lang='lat' dir='ltr'><strong>extuli</strong></span> <span class='ocrx_word' id='word_1_62' title='bbox 558 709 679 758; x_wconf 83' lang='lat' dir='ltr'><strong>concubitu</strong></span> <span class='ocrx_word' id='word_1_63' title='bbox 697 710 834 758; x_wconf 79' lang='lat' dir='ltr'><strong>nasciturus.</strong></span> 
     </span>
     <span class='ocr_line' id='line_1_9' title="bbox 22 779 838 843; baseline 0.005 -17"><span class='ocrx_word' id='word_1_64' title='bbox 22 780 144 829; x_wconf 84' lang='lat' dir='ltr'><strong>Videmus</strong></span> <span class='ocrx_word' id='word_1_65' title='bbox 158 779 219 828; x_wconf 89' lang='lat' dir='ltr'><strong>enim</strong></span> <span class='ocrx_word' id='word_1_66' title='bbox 236 779 259 828; x_wconf 90' lang='lat' dir='ltr'><strong>in</strong></span> <span class='ocrx_word' id='word_1_67' title='bbox 276 780 379 830; x_wconf 89' lang='lat' dir='ltr'><strong>omuibus</strong></span> <span class='ocrx_word' id='word_1_68' title='bbox 394 780 529 830; x_wconf 84' lang='lat' dir='ltr'><strong>animalibus</strong></span> <span class='ocrx_word' id='word_1_69' title='bbox 543 779 662 843; x_wconf 86' lang='lat' dir='ltr'><strong>inquibus</strong></span> <span class='ocrx_word' id='word_1_70' title='bbox 675 781 702 829; x_wconf 88' lang='lat' dir='ltr'><strong>ad</strong></span> <span class='ocrx_word' id='word_1_71' title='bbox 719 781 838 830; x_wconf 87' lang='lat' dir='ltr'><strong>educatio·</strong></span> 
     </span>
     <span class='ocr_line' id='line_1_10' title="bbox 26 850 837 916; baseline 0.002 -16"><span class='ocrx_word' id='word_1_72' title='bbox 26 865 86 902; x_wconf 89' lang='lat' dir='ltr'><strong>nem</strong></span> <span class='ocrx_word' id='word_1_73' title='bbox 104 850 175 914; x_wconf 87' lang='lat' dir='ltr'><strong>prolis</strong></span> <span class='ocrx_word' id='word_1_74' title='bbox 194 851 314 915; x_wconf 84' lang='lat' dir='ltr'><strong>requiritur</strong></span> <span class='ocrx_word' id='word_1_75' title='bbox 327 865 380 901; x_wconf 88' lang='lat' dir='ltr'><strong>cura</strong></span> <span class='ocrx_word' id='word_1_76' title='bbox 393 851 459 902; x_wconf 87' lang='lat' dir='ltr'><strong>maris</strong></span> <span class='ocrx_word' id='word_1_77' title='bbox 474 858 498 902; x_wconf 89' lang='lat' dir='ltr'><strong>et</strong></span> <span class='ocrx_word' id='word_1_78' title='bbox 507 853 624 916; x_wconf 82' lang='lat' dir='ltr'><strong>ioeminae,</strong></span> <span class='ocrx_word' id='word_1_79' title='bbox 635 850 695 914; x_wconf 87' lang='lat' dir='ltr'><strong>qudd</strong></span> <span class='ocrx_word' id='word_1_80' title='bbox 709 852 734 901; x_wconf 90' lang='lat' dir='ltr'><strong>in</strong></span> <span class='ocrx_word' id='word_1_81' title='bbox 749 852 782 902; x_wconf 91' lang='lat' dir='ltr'><strong>eis</strong></span> <span class='ocrx_word' id='word_1_82' title='bbox 791 864 837 902; x_wconf 90' lang='lat' dir='ltr'><strong>nou</strong></span> 
     </span>
     <span class='ocr_line' id='line_1_11' title="bbox 24 923 837 987; baseline 0.004 -16"><span class='ocrx_word' id='word_1_83' title='bbox 24 927 65 971; x_wconf 82' lang='lat' dir='ltr'><strong>cst</strong></span> <span class='ocrx_word' id='word_1_84' title='bbox 84 935 158 986; x_wconf 78' lang='lat' dir='ltr'><strong>vagus</strong></span> <span class='ocrx_word' id='word_1_85' title='bbox 168 923 301 973; x_wconf 82' lang='lat' dir='ltr'><strong>concubitus</strong></span> <span class='ocrx_word' id='word_1_86' title='bbox 311 925 351 974; x_wconf 89' lang='lat' dir='ltr'><strong>sed</strong></span> <span class='ocrx_word' id='word_1_87' title='bbox 362 925 429 973; x_wconf 91' lang='lat' dir='ltr'><strong>maris</strong></span> <span class='ocrx_word' id='word_1_88' title='bbox 439 925 466 974; x_wconf 87' lang='lat' dir='ltr'><strong>ad</strong></span> <span class='ocrx_word' id='word_1_89' title='bbox 476 929 562 974; x_wconf 89' lang='lat' dir='ltr'><strong>certam</strong></span> <span class='ocrx_word' id='word_1_90' title='bbox 573 924 688 974; x_wconf 86' lang='lat' dir='ltr'><strong>loemioam</strong></span> <span class='ocrx_word' id='word_1_91' title='bbox 702 930 787 987; x_wconf 77' lang='lat' dir='ltr'><strong>tunam</strong></span> <span class='ocrx_word' id='word_1_92' title='bbox 800 924 837 974; x_wconf 81' lang='lat' dir='ltr'><strong>uel</strong></span> 
     </span>
     <span class='ocr_line' id='line_1_12' title="bbox 25 994 838 1059; baseline 0.004 -16"><span class='ocrx_word' id='word_1_93' title='bbox 25 995 134 1057; x_wconf 79' lang='lat' dir='ltr'><strong>piures)</strong></span> <span class='ocrx_word' id='word_1_94' title='bbox 150 995 208 1044; x_wconf 87' lang='lat' dir='ltr'><strong>sicut</strong></span> <span class='ocrx_word' id='word_1_95' title='bbox 225 999 288 1059; x_wconf 90' lang='lat' dir='ltr'><strong>patet</strong></span> <span class='ocrx_word' id='word_1_96' title='bbox 307 995 332 1045; x_wconf 91' lang='lat' dir='ltr'><strong>in</strong></span> <span class='ocrx_word' id='word_1_97' title='bbox 351 997 456 1046; x_wconf 88' lang='lat' dir='ltr'><strong>omnibus</strong></span> <span class='ocrx_word' id='word_1_98' title='bbox 473 997 562 1046; x_wconf 84' lang='lat' dir='ltr'><strong>avibus.</strong></span> <span class='ocrx_word' id='word_1_99' title='bbox 581 997 651 1046; x_wconf 80' lang='lat' dir='ltr'><strong>seem</strong></span> <span class='ocrx_word' id='word_1_100' title='bbox 669 1000 743 1046; x_wconf 88' lang='lat' dir='ltr'><strong>autem</strong></span> <span class='ocrx_word' id='word_1_101' title='bbox 762 1001 797 1046; x_wconf 87' lang='grc' dir='ltr'><strong>εει</strong></span> <span class='ocrx_word' id='word_1_102' title='bbox 813 994 838 1046; x_wconf 91' lang='lat' dir='ltr'><strong>iu</strong></span> 
     </span>
     <span class='ocr_line' id='line_1_13' title="bbox 27 1065 837 1128; baseline 0.005 -15"><span class='ocrx_word' id='word_1_103' title='bbox 27 1065 173 1115; x_wconf 88' lang='lat' dir='ltr'><strong>animalibus</strong></span> <span class='ocrx_word' id='word_1_104' title='bbox 184 1066 207 1115; x_wconf 92' lang='lat' dir='ltr'><strong>iu</strong></span> <span class='ocrx_word' id='word_1_105' title='bbox 224 1067 304 1128; x_wconf 84' lang='lat' dir='ltr'><strong>quibus</strong></span> <span class='ocrx_word' id='word_1_106' title='bbox 319 1067 366 1116; x_wconf 89' lang='lat' dir='ltr'><strong>sula</strong></span> <span class='ocrx_word' id='word_1_107' title='bbox 381 1066 473 1116; x_wconf 86' lang='lat' dir='ltr'><strong>loemina</strong></span> <span class='ocrx_word' id='word_1_108' title='bbox 487 1068 571 1117; x_wconf 88' lang='lat' dir='ltr'><strong>sullicit</strong></span> <span class='ocrx_word' id='word_1_109' title='bbox 583 1067 609 1115; x_wconf 90' lang='lat' dir='ltr'><strong>ad</strong></span> <span class='ocrx_word' id='word_1_110' title='bbox 625 1067 781 1116; x_wconf 84' lang='lat' dir='ltr'><strong>educationem</strong></span> <span class='ocrx_word' id='word_1_111' title='bbox 795 1068 837 1117; x_wconf 75' lang='grc' dir='ltr'><strong>ιε-</strong></span> 
     </span>
     <span class='ocr_line' id='line_1_14' title="bbox 27 1137 837 1202; baseline 0.005 -17"><span class='ocrx_word' id='word_1_112' title='bbox 27 1137 78 1198; x_wconf 83' lang='grc' dir='ltr'><strong>ιιε,</strong></span> <span class='ocrx_word' id='word_1_113' title='bbox 96 1137 120 1186; x_wconf 92' lang='lat' dir='ltr'><strong>iu</strong></span> <span class='ocrx_word' id='word_1_114' title='bbox 136 1137 219 1200; x_wconf 80' lang='lat' dir='ltr'><strong>quibus</strong></span> <span class='ocrx_word' id='word_1_115' title='bbox 235 1141 268 1187; x_wconf 90' lang='grc' dir='ltr'><strong>εει</strong></span> <span class='ocrx_word' id='word_1_116' title='bbox 282 1151 353 1200; x_wconf 77' lang='lat' dir='ltr'><strong>rugus</strong></span> <span class='ocrx_word' id='word_1_117' title='bbox 368 1139 518 1201; x_wconf 82' lang='lat' dir='ltr'><strong>concubitus3</strong></span> <span class='ocrx_word' id='word_1_118' title='bbox 534 1142 560 1187; x_wconf 91' lang='lat' dir='ltr'><strong>ut</strong></span> <span class='ocrx_word' id='word_1_119' title='bbox 572 1141 636 1202; x_wconf 89' lang='lat' dir='ltr'><strong>patet</strong></span> <span class='ocrx_word' id='word_1_120' title='bbox 652 1137 676 1187; x_wconf 94' lang='lat' dir='ltr'><strong>iu</strong></span> <span class='ocrx_word' id='word_1_121' title='bbox 690 1140 799 1201; x_wconf 90' lang='lat' dir='ltr'><strong>canibus,</strong></span> <span class='ocrx_word' id='word_1_122' title='bbox 813 1142 837 1189; x_wconf 90' lang='lat' dir='ltr'><strong>et</strong></span> 
     </span>
     <span class='ocr_line' id='line_1_15' title="bbox 28 1209 837 1273; baseline 0.004 -16"><span class='ocrx_word' id='word_1_123' title='bbox 28 1209 169 1272; x_wconf 90' lang='lat' dir='ltr'><strong>hujusmodi</strong></span> <span class='ocrx_word' id='word_1_124' title='bbox 187 1209 237 1259; x_wconf 86' lang='lat' dir='ltr'><strong>aliis</strong></span> <span class='ocrx_word' id='word_1_125' title='bbox 258 1209 400 1260; x_wconf 88' lang='lat' dir='ltr'><strong>animalibus.</strong></span> <span class='ocrx_word' id='word_1_126' title='bbox 420 1210 566 1260; x_wconf 76' lang='lat' dir='ltr'><strong>Manifestum</strong></span> <span class='ocrx_word' id='word_1_127' title='bbox 586 1214 622 1260; x_wconf 90' lang='grc' dir='ltr'><strong>εει</strong></span> <span class='ocrx_word' id='word_1_128' title='bbox 639 1215 715 1260; x_wconf 88' lang='lat' dir='ltr'><strong>autem</strong></span> <span class='ocrx_word' id='word_1_129' title='bbox 734 1209 793 1273; x_wconf 84' lang='lat' dir='ltr'><strong>qubd</strong></span> <span class='ocrx_word' id='word_1_130' title='bbox 809 1211 837 1260; x_wconf 86' lang='lat' dir='ltr'><strong>ad</strong></span> 
     </span>
     <span class='ocr_line' id='line_1_16' title="bbox 27 1279 838 1345; baseline 0.001 -15"><span class='ocrx_word' id='word_1_131' title='bbox 27 1281 196 1331; x_wconf 89' lang='lat' dir='ltr'><strong>educationem</strong></span> <span class='ocrx_word' id='word_1_132' title='bbox 210 1281 308 1331; x_wconf 91' lang='lat' dir='ltr'><strong>bominis</strong></span> <span class='ocrx_word' id='word_1_133' title='bbox 325 1295 370 1331; x_wconf 90' lang='lat' dir='ltr'><strong>mou</strong></span> <span class='ocrx_word' id='word_1_134' title='bbox 385 1279 458 1331; x_wconf 84' lang='lat' dir='ltr'><strong>sotum</strong></span> <span class='ocrx_word' id='word_1_135' title='bbox 472 1281 594 1344; x_wconf 85' lang='lat' dir='ltr'><strong>requiritur</strong></span> <span class='ocrx_word' id='word_1_136' title='bbox 608 1295 660 1331; x_wconf 91' lang='lat' dir='ltr'><strong>cura</strong></span> <span class='ocrx_word' id='word_1_137' title='bbox 674 1281 753 1330; x_wconf 89' lang='lat' dir='ltr'><strong>matris</strong></span> <span class='ocrx_word' id='word_1_138' title='bbox 766 1280 779 1331; x_wconf 80' lang='lat' dir='ltr'><strong>d</strong></span> <span class='ocrx_word' id='word_1_139' title='bbox 792 1294 838 1345; x_wconf 85' lang='lat' dir='ltr'><strong>qua</strong></span> 
     </span>
     <span class='ocr_line' id='line_1_17' title="bbox 28 1352 835 1416; baseline 0.002 -15"><span class='ocrx_word' id='word_1_140' title='bbox 28 1353 150 1416; x_wconf 89' lang='lat' dir='ltr'><strong>nutritur,</strong></span> <span class='ocrx_word' id='word_1_141' title='bbox 164 1353 202 1402; x_wconf 88' lang='lat' dir='ltr'><strong>sed</strong></span> <span class='ocrx_word' id='word_1_142' title='bbox 217 1352 289 1401; x_wconf 85' lang='lat' dir='ltr'><strong>multd</strong></span> <span class='ocrx_word' id='word_1_143' title='bbox 300 1352 370 1416; x_wconf 84' lang='lat' dir='ltr'><strong>magis</strong></span> <span class='ocrx_word' id='word_1_144' title='bbox 386 1365 438 1402; x_wconf 86' lang='lat' dir='ltr'><strong>cura</strong></span> <span class='ocrx_word' id='word_1_145' title='bbox 449 1353 520 1415; x_wconf 87' lang='lat' dir='ltr'><strong>patris</strong></span> <span class='ocrx_word' id='word_1_146' title='bbox 536 1352 606 1415; x_wconf 84' lang='lat' dir='ltr'><strong>liquo</strong></span> <span class='ocrx_word' id='word_1_147' title='bbox 621 1357 658 1403; x_wconf 89' lang='grc' dir='ltr'><strong>εει</strong></span> <span class='ocrx_word' id='word_1_148' title='bbox 672 1352 835 1415; x_wconf 86' lang='lat' dir='ltr'><strong>instituendus,</strong></span> 
     </span>
     <span class='ocr_line' id='line_1_18' title="bbox 29 1423 838 1487; baseline 0.002 -14"><span class='ocrx_word' id='word_1_149' title='bbox 29 1429 54 1473; x_wconf 91' lang='lat' dir='ltr'><strong>et</strong></span> <span class='ocrx_word' id='word_1_150' title='bbox 73 1424 247 1485; x_wconf 83' lang='lat' dir='ltr'><strong>defendendus,</strong></span> <span class='ocrx_word' id='word_1_151' title='bbox 260 1428 282 1474; x_wconf 90' lang='lat' dir='ltr'><strong>et</strong></span> <span class='ocrx_word' id='word_1_152' title='bbox 296 1423 321 1474; x_wconf 92' lang='lat' dir='ltr'><strong>in</strong></span> <span class='ocrx_word' id='word_1_153' title='bbox 341 1425 405 1474; x_wconf 89' lang='lat' dir='ltr'><strong>bouis</strong></span> <span class='ocrx_word' id='word_1_154' title='bbox 424 1429 470 1474; x_wconf 90' lang='lat' dir='ltr'><strong>tam</strong></span> <span class='ocrx_word' id='word_1_155' title='bbox 491 1424 636 1475; x_wconf 88' lang='lat' dir='ltr'><strong>interioribus</strong></span> <span class='ocrx_word' id='word_1_156' title='bbox 652 1424 720 1487; x_wconf 80' lang='lat' dir='ltr'><strong>quim</strong></span> <span class='ocrx_word' id='word_1_157' title='bbox 740 1424 838 1475; x_wconf 82' lang='lat' dir='ltr'><strong>exterio-</strong></span> 
     </span>
     <span class='ocr_line' id='line_1_19' title="bbox 29 1495 838 1561; baseline 0.002 -16"><span class='ocrx_word' id='word_1_158' title='bbox 29 1496 99 1546; x_wconf 91' lang='lat' dir='ltr'><strong>ribus</strong></span> <span class='ocrx_word' id='word_1_159' title='bbox 114 1499 288 1560; x_wconf 85' lang='lat' dir='ltr'><strong>promoveudds.</strong></span> <span class='ocrx_word' id='word_1_160' title='bbox 302 1497 330 1546; x_wconf 89' lang='lat' dir='ltr'><strong>Et</strong></span> <span class='ocrx_word' id='word_1_161' title='bbox 342 1497 393 1547; x_wconf 90' lang='lat' dir='ltr'><strong>ideo</strong></span> <span class='ocrx_word' id='word_1_162' title='bbox 405 1501 484 1547; x_wconf 87' lang='lat' dir='ltr'><strong>contra</strong></span> <span class='ocrx_word' id='word_1_163' title='bbox 497 1503 599 1546; x_wconf 89' lang='lat' dir='ltr'><strong>naturam</strong></span> <span class='ocrx_word' id='word_1_164' title='bbox 615 1495 715 1546; x_wconf 90' lang='lat' dir='ltr'><strong>bominis</strong></span> <span class='ocrx_word' id='word_1_165' title='bbox 726 1501 763 1546; x_wconf 86' lang='lat' dir='ltr'><strong>est</strong></span> <span class='ocrx_word' id='word_1_166' title='bbox 777 1495 838 1561; x_wconf 86' lang='lat' dir='ltr'><strong>qubd</strong></span> 
     </span>
     <span class='ocr_line' id='line_1_20' title="bbox 30 1567 838 1634; baseline 0.002 -17"><span class='ocrx_word' id='word_1_167' title='bbox 30 1573 115 1619; x_wconf 89' lang='lat' dir='ltr'><strong>utatur</strong></span> <span class='ocrx_word' id='word_1_168' title='bbox 125 1582 182 1632; x_wconf 83' lang='lat' dir='ltr'><strong>rago</strong></span> <span class='ocrx_word' id='word_1_169' title='bbox 193 1568 325 1632; x_wconf 80' lang='lat' dir='ltr'><strong>concubitu3</strong></span> <span class='ocrx_word' id='word_1_170' title='bbox 338 1570 377 1620; x_wconf 92' lang='lat' dir='ltr'><strong>sed</strong></span> <span class='ocrx_word' id='word_1_171' title='bbox 393 1573 482 1634; x_wconf 86' lang='lat' dir='ltr'><strong>oportet</strong></span> <span class='ocrx_word' id='word_1_172' title='bbox 497 1567 557 1632; x_wconf 81' lang='lat' dir='ltr'><strong>quod</strong></span> <span class='ocrx_word' id='word_1_173' title='bbox 572 1568 602 1619; x_wconf 91' lang='lat' dir='ltr'><strong>sit</strong></span> <span class='ocrx_word' id='word_1_174' title='bbox 613 1568 683 1619; x_wconf 88' lang='lat' dir='ltr'><strong>maris</strong></span> <span class='ocrx_word' id='word_1_175' title='bbox 692 1568 720 1617; x_wconf 89' lang='lat' dir='ltr'><strong>ad</strong></span> <span class='ocrx_word' id='word_1_176' title='bbox 732 1568 838 1619; x_wconf 90' lang='lat' dir='ltr'><strong>determi-</strong></span> 
     </span>
    </p>
   </div>
   <div class='ocr_carea' id='block_1_3' title="bbox 30 1639 840 2136">
    <p class='ocr_par' dir='ltr' id='par_1_3' title="bbox 30 1639 840 2136">
     <span class='ocr_line' id='line_1_21' title="bbox 31 1639 837 1706; baseline 0.002 -16"><span class='ocrx_word' id='word_1_177' title='bbox 31 1647 116 1692; x_wconf 88' lang='lat' dir='ltr'><strong>natam</strong></span> <span class='ocrx_word' id='word_1_178' title='bbox 130 1639 246 1691; x_wconf 76' lang='lat' dir='ltr'><strong>luminam</strong></span> <span class='ocrx_word' id='word_1_179' title='bbox 261 1655 311 1690; x_wconf 91' lang='lat' dir='ltr'><strong>curu</strong></span> <span class='ocrx_word' id='word_1_180' title='bbox 328 1653 372 1706; x_wconf 87' lang='lat' dir='ltr'><strong>qua</strong></span> <span class='ocrx_word' id='word_1_181' title='bbox 388 1645 528 1706; x_wconf 86' lang='lat' dir='ltr'><strong>permaneat,</strong></span> <span class='ocrx_word' id='word_1_182' title='bbox 543 1654 589 1691; x_wconf 92' lang='lat' dir='ltr'><strong>non</strong></span> <span class='ocrx_word' id='word_1_183' title='bbox 601 1654 642 1706; x_wconf 88' lang='lat' dir='ltr'><strong>per</strong></span> <span class='ocrx_word' id='word_1_184' title='bbox 656 1640 769 1691; x_wconf 85' lang='lat' dir='ltr'><strong>medicum</strong></span> <span class='ocrx_word' id='word_1_185' title='bbox 780 1647 837 1692; x_wconf 92' lang='lat' dir='ltr'><strong>lem·</strong></span> 
     </span>
     <span class='ocr_line' id='line_1_22' title="bbox 30 1712 839 1777; baseline 0.001 -15"><span class='ocrx_word' id='word_1_186' title='bbox 30 1727 91 1777; x_wconf 92' lang='lat' dir='ltr'><strong>pus,</strong></span> <span class='ocrx_word' id='word_1_187' title='bbox 109 1714 148 1764; x_wconf 88' lang='lat' dir='ltr'><strong>sed</strong></span> <span class='ocrx_word' id='word_1_188' title='bbox 160 1713 198 1763; x_wconf 91' lang='lat' dir='ltr'><strong>diu</strong></span> <span class='ocrx_word' id='word_1_189' title='bbox 208 1753 215 1774; x_wconf 90' lang='lat'>,</span> <span class='ocrx_word' id='word_1_190' title='bbox 227 1713 263 1762; x_wconf 86' lang='lat' dir='ltr'><strong>rel</strong></span> <span class='ocrx_word' id='word_1_191' title='bbox 277 1713 344 1763; x_wconf 87' lang='lat' dir='ltr'><strong>etiam</strong></span> <span class='ocrx_word' id='word_1_192' title='bbox 353 1727 395 1776; x_wconf 90' lang='lat' dir='ltr'><strong>per</strong></span> <span class='ocrx_word' id='word_1_193' title='bbox 406 1717 476 1764; x_wconf 89' lang='lat' dir='ltr'><strong>totam</strong></span> <span class='ocrx_word' id='word_1_194' title='bbox 487 1712 566 1761; x_wconf 86' lang='lat' dir='ltr'><strong>vitam.</strong></span> <span class='ocrx_word' id='word_1_195' title='bbox 578 1714 605 1761; x_wconf 86' lang='lat' dir='ltr'><strong>Et</strong></span> <span class='ocrx_word' id='word_1_196' title='bbox 616 1712 670 1763; x_wconf 89' lang='lat' dir='ltr'><strong>inde</strong></span> <span class='ocrx_word' id='word_1_197' title='bbox 683 1717 717 1762; x_wconf 90' lang='lat' dir='ltr'><strong>est</strong></span> <span class='ocrx_word' id='word_1_198' title='bbox 728 1712 789 1776; x_wconf 86' lang='lat' dir='ltr'><strong>qudd</strong></span> <span class='ocrx_word' id='word_1_199' title='bbox 799 1727 839 1763; x_wconf 84' lang='lat' dir='ltr'><strong>uu-</strong></span> 
     </span>
     <span class='ocr_line' id='line_1_23' title="bbox 33 1784 838 1849; baseline 0.002 -15"><span class='ocrx_word' id='word_1_200' title='bbox 33 1787 140 1836; x_wconf 89' lang='lat' dir='ltr'><strong>turaliter</strong></span> <span class='ocrx_word' id='word_1_201' title='bbox 148 1789 183 1835; x_wconf 90' lang='lat' dir='ltr'><strong>est</strong></span> <span class='ocrx_word' id='word_1_202' title='bbox 193 1786 291 1835; x_wconf 89' lang='lat' dir='ltr'><strong>maribus</strong></span> <span class='ocrx_word' id='word_1_203' title='bbox 300 1785 324 1835; x_wconf 91' lang='lat' dir='ltr'><strong>in</strong></span> <span class='ocrx_word' id='word_1_204' title='bbox 333 1786 408 1849; x_wconf 89' lang='lat' dir='ltr'><strong>speeie</strong></span> <span class='ocrx_word' id='word_1_205' title='bbox 416 1785 518 1834; x_wconf 88' lang='lat' dir='ltr'><strong>bumana</strong></span> <span class='ocrx_word' id='word_1_206' title='bbox 527 1784 655 1834; x_wconf 89' lang='lat' dir='ltr'><strong>sollicitudo</strong></span> <span class='ocrx_word' id='word_1_207' title='bbox 665 1785 693 1834; x_wconf 91' lang='lat' dir='ltr'><strong>de</strong></span> <span class='ocrx_word' id='word_1_208' title='bbox 702 1786 838 1837; x_wconf 86' lang='lat' dir='ltr'><strong>certitudine</strong></span> 
     </span>
     <span class='ocr_line' id='line_1_24' title="bbox 31 1855 839 1920; baseline 0.001 -13"><span class='ocrx_word' id='word_1_209' title='bbox 31 1857 124 1919; x_wconf 80' lang='lat' dir='ltr'><strong>prolis3</strong></span> <span class='ocrx_word' id='word_1_210' title='bbox 139 1857 191 1920; x_wconf 85' lang='lat' dir='ltr'><strong>quia</strong></span> <span class='ocrx_word' id='word_1_211' title='bbox 205 1857 239 1906; x_wconf 89' lang='lat' dir='ltr'><strong>eis</strong></span> <span class='ocrx_word' id='word_1_212' title='bbox 253 1856 356 1906; x_wconf 88' lang='lat' dir='ltr'><strong>imminet</strong></span> <span class='ocrx_word' id='word_1_213' title='bbox 366 1857 468 1906; x_wconf 89' lang='lat' dir='ltr'><strong>educatio</strong></span> <span class='ocrx_word' id='word_1_214' title='bbox 478 1855 549 1919; x_wconf 88' lang='lat' dir='ltr'><strong>prolis</strong></span> <span class='ocrx_word' id='word_1_215' title='bbox 561 1871 566 1903; x_wconf 91' lang='lat'>:</span> <span class='ocrx_word' id='word_1_216' title='bbox 579 1857 629 1905; x_wconf 79' lang='lat' dir='ltr'><strong>baec</strong></span> <span class='ocrx_word' id='word_1_217' title='bbox 639 1860 714 1905; x_wconf 88' lang='lat' dir='ltr'><strong>antem</strong></span> <span class='ocrx_word' id='word_1_218' title='bbox 728 1857 839 1908; x_wconf 89' lang='lat' dir='ltr'><strong>certitudo</strong></span> 
     </span>
     <span class='ocr_line' id='line_1_25' title="bbox 33 1927 837 1992; baseline 0.001 -14"><span class='ocrx_word' id='word_1_219' title='bbox 33 1929 163 1989; x_wconf 86' lang='lat' dir='ltr'><strong>tolleretur,</strong></span> <span class='ocrx_word' id='word_1_220' title='bbox 177 1928 197 1978; x_wconf 91' lang='lat' dir='ltr'><strong>si</strong></span> <span class='ocrx_word' id='word_1_221' title='bbox 208 1931 268 1978; x_wconf 88' lang='lat' dir='ltr'><strong>esset</strong></span> <span class='ocrx_word' id='word_1_222' title='bbox 281 1942 354 1992; x_wconf 79' lang='lat' dir='ltr'><strong>uagus</strong></span> <span class='ocrx_word' id='word_1_223' title='bbox 370 1928 512 1978; x_wconf 91' lang='lat' dir='ltr'><strong>concubitus.</strong></span> <span class='ocrx_word' id='word_1_224' title='bbox 524 1928 578 1978; x_wconf 79' lang='lat' dir='ltr'><strong>Haec</strong></span> <span class='ocrx_word' id='word_1_225' title='bbox 592 1931 667 1977; x_wconf 87' lang='lat' dir='ltr'><strong>autem</strong></span> <span class='ocrx_word' id='word_1_226' title='bbox 677 1927 837 1979; x_wconf 86' lang='lat' dir='ltr'><strong>determinatio</strong></span> 
     </span>
     <span class='ocr_line' id='line_1_26' title="bbox 34 1998 838 2061; baseline 0 -13"><span class='ocrx_word' id='word_1_227' title='bbox 34 2007 103 2051; x_wconf 81' lang='lat' dir='ltr'><strong>certae</strong></span> <span class='ocrx_word' id='word_1_228' title='bbox 118 1999 232 2061; x_wconf 83' lang='lat' dir='ltr'><strong>loerninae,</strong></span> <span class='ocrx_word' id='word_1_229' title='bbox 249 2000 444 2049; x_wconf 82' lang='lat' dir='ltr'><strong>matrimonium</strong></span> <span class='ocrx_word' id='word_1_230' title='bbox 460 2003 552 2049; x_wconf 84' lang='lat' dir='ltr'><strong>uocatur</strong></span> <span class='ocrx_word' id='word_1_231' title='bbox 568 2013 574 2048; x_wconf 93' lang='lat'><strong>:</strong></span> <span class='ocrx_word' id='word_1_232' title='bbox 592 2002 615 2048; x_wconf 89' lang='grc' dir='ltr'><strong>ει</strong></span> <span class='ocrx_word' id='word_1_233' title='bbox 627 1999 680 2048; x_wconf 87' lang='lat' dir='ltr'><strong>ideo</strong></span> <span class='ocrx_word' id='word_1_234' title='bbox 694 1998 838 2048; x_wconf 84' lang='lat' dir='ltr'><strong>dicitucesse</strong></span> 
     </span>
     <span class='ocr_line' id='line_1_27' title="bbox 35 2070 840 2136; baseline -0.001 -17"><span class='ocrx_word' id='word_1_235' title='bbox 35 2072 63 2122; x_wconf 92' lang='lat' dir='ltr'><strong>de</strong></span> <span class='ocrx_word' id='word_1_236' title='bbox 84 2076 139 2135; x_wconf 78' lang='lat' dir='ltr'><strong>jure</strong></span> <span class='ocrx_word' id='word_1_237' title='bbox 157 2071 261 2122; x_wconf 87' lang='lat' dir='ltr'><strong>naturali.</strong></span> <span class='ocrx_word' id='word_1_238' title='bbox 282 2072 327 2122; x_wconf 84' lang='lat' dir='ltr'><strong>Sed</strong></span> <span class='ocrx_word' id='word_1_239' title='bbox 345 2071 397 2136; x_wconf 89' lang='lat' dir='ltr'><strong>quia</strong></span> <span class='ocrx_word' id='word_1_240' title='bbox 414 2070 548 2122; x_wconf 87' lang='lat' dir='ltr'><strong>concubitus</strong></span> <span class='ocrx_word' id='word_1_241' title='bbox 569 2070 685 2121; x_wconf 87' lang='lat' dir='ltr'><strong>ordinatur</strong></span> <span class='ocrx_word' id='word_1_242' title='bbox 705 2071 733 2119; x_wconf 92' lang='lat' dir='ltr'><strong>ad</strong></span> <span class='ocrx_word' id='word_1_243' title='bbox 754 2070 840 2120; x_wconf 92' lang='lat' dir='ltr'><strong>bouum</strong></span> 
     </span>
    </p>
   </div>
   <div class='ocr_carea' id='block_1_4' title="bbox 38 2179 843 2998">
    <p class='ocr_par' dir='ltr' id='par_1_4' title="bbox 38 2179 843 2998">
     <span class='ocr_line' id='line_1_28' title="bbox 70 2179 835 2243; baseline -0.004 -17"><span class='ocrx_word' id='word_1_244' title='bbox 70 2181 102 2243; x_wconf 78' lang='lat' dir='ltr'><strong>(i)</strong></span> <span class='ocrx_word' id='word_1_245' title='bbox 119 2183 163 2228; x_wconf 81' lang='lat' dir='ltr'><strong>Vel</strong></span> <span class='ocrx_word' id='word_1_246' title='bbox 178 2187 329 2239; x_wconf 71' lang='lat' dir='ltr'><strong>preposterus</strong></span> <span class='ocrx_word' id='word_1_247' title='bbox 342 2182 482 2228; x_wconf 85' lang='lat' dir='ltr'><strong>adulterator</strong></span> <span class='ocrx_word' id='word_1_248' title='bbox 497 2181 597 2229; x_wconf 76' lang='lat' dir='ltr'><strong>Glossae.</strong></span> <span class='ocrx_word' id='word_1_249' title='bbox 610 2180 655 2225; x_wconf 87' lang='lat' dir='ltr'><strong>uisi</strong></span> <span class='ocrx_word' id='word_1_250' title='bbox 668 2179 835 2237; x_wconf 74' lang='lat' dir='ltr'><strong>typographico</strong></span> 
     </span>
     <span class='ocr_line' id='line_1_29' title="bbox 38 2242 840 2302; baseline -0.001 -15"><span class='ocrx_word' id='word_1_251' title='bbox 38 2247 123 2290; x_wconf 92' lang='lat' dir='ltr'><strong>mendo</strong></span> <span class='ocrx_word' id='word_1_252' title='bbox 137 2246 160 2289; x_wconf 90' lang='lat' dir='ltr'><strong>id</strong></span> <span class='ocrx_word' id='word_1_253' title='bbox 175 2246 284 2302; x_wconf 67' lang='lat' dir='ltr'><strong>contigitr</strong></span> <span class='ocrx_word' id='word_1_254' title='bbox 299 2245 426 2301; x_wconf 86' lang='lat' dir='ltr'><strong>etquidem</strong></span> <span class='ocrx_word' id='word_1_255' title='bbox 441 2245 497 2290; x_wconf 83' lang='lat' dir='ltr'><strong>sutis</strong></span> <span class='ocrx_word' id='word_1_256' title='bbox 509 2250 573 2302; x_wconf 88' lang='lat' dir='ltr'><strong>patet</strong></span> <span class='ocrx_word' id='word_1_257' title='bbox 586 2244 704 2299; x_wconf 91' lang='lat' dir='ltr'><strong>quomodo</strong></span> <span class='ocrx_word' id='word_1_258' title='bbox 719 2242 840 2298; x_wconf 77' lang='lat' dir='ltr'><strong>legendum</strong></span> 
     </span>
     <span class='ocr_line' id='line_1_30' title="bbox 38 2303 840 2366; baseline -0.002 -16"><span class='ocrx_word' id='word_1_259' title='bbox 38 2308 81 2366; x_wconf 81' lang='lat' dir='ltr'><strong>sit,</strong></span> <span class='ocrx_word' id='word_1_260' title='bbox 101 2307 153 2353; x_wconf 83' lang='lat' dir='ltr'><strong>curn</strong></span> <span class='ocrx_word' id='word_1_261' title='bbox 170 2309 309 2352; x_wconf 81' lang='lat' dir='ltr'><strong>condicitur</strong></span> <span class='ocrx_word' id='word_1_262' title='bbox 323 2307 410 2353; x_wconf 81' lang='lat' dir='ltr'><strong>tuntum</strong></span> <span class='ocrx_word' id='word_1_263' title='bbox 424 2309 518 2352; x_wconf 71' lang='lat' dir='ltr'><strong>neumis</strong></span> <span class='ocrx_word' id='word_1_264' title='bbox 532 2306 677 2364; x_wconf 82' lang='lat' dir='ltr'><strong>turpitudo,</strong></span> <span class='ocrx_word' id='word_1_265' title='bbox 691 2303 732 2350; x_wconf 91' lang='lat' dir='ltr'><strong>sed</strong></span> <span class='ocrx_word' id='word_1_266' title='bbox 743 2303 840 2361; x_wconf 79' lang='lat' dir='ltr'><strong>putttce</strong></span> 
     </span>
     <span class='ocr_line' id='line_1_31' title="bbox 38 2369 841 2429; baseline -0.002 -18"><span class='ocrx_word' id='word_1_267' title='bbox 38 2372 141 2417; x_wconf 72' lang='lat' dir='ltr'><strong>vertolio.</strong></span> <span class='ocrx_word' id='word_1_268' title='bbox 158 2373 193 2416; x_wconf 81' lang='lat' dir='ltr'><strong>Ex</strong></span> <span class='ocrx_word' id='word_1_269' title='bbox 206 2371 334 2428; x_wconf 77' lang='lat' dir='ltr'><strong>Augustino</strong></span> <span class='ocrx_word' id='word_1_270' title='bbox 352 2371 430 2429; x_wconf 84' lang='lat' dir='ltr'><strong>porro,</strong></span> <span class='ocrx_word' id='word_1_271' title='bbox 443 2383 483 2427; x_wconf 88' lang='lat' dir='ltr'><strong>qu.</strong></span> <span class='ocrx_word' id='word_1_272' title='bbox 499 2371 645 2415; x_wconf 74' lang='lat' dir='ltr'><strong>xxxviiia</strong></span> <span class='ocrx_word' id='word_1_273' title='bbox 659 2369 841 2415; x_wconf 70' lang='lat' dir='ltr'><strong>deuteronom..</strong></span> 
     </span>
     <span class='ocr_line' id='line_1_32' title="bbox 40 2430 842 2492; baseline -0.004 -16"><span class='ocrx_word' id='word_1_274' title='bbox 40 2431 61 2476; x_wconf 92' lang='lat' dir='ltr'><strong>id</strong></span> <span class='ocrx_word' id='word_1_275' title='bbox 71 2439 190 2488; x_wconf 88' lang='lat' dir='ltr'><strong>sumptum</strong></span> <span class='ocrx_word' id='word_1_276' title='bbox 200 2441 244 2487; x_wconf 87' lang='grc' dir='ltr'><strong>εει,</strong></span> <span class='ocrx_word' id='word_1_277' title='bbox 260 2435 299 2478; x_wconf 89' lang='lat' dir='ltr'><strong>ubi</strong></span> <span class='ocrx_word' id='word_1_278' title='bbox 313 2434 403 2492; x_wconf 80' lang='lat' dir='ltr'><strong>plenius</strong></span> <span class='ocrx_word' id='word_1_279' title='bbox 412 2434 462 2478; x_wconf 86' lang='lat' dir='ltr'><strong>ait:</strong></span> <span class='ocrx_word' id='word_1_280' title='bbox 478 2432 539 2478; x_wconf 82' lang='lat' dir='ltr'><strong>Ecce</strong></span> <span class='ocrx_word' id='word_1_281' title='bbox 553 2431 596 2477; x_wconf 80' lang='lat' dir='ltr'><strong>ulti</strong></span> <span class='ocrx_word' id='word_1_282' title='bbox 609 2430 737 2490; x_wconf 62' lang='lat' dir='ltr'><strong>manifecte</strong></span> <span class='ocrx_word' id='word_1_283' title='bbox 752 2430 842 2487; x_wconf 76' lang='lat' dir='ltr'><strong>probi-</strong></span> 
     </span>
     <span class='ocr_line' id='line_1_33' title="bbox 40 2493 841 2557; baseline 0 -21"><span class='ocrx_word' id='word_1_284' title='bbox 40 2493 91 2542; x_wconf 79' lang='lat' dir='ltr'><strong>buit</strong></span> <span class='ocrx_word' id='word_1_285' title='bbox 105 2497 232 2557; x_wconf 68' lang='lat' dir='ltr'><strong>sumtuum·</strong></span> <span class='ocrx_word' id='word_1_286' title='bbox 247 2501 267 2541; x_wconf 87' lang='lat' dir='ltr'><strong>et</strong></span> <span class='ocrx_word' id='word_1_287' title='bbox 280 2499 347 2542; x_wconf 82' lang='lat' dir='ltr'><strong>otror</strong></span> <span class='ocrx_word' id='word_1_288' title='bbox 362 2503 382 2542; x_wconf 87' lang='lat' dir='ltr'><strong>et</strong></span> <span class='ocrx_word' id='word_1_289' title='bbox 397 2497 525 2556; x_wconf 72' lang='lat' dir='ltr'><strong>soemr&#39;nur,</strong></span> <span class='ocrx_word' id='word_1_290' title='bbox 539 2497 611 2540; x_wconf 78' lang='lat' dir='ltr'><strong>etium</strong></span> <span class='ocrx_word' id='word_1_291' title='bbox 625 2506 680 2539; x_wconf 85' lang='lat' dir='ltr'><strong>cum</strong></span> <span class='ocrx_word' id='word_1_292' title='bbox 690 2505 741 2537; x_wconf 83' lang='lat' dir='ltr'><strong>non</strong></span> <span class='ocrx_word' id='word_1_293' title='bbox 751 2493 841 2538; x_wconf 78' lang='lat' dir='ltr'><strong>attenta</strong></span> 
     </span>
     <span class='ocr_line' id='line_1_34' title="bbox 42 2557 840 2618; baseline 0.001 -19"><span class='ocrx_word' id='word_1_294' title='bbox 42 2561 95 2617; x_wconf 82' lang='lat' dir='ltr'><strong>conj</strong></span> <span class='ocrx_word' id='word_1_295' title='bbox 99 2561 187 2618; x_wconf 77' lang='lat' dir='ltr'><strong>uptbur</strong></span> <span class='ocrx_word' id='word_1_296' title='bbox 195 2575 203 2612; x_wconf 94' lang='lat'><strong>,·</strong></span> <span class='ocrx_word' id='word_1_297' title='bbox 216 2565 340 2617; x_wconf 82' lang='lat' dir='ltr'><strong>peccalum</strong></span> <span class='ocrx_word' id='word_1_298' title='bbox 356 2571 403 2604; x_wconf 74' lang='lat' dir='ltr'><strong>aare</strong></span> <span class='ocrx_word' id='word_1_299' title='bbox 420 2559 586 2604; x_wconf 74' lang='lat' dir='ltr'><strong>demonstretur</strong></span> <span class='ocrx_word' id='word_1_300' title='bbox 600 2557 699 2602; x_wconf 71' lang='lat' dir='ltr'><strong>misceri</strong></span> <span class='ocrx_word' id='word_1_301' title='bbox 718 2567 769 2600; x_wconf 81' lang='lat' dir='ltr'><strong>non</strong></span> <span class='ocrx_word' id='word_1_302' title='bbox 783 2568 840 2600; x_wconf 84' lang='lat' dir='ltr'><strong>con·</strong></span> 
     </span>
     <span class='ocr_line' id='line_1_35' title="bbox 38 2619 843 2680; baseline -0.002 -16"><span class='ocrx_word' id='word_1_303' title='bbox 38 2619 142 2680; x_wconf 77' lang='lat' dir='ltr'><strong>jupr&#39;bue</strong></span> <span class='ocrx_word' id='word_1_304' title='bbox 156 2623 224 2671; x_wconf 76' lang='lat' dir='ltr'><strong>cuir,</strong></span> <span class='ocrx_word' id='word_1_305' title='bbox 243 2623 339 2679; x_wconf 81' lang='lat' dir='ltr'><strong>quondo</strong></span> <span class='ocrx_word' id='word_1_306' title='bbox 357 2625 378 2666; x_wconf 87' lang='lat' dir='ltr'><strong>et</strong></span> <span class='ocrx_word' id='word_1_307' title='bbox 393 2621 532 2667; x_wconf 76' lang='lat' dir='ltr'><strong>meretrices</strong></span> <span class='ocrx_word' id='word_1_308' title='bbox 547 2633 594 2665; x_wconf 81' lang='lat' dir='ltr'><strong>erte</strong></span> <span class='ocrx_word' id='word_1_309' title='bbox 614 2626 635 2665; x_wconf 88' lang='lat' dir='ltr'><strong>et</strong></span> <span class='ocrx_word' id='word_1_310' title='bbox 654 2619 685 2663; x_wconf 87' lang='lat' dir='ltr'><strong>ud</strong></span> <span class='ocrx_word' id='word_1_311' title='bbox 704 2619 843 2664; x_wconf 73' lang='lat' dir='ltr'><strong>meretriceo</strong></span> 
     </span>
     <span class='ocr_line' id='line_1_36' title="bbox 41 2680 841 2745; baseline -0.001 -18"><span class='ocrx_word' id='word_1_312' title='bbox 41 2687 152 2732; x_wconf 82' lang='lat' dir='ltr'><strong>accedere</strong></span> <span class='ocrx_word' id='word_1_313' title='bbox 166 2684 291 2743; x_wconf 78' lang='lat' dir='ltr'><strong>probibet,</strong></span> <span class='ocrx_word' id='word_1_314' title='bbox 305 2695 410 2743; x_wconf 77' lang='lat' dir='ltr'><strong>quorum</strong></span> <span class='ocrx_word' id='word_1_315' title='bbox 426 2684 525 2745; x_wconf 74' lang='lat' dir='ltr'><strong>publice</strong></span> <span class='ocrx_word' id='word_1_316' title='bbox 543 2681 638 2728; x_wconf 74' lang='lat' dir='ltr'><strong>venulis</strong></span> <span class='ocrx_word' id='word_1_317' title='bbox 654 2685 687 2726; x_wconf 82' lang='lat' dir='ltr'><strong>ert</strong></span> <span class='ocrx_word' id='word_1_318' title='bbox 701 2680 841 2738; x_wconf 78' lang='lat' dir='ltr'><strong>turpitudo.</strong></span> 
     </span>
     <span class='ocr_line' id='line_1_37' title="bbox 42 2745 843 2806; baseline -0.002 -16"><span class='ocrx_word' id='word_1_319' title='bbox 42 2747 99 2794; x_wconf 87' lang='lat' dir='ltr'><strong>Hinc</strong></span> <span class='ocrx_word' id='word_1_320' title='bbox 113 2750 249 2793; x_wconf 76' lang='lat' dir='ltr'><strong>meretrices</strong></span> <span class='ocrx_word' id='word_1_321' title='bbox 260 2747 403 2806; x_wconf 87' lang='lat' dir='ltr'><strong>appellantur</strong></span> <span class='ocrx_word' id='word_1_322' title='bbox 415 2752 509 2803; x_wconf 91' lang='lat' dir='ltr'><strong>propter</strong></span> <span class='ocrx_word' id='word_1_323' title='bbox 519 2745 650 2791; x_wconf 90' lang='lat' dir='ltr'><strong>mercedem</strong></span> <span class='ocrx_word' id='word_1_324' title='bbox 663 2756 733 2800; x_wconf 83' lang='lat' dir='ltr'><strong>quum</strong></span> <span class='ocrx_word' id='word_1_325' title='bbox 746 2745 843 2801; x_wconf 80' lang='lat' dir='ltr'><strong>exigunt</strong></span> 
     </span>
     <span class='ocr_line' id='line_1_38' title="bbox 42 2807 843 2869; baseline -0.001 -17"><span class='ocrx_word' id='word_1_326' title='bbox 42 2817 88 2856; x_wconf 78' lang='lat' dir='ltr'><strong>suu</strong></span> <span class='ocrx_word' id='word_1_327' title='bbox 108 2810 268 2868; x_wconf 89' lang='lat' dir='ltr'><strong>turpitudinis,</strong></span> <span class='ocrx_word' id='word_1_328' title='bbox 286 2811 472 2869; x_wconf 69' lang='lat' dir='ltr'><strong>utplurimum,</strong></span> <span class='ocrx_word' id='word_1_329' title='bbox 486 2816 581 2867; x_wconf 86' lang='lat' dir='ltr'><strong>propter</strong></span> <span class='ocrx_word' id='word_1_330' title='bbox 594 2807 750 2853; x_wconf 85' lang='lat' dir='ltr'><strong>uenditionem</strong></span> <span class='ocrx_word' id='word_1_331' title='bbox 770 2819 843 2864; x_wconf 88' lang='lat' dir='ltr'><strong>quam</strong></span> 
     </span>
     <span class='ocr_line' id='line_1_39' title="bbox 44 2869 843 2931; baseline -0.003 -13"><span class='ocrx_word' id='word_1_332' title='bbox 44 2876 189 2926; x_wconf 78' lang='lat' dir='ltr'><strong>uacineuutur</strong></span> <span class='ocrx_word' id='word_1_333' title='bbox 198 2874 234 2918; x_wconf 90' lang='lat' dir='ltr'><strong>sui</strong></span> <span class='ocrx_word' id='word_1_334' title='bbox 244 2875 357 2931; x_wconf 87' lang='lat' dir='ltr'><strong>corporis,</strong></span> <span class='ocrx_word' id='word_1_335' title='bbox 368 2879 413 2918; x_wconf 89' lang='lat' dir='ltr'><strong>etc.</strong></span> <span class='ocrx_word' id='word_1_336' title='bbox 429 2875 467 2920; x_wconf 82' lang='lat' dir='ltr'><strong>Au</strong></span> <span class='ocrx_word' id='word_1_337' title='bbox 477 2880 557 2919; x_wconf 85' lang='lat' dir='ltr'><strong>autem</strong></span> <span class='ocrx_word' id='word_1_338' title='bbox 571 2871 687 2931; x_wconf 86' lang='lat' dir='ltr'><strong>prohibitu</strong></span> <span class='ocrx_word' id='word_1_339' title='bbox 699 2869 843 2928; x_wconf 79' lang='lat' dir='ltr'><strong>intelligetur</strong></span> 
     </span>
     <span class='ocr_line' id='line_1_40' title="bbox 45 2932 428 2998; baseline 0 -18"><span class='ocrx_word' id='word_1_340' title='bbox 45 2932 66 2980; x_wconf 87' lang='lat' dir='ltr'><strong>iu</strong></span> <span class='ocrx_word' id='word_1_341' title='bbox 81 2938 206 2998; x_wconf 72' lang='lat' dir='ltr'><strong>decalogo,</strong></span> <span class='ocrx_word' id='word_1_342' title='bbox 220 2936 315 2984; x_wconf 86' lang='lat' dir='ltr'><strong>interius</strong></span> <span class='ocrx_word' id='word_1_343' title='bbox 329 2935 428 2995; x_wconf 84' lang='lat' dir='ltr'><strong>patebit.</strong></span> 
     </span>
    </p>
   </div>
   <div class='ocr_carea' id='block_1_5' title="bbox 707 3030 751 3083">
    <p class='ocr_par' dir='ltr' id='par_1_5' title="bbox 707 3030 751 3083">
     <span class='ocr_line' id='line_1_41' title="bbox 707 3030 751 3083; baseline -0.023 0"><span class='ocrx_word' id='word_1_344' title='bbox 707 3030 751 3083; x_wconf 66' lang='lat'><strong>20*</strong></span> 
     </span>
    </p>
   </div>
   <div class='ocr_carea' id='block_1_6' title="bbox 0 0 993 3284">
    <p class='ocr_par' dir='ltr' id='par_1_6' title="bbox 0 0 993 3284">
     <span class='ocr_line' id='line_1_42' title="bbox 0 0 993 3284; baseline 0 0"><span class='ocrx_word' id='word_1_345' title='bbox 0 0 993 3284; x_wconf 95' lang='lat' dir='ltr'><strong> </strong></span> 
     </span>
    </p>
   </div>
  </div>
 </body>
</html>
