1934 3284
159 184 162 191 ’
186 184 190 191 -
227 176 269 217 *ns
284 176 467 216 sorsesrmerm
481 178 629 219 ιιιιιιιιιιιι.
787 172 839 223 tes·

31 267 53 308 co
71 259 180 321 tempere
198 254 303 307 centurio
323 255 415 320 quoidam
435 253 587 307 exclamarit:
606 257 732 323 Sipniser,
750 261 835 311 statue

30 332 140 390 riporum,
154 326 197 377 tric
209 326 309 391 optime
324 326 573 391 muselenensium
588 342 668 379 remur
680 329 779 380 auditam
793 344 835 397 pre

31 400 102 450 enine
115 400 273 461 acceperunt,
283 397 418 447 transeundi
425 398 545 449 consilium
558 400 697 452 omittentes.
705 418 719 448 n
727 401 751 451 Si
759 407 835 453 autem

31 472 205 521 considerentur
214 468 297 532 aliqua
307 468 470 533 dispositiones
488 470 608 534 figurarum
619 471 644 522 in
655 473 767 537 alicprilrus
781 487 836 524 cen

31 544 120 606 poribus
133 540 199 591 risui
214 544 373 601 occurrentes,
387 538 428 591 erit
445 540 490 591 alia
504 541 649 593 divinationis
666 544 754 607 species
764 559 770 593 z
781 556 834 595 nam

31 628 52 665 rr
69 612 221 665 lineamentis
236 610 319 661 mande
333 611 497 674 consideratis,
512 612 621 663 divinatio
636 618 737 679 sumpta,
752 616 835 665 ction-

32 688 125 736 nzontte
136 686 245 745 vocatur,
254 682 321 745 quasi
330 682 440 733 divinatio
452 684 545 747 nanos,
557 687 626 734 otreio
637 685 699 735 enim
712 686 785 751 grece
798 686 833 737 di·

32 759 87 806 citur
100 770 211 816 menum
231 752 345 804 divinatio
363 753 416 805 rere
434 768 460 805 ex
479 756 612 819 quibusdam
625 756 696 819 signis
709 756 733 806 in
747 757 835 821 spatula

31 830 124 895 alicujus
137 825 248 877 animalis
258 825 429 890 apparentibus,
443 826 647 891 epatotementio
656 832 755 877 venatur.

58 902 90 951 ld
98 898 228 951 secundum
237 900 314 947 autem
323 896 470 948 divinationis
477 899 622 963 genusqnol
630 898 720 949 estsine
727 912 835 963 expressa

33 974 154 1023 domenum
173 968 338 1032 invocatione,
350 968 446 1032 pertinet
461 969 571 1020 divinatio
586 983 638 1033 quae
648 968 673 1018 lit
687 982 715 1020 ex
729 970 836 1021 conside-

33 1046 112 1095 rnlioee
123 1049 207 1093 eorum
221 1054 272 1105 quot
285 1038 397 1091 eveniunt
410 1053 438 1091 er
453 1038 588 1105 quibusdam
603 1054 654 1105 quse
666 1040 693 1090 ab
705 1040 836 1092 homiuibus

32 1116 84 1165 serit
102 1114 163 1165 dunt
181 1113 211 1163 ad
232 1112 317 1176 aliquid
336 1112 449 1162 oecultum
467 1110 628 1175 inquirendum
648 1110 717 1162 :sire
730 1124 772 1175 per
784 1126 837 1175 pro·

32 1188 164 1237 tectionem
182 1187 335 1249 punctorum,
351 1184 409 1247 qued
426 1182 525 1247 pertlnet
540 1184 568 1233 ad
584 1186 655 1233 artem
669 1184 834 1248 promentem
907 1214 913 1225 .

33 1258 74 1307 sire
85 1270 126 1321 per
135 1254 348 1307 considerationem
361 1256 481 1316 figurarum
494 1267 545 1317 qum
554 1253 692 1317 proueniunt
701 1266 729 1303 ex
738 1254 831 1317 plumbo

33 1328 147 1391 lipreiaclo
176 1324 202 1375 in
226 1338 286 1391 aqua
301 1324 423 1389 'projeot03
439 1324 488 1375 slve
512 1337 541 1375 ex
558 1323 693 1387 quibusdam
721 1326 836 1375 schedulis

33 1400 114 1463 scriptis
127 1398 168 1449 rel
180 1408 228 1447 uon
246 1394 339 1460 seriptis
353 1394 475 1445 inocculto
489 1394 605 1458 repositis,
615 1396 668 1445 dom
680 1395 836 1446 consideratur

36 1484 94 1531 mam
107 1472 160 1535 unis
170 1468 288 1533 accipiat3
304 1466 342 1517 rel
359 1466 428 1517 etiam
442 1480 470 1517 ex
483 1466 578 1518 festucis
591 1466 742 1531 iuuenalibus
754 1481 836 1533 prepe-

38 1541 83 1590 sitis
93 1544 138 1605 qnis
149 1540 268 1604 majorem
283 1537 320 1589 rel
334 1536 445 1587 minorem
465 1537 576 1603 accipiat;
591 1538 626 1588 rel
641 1537 770 1589 taxillorum
782 1552 835 1603 pre·

34 1612 134 1678 jectivus,
151 1612 210 1679 quis
221 1610 289 1675 plura
303 1612 387 1674 puncta
398 1608 517 1673 projiciat3
532 1609 646 1660 ueletiam
660 1610 713 1659 dum
729 1610 835 1662 conside·

34 1688 89 1733 ratur
107 1684 161 1748 quid
190 1680 308 1747 aperienti
324 1679 406 1729 librum
427 1684 545 1741 occurrat,
560 1680 701 1746 quaomnia
723 1682 835 1731 sortium

36 1768 110 1805 nomeu
122 1754 224 1805 habeut.

62 1827 96 1876 Sic
108 1840 164 1891 crgo
175 1829 244 1890 patet
256 1823 342 1887 triplex
355 1836 406 1875 esse
417 1822 564 1875 divinationis
577 1838 659 1887 geues.
673 1826 773 1885 Quorum
790 1824 834 1890 pri·

37 1910 91 1947 nono
109 1904 144 1949 est
160 1910 205 1962 per
223 1895 368 1945 manifestum
380 1896 507 1946 daenronnm
520 1895 687 1947 invocationem
699 1897 771 1961 tquod
782 1909 835 1961 per-

37 1966 86 2016 tinet
94 1969 122 2018 ad
132 1963 343 2028 necromanticus)
359 1964 486 2015 Secundum
497 1969 572 2015 autern
583 1969 617 2016 est
628 1979 668 2030 per
677 1968 747 2017 solam
760 1965 836 2017 censi·

37 2038 169 2089 decetionem
182 2035 342 2101 dispositionis
355 2035 392 2085 rel
405 2035 479 2087 motos
496 2037 590 2087 alterius
600 2038 632 2087 rei
647 2037 724 2102 (quod
739 2037 837 2099 pertinet

36 2109 196 2173 langores)
210 2105 318 2158 Tertium
331 2110 381 2168 est,
397 2106 449 2157 dum
462 2106 558 2157 lacinus
572 2106 655 2171 aliquid
669 2112 695 2157 ut
709 2106 774 2157 noeis
788 2120 836 2157 rna-

38 2179 150 2231 nilcstetur
171 2169 265 2243 aliquod
285 2176 399 2227 occultum
416 2175 488 2241 (qued
506 2177 603 2241 pertinet
624 2178 651 2227 ad
672 2177 776 2240 sortes).
791 2178 837 2229 Solo

39 2251 130 2310 quolibet
144 2255 223 2303 auwm
236 2252 319 2301 trorum
333 2248 404 2299 rnulta
416 2248 569 2309 continentur,
582 2253 606 2299 ut
614 2254 677 2313 patet
691 2264 719 2300 ex
730 2249 803 2302 dictis.

67 2323 96 2370 ld
109 2322 211 2387 primum
226 2332 281 2385 ergo
292 2319 423 2383 dicendum,
437 2318 516 2385 qoed'
509 2334 534 2370 ιιι
552 2321 657 2371 omnibus
669 2320 784 2383 predictis
801 2325 838 2373 est

41 2392 110 2443 erdem
135 2392 253 2457 generalis
268 2390 331 2441 ratio
352 2390 474 2454 peccandi4
490 2391 529 2441 sed
551 2404 597 2441 non
614 2392 691 2442 eadere
715 2391 835 2457 specialis3

42 2462 104 2513 nulle
121 2464 184 2513 enim
197 2462 292 2525 gratim
304 2463 338 2511 est
349 2461 461 2511 daemones
473 2461 589 2521 invocare,
599 2461 667 2525 quarn
677 2462 752 2530 atqua
763 2463 838 2514 faeere
854 2475 860 2479 ·

42 2535 114 2594 quitus
126 2534 223 2597 dignum
238 2532 269 2583 sit
281 2535 310 2581 nt
321 2544 345 2581 se
359 2533 472 2583 demones
486 2532 600 2596 ingerant,

68 2605 97 2655 td
108 2605 239 2655 secundem
248 2600 381 2664 dicendum,
395 2602 456 2667 quod
467 2604 567 2667 cognitio
580 2602 706 2654 rutinorum
719 2605 755 2656 uel
764 2606 839 2656 oecul-

40 2676 108 2730 trrom
121 2676 162 2726 'est
175 2673 348 2737 elimosinis,
363 2688 390 2725 ex
404 2680 448 2739 qno
466 2674 563 2725 snrnitnr
582 2676 692 2737 generalis
709 2675 766 2726 ratio
781 2676 839 2725 diri·

45 2748 153 2799 nationis·
146 2746 341 2829 ,distinguuntur
351 2752 426 2797 aarum
441 2747 536 2797 diversae
549 2746 639 2809 species
651 2747 774 2797 semodium
787 2759 840 2810 pre

45 2819 82 2878 pria
97 2820 194 2885 objecta
213 2819 263 2869 sire
284 2818 406 2882 materias,
423 2824 491 2884 prout
511 2818 622 2870 scilioet'
616 2832 640 2872 ιι
662 2818 758 2871 dirersis
772 2817 840 2909 ultus
933 2838 938 2846 ·

44 2892 179 2947 deuterum
195 2889 299 2957 coemto
313 2890 474 2945 consideratur
