1934 3284
306 155 337 193 nn
353 154 441 195 cuturn
459 158 587 196 ειιιιιιοιιιι.
798 152 846 201 oen

23 238 83 298 tiae,
99 234 137 285 ila
149 232 221 283 etium
235 244 263 285 eo
275 245 326 297 que
336 232 453 297 pertinent
462 233 491 283 ud
501 233 610 285 virtutem
620 233 681 286 fidei.
691 236 752 302 Ergo
766 239 787 289 si
800 254 847 304 po-

23 309 98 358 nitur
108 320 194 355 sermo
204 306 335 369 sapientire
347 307 370 355 et
379 319 460 355 ueruto
472 305 584 354 scientie
595 307 679 369 gratias
688 308 759 370 gratis
770 310 845 375 datos,

23 380 84 445 pari
105 377 198 428 ratione
218 376 309 427 deberet
330 377 385 441 poni
405 390 487 426 sermo
501 376 565 440 fidei
588 376 647 429 iuter
670 381 753 443 gratias
773 382 844 445 gratis

25 454 114 502 datm.

64 521 117 572 Sed
127 520 153 569 in
167 518 359 581 condemnent,
372 519 432 584 uubd
446 518 528 569 dieitur
547 520 650 578 Eccleo„
661 523 709 573 vl:
728 524 846 589 «Lingua

25 592 147 646 eucharis
163 590 258 653 (idest,
272 590 379 655 gratiosa)
392 590 426 657 (l)
439 590 532 642 inbono
543 591 638 643 bomine
652 594 760 645 abundat.
771 613 784 643 ι)
798 597 845 649 Sed

25 666 133 716 bonitas
150 662 250 715 hominis
263 666 342 713 osten
354 662 433 727 guntin.
449 664 509 727 Ergo
523 664 591 713 etiuur
605 667 640 713 est
654 666 783 729 gratiosites
797 682 844 719 ser·

27 750 127 788 monus.

70 808 80 871 (
95 808 243 858 Coucnusro.
258 832 288 843 -
298 808 384 857 Praeter
396 804 524 869 linguarum
539 806 623 855 donum
637 806 744 868 corutum
756 813 790 859 est
800 810 843 859 ho·

29 878 142 929 minibus
154 879 239 928 donum
249 876 358 928 sermonis
369 875 382 927 b
395 876 480 941 Spiritu
495 878 583 939 sancto,
601 874 646 940 qud
661 876 777 930 efficacius
787 880 843 932 alios

28 948 148 1001 homiues
161 949 188 998 ad
202 948 323 998 salutarem
340 946 516 998 cohortationem
530 945 696 1010 suscipiendum
708 949 841 1014 adducant.)

67 1019 209 1083 Respondec
222 1016 365 1079 dicendum,
379 1016 439 1081 qubd
458 1016 536 1079 gratie
552 1017 622 1081 gratis
640 1018 699 1069 date
719 1020 801 1069 duntur
814 1022 843 1071 ad

31 1092 164 1141 utilitatem
180 1090 287 1149 aliorum,
302 1092 327 1139 ul
340 1102 407 1153 supra
421 1090 552 1139 dictumest
564 1090 605 1151 (l,
620 1092 645 1150 2,
656 1104 695 1153 qu.
709 1094 764 1151 ill,
775 1096 841 1142 artl

32 1168 59 1214 et
79 1164 126 1211 ert.
151 1164 191 1223 tl.
208 1160 313 1225 cognitio
332 1165 406 1211 eutem
425 1174 492 1223 quum
510 1159 591 1223 aliquis
607 1160 621 1210 b
635 1162 681 1211 lieo
700 1162 802 1225 accipit,
817 1164 842 1213 in

31 1233 165 1284 utilitatem
177 1232 268 1283 alterins
280 1232 380 1285 conuerti
392 1244 437 1281 nou
448 1234 526 1295 posset
540 1232 584 1281 nisi
594 1232 706 1284 mediante
720 1234 842 1286 locutione.

32 1309 67 1356 Et
82 1304 138 1369 quia
149 1304 246 1369 Spiritus
258 1308 350 1371 sanctus
360 1317 406 1354 nou
416 1304 494 1354 delicit
502 1304 524 1352 iu
536 1304 610 1367 aliquo
620 1306 679 1367 quod
690 1305 804 1369 pertinent
815 1309 843 1359 ad

37 1376 154 1429 Ecclesiae
166 1376 285 1425 utilitatem
299 1413 305 1435 ,
320 1375 388 1425 etiem
400 1374 505 1438 providet
518 1374 625 1425 membris
645 1375 750 1426 lleolesiae
772 1376 797 1425 iu
808 1378 843 1428 lo·

37 1449 150 1512 cutioue;
163 1460 209 1497 nou
221 1444 293 1495 solbnr
307 1449 331 1495 ut
343 1445 425 1509 aliquis
437 1445 470 1495 sic
484 1446 588 1509 loquetur
602 1450 627 1495 ut
639 1446 653 1495 d
664 1447 760 1498 diversis
770 1449 844 1511 possit

37 1518 158 1583 intelligi,
174 1520 232 1582 quod
247 1516 346 1581 pertinet
359 1518 387 1568 ad
401 1518 486 1568 donum
499 1518 626 1580 linguarum
636 1536 643 1582 ;
654 1519 694 1569 sed
705 1519 774 1569 etium
783 1522 843 1583 qubd

38 1590 168 1643 efficaciter
181 1590 292 1652 loquatur,
303 1590 362 1653 quod
373 1588 471 1653 pertinet
483 1590 510 1639 ad
520 1589 614 1651 gratiam
628 1591 747 1640 sermonis.
758 1592 788 1640 ut
798 1593 842 1642 boc

37 1660 171 1726 tripliciter.
186 1658 261 1711 Primb
277 1660 366 1723 quidem
389 1661 417 1710 ed
437 1660 593 1710 instruendum
612 1661 768 1725 intellectum
781 1665 842 1727 qnod

40 1736 69 1785 iit
89 1734 143 1783 dum
157 1730 238 1795 aliquis
248 1730 282 1780 sic
294 1730 394 1795 loquitur
404 1728 464 1793 qnbd
477 1732 566 1781 doceat.
580 1732 697 1797 Secundi,
708 1734 737 1783 ed
745 1747 841 1785 moven-

40 1804 238 1865 dunelmum,
253 1806 278 1851 ut
295 1801 380 1851 scilicet
397 1800 493 1852 libenter
509 1803 586 1852 audiet
604 1804 695 1853 verbum
711 1805 768 1867 llei3
782 1806 842 1867 quod

41 1880 70 1929 iit
88 1876 141 1925 duur
152 1874 232 1938 aliquis
251 1874 284 1923 sic
294 1872 392 1937 loquitur
403 1871 463 1935 qubd
478 1872 591 1924 auditores
602 1874 714 1933 delectet3
725 1875 785 1939 quod
795 1889 843 1926 non

42 1950 115 2002 debet
128 1946 208 2009 aliquis
219 1959 320 2010 querere
332 1950 426 2009 propter
438 1945 539 1995 latorem
555 1959 636 2007 suum,
646 1946 686 1996 sed
701 1950 727 1995 ut
738 1947 842 1999 homines

41 2019 168 2072 allicientur
183 2018 211 2067 ud
227 2017 364 2069 audiendum
384 2016 479 2067 uerbum
494 2016 549 2067 Dei.
566 2016 657 2078 l'ertid,
672 2017 700 2067 ad
718 2017 762 2067 boo
781 2016 843 2080 qubd

43 2089 127 2154 aliquus
141 2092 199 2139 emet
211 2102 238 2139 ea
248 2088 384 2153 quunenbis
398 2088 564 2151 significantur,
578 2092 602 2138 et
615 2089 672 2139 uelit
687 2101 714 2139 ec
730 2088 841 2152 implere;

43 2162 108 2229 qnod
126 2160 150 2211 lit
166 2162 218 2211 duur
233 2161 314 2225 aliquis
329 2162 362 2211 sie
375 2160 473 2224 loquitur
492 2160 551 2225 qudd
570 2158 693 2211 auditorem
707 2160 793 2210 declut.
807 2160 843 2210 nd

44 2235 106 2300 quod
120 2232 208 2297 quidem
222 2232 363 2283 eliciendum
376 2232 473 2297 Spiritus
485 2234 579 2282 sanctus
587 2232 658 2281 utitur
670 2230 750 2295 lingui
765 2230 841 2282 bonni·

44 2309 83 2357 nis
95 2303 177 2367 ,quusi
193 2304 290 2389 quodem
302 2304 464 2366 instrumento3
483 2304 533 2366 ipse
550 2306 626 2353 autem
646 2303 738 2368 estqui
755 2302 844 2366 perficit

46 2375 219 2442 operationem
213 2380 247 2425 rut
248 2375 322 2439 enbs3
331 2375 392 2428 unde
404 2374 526 2439 Gregorius
538 2374 612 2424 dicit'
605 2388 630 2424 ιιι
645 2372 741 2425 Homtl.
755 2376 843 2424 Pente-

46 2450 146 2499 costes:
161 2464 174 2493 ιι
187 2448 236 2497 Nisi
247 2447 313 2497 cunda
329 2445 457 2497 auditorum
471 2446 570 2510 Spiritus
588 2449 679 2496 sanetus
698 2445 798 2509 repleat,
813 2445 842 2496 ud

47 2533 114 2571 nunes
122 2518 217 2583 corporis
226 2532 271 2569 von
281 2516 424 2569 docentium'
418 2529 531 2567 rnuassum
542 2519 617 2567 sonat.
626 2531 641 2564 n

82 2671 114 2735 (l)
129 2677 194 2721 Juntu
204 2686 302 2733 grecum
317 2672 426 2741 ιὺχάρις,
442 2671 505 2728 quod
515 2670 600 2717 ictinus
611 2673 728 2729 Interpreo
737 2671 842 2728 retinnit,

49 2750 75 2789 ut
86 2754 143 2787 vens.
156 2740 257 2787 buidere
272 2748 322 2797 est;
338 2756 380 2789 neo
396 2742 489 2788 tentum
504 2745 653 2801 oratiorum,
662 2742 703 2787 sed
716 2741 773 2789 leot
783 2755 841 2802 qro-

49 2808 132 2852 tr'orom
144 2804 308 2863 significatione
328 2802 456 2863 compositi
473 2806 581 2863 exprimit
598 2818 627 2851 ex
643 2804 667 2855 εὖ
681 2811 705 2851 et
717 2805 803 2875 κάμῃ
818 2807 842 2856 εὑ

50 2877 111 2922 enirn
123 2874 186 2927 bend,
165 2874 268 2947 dpoiprg
282 2878 388 2937 prolium
398 2874 520 2971 significet
