1934 3284
117 71 162 117 tto
182 61 185 68 '
246 77 354 116 suenrus
370 77 496 127 sacoma,
512 77 607 122 onmsr.
623 77 684 127 cun,
699 78 757 115 sur.
775 81 793 115 1.

116 156 219 209 Tertiam
234 153 289 204 aero
310 167 335 203 so
349 153 419 203 habet
435 152 559 204 lonnalitcr
577 157 601 203 et
620 153 776 218 completird3
791 155 849 219 quia
868 158 927 208 ratio

116 227 233 278 moralium
245 225 270 273 iu
287 237 315 274 eo
328 226 388 288 quud
402 229 437 275 est
450 224 546 274 rationis
558 225 692 288 completur.
706 225 767 284 Quia
780 239 838 288 ergo
855 227 928 291 virgi-

115 298 175 348 nitas
193 297 275 348 dicitur
296 308 338 359 per
361 296 509 346 remotionem
526 296 641 360 praedicto
659 297 828 359 corruptionis,
845 313 928 350 couse-

114 381 188 432 queus
201 372 237 419 est
255 367 316 430 qaod
328 367 448 431 integritas
465 369 561 418 membri
573 368 698 432 corporalis
717 382 762 433 per
777 369 889 421 accidens
904 385 929 422 sc

114 441 196 491 hebeat
209 439 238 490 ad
250 439 401 503 virginitatem
417 455 423 489 2
439 437 491 504 ipsa
510 444 585 490 summ
598 440 732 492 irrrmuuitm
746 441 760 491 d
772 441 927 495 delectatione

115 525 166 576 qun
179 513 283 562 consistit
300 512 326 561 iu
348 511 442 565 seminis
458 513 612 570 resolutione,
630 525 656 562 se
674 513 744 563 labet
759 513 925 578 materialite13

114 584 189 648 ipsum
199 589 274 634 autem
284 582 425 646 pmpositum
434 582 545 646 perpetuo
551 581 680 633 abstinendi
690 583 753 633 ltali
760 584 926 648 delectatione,

116 669 140 706 ee
157 655 225 706 hebet
239 654 366 706 formaliter
378 658 403 704 et
419 653 558 719 completive
572 656 597 704 iu
608 653 750 718 virginitate.

147 726 293 790 ltprimum
315 740 370 790 orgo
385 726 521 790 dicendum,
535 725 596 790 qnod
613 726 652 776 illa
674 725 783 777 diffinitio
803 729 927 791 Augustini

116 799 190 862 tangit
207 799 298 862 quidem
317 799 341 848 iu
360 803 423 850 recto
438 798 461 850 id
479 800 539 861 quod
553 801 590 848 est
608 799 703 849 lormale
721 799 746 848 in
767 798 925 863 virginitate:

116 883 169 920 nam
184 884 225 934 per
242 869 414 922 meditationem
423 871 558 934 intelligitur
571 870 711 934 propositum
723 870 820 921 rationis
840 888 847 921 z
863 876 925 937 quod

117 946 193 995 autern
206 943 295 994 additur
308 947 416 1008 perpetua
423 979 431 1005 ‚
442 957 488 993 nou
499 943 533 992 sic
541 941 749 1006 intelligitur-quod
761 939 872 1006 oporteat
882 945 927 995 rir-

116 1015 193 1077 ginem
209 1028 299 1079 semper
310 1018 362 1064 actu
376 1015 446 1064 telem
461 1014 631 1065 meditationem
647 1015 744 1078 ualere3
758 1015 799 1065 sed
811 1017 870 1080 quia
884 1020 925 1068 hoc

116 1089 184 1139 debet
198 1087 223 1138 iu
235 1087 351 1152 proposito
372 1101 451 1152 gerere
469 1091 495 1136 ut
510 1086 622 1152 perpetuo
637 1087 663 1136 iu
680 1089 724 1138 troc
736 1095 884 1151 perseueret.
900 1093 924 1141 ld

115 1158 170 1211 verli
187 1161 248 1222 quod
272 1162 308 1210 est
325 1159 458 1221 materiale,
472 1158 575 1222 tangitur
590 1159 615 1208 in
632 1158 739 1223 obliquo,
756 1159 809 1209 ciam
831 1162 924 1225 dicitur,

116 1231 319 1295 «incorruptionis
332 1230 357 1282 iu
370 1244 439 1282 carue
453 1230 609 1295 corruptibili,
620 1247 635 1278 u
651 1231 712 1294 qnod
725 1231 832 1295 additur,
845 1235 876 1283 ud
885 1249 926 1284 os·

117 1303 252 1354 tendendam
275 1301 412 1364 virginitatis
431 1300 597 1353 difficultatem.
622 1303 681 1353 Nam
698 1300 718 1352 si
738 1314 791 1352 caro
808 1305 925 1368 nouumpi

116 1387 162 1424 nou
176 1377 270 1438 posset,
284 1387 330 1424 uon
341 1378 402 1425 esset
413 1374 508 1425 difficile
524 1378 656 1438 perpetuam
666 1373 845 1438 incorruptionis
853 1377 924 1426 medi

115 1446 226 1496 tationem
240 1445 333 1497 hahere.

148 1517 181 1568 ld
198 1517 322 1568 secandum
342 1517 476 1580 dicendum,
491 1516 551 1580 quid
565 1517 672 1581 pudicitia
688 1519 724 1566 est
736 1515 832 1579 quidem
845 1531 924 1570 esseu-
957 1542 959 1611 p

10 1631 11 1638 ,
115 1589 200 1640 lialiler
213 1589 237 1638 in
250 1589 340 1652 anima,
352 1589 498 1640 materialiter
507 1592 583 1640 autem
592 1588 618 1638 in
626 1602 694 1638 carne
705 1601 712 1636 a
722 1592 746 1638 et
757 1587 866 1641 similiter
876 1591 922 1641 rir-

10 1681 12 1694 ·
117 1659 922 1727 gisilae.Undolugustluusdicitinlib.Deuirpinitate(cap.8)(l),

11 1785 12 1794 ἵ
117 1728 175 1795 quod
191 1748 204 1777 u
218 1729 272 1781 lieet
286 1731 405 1795 virginitas
418 1732 442 1782 iu
456 1744 524 1782 carne
541 1736 643 1782 seruetur
666 1733 710 1796 (ac
725 1729 769 1792 per'
784 1731 830 1780 hoc
843 1745 924 1798 corpo

11 1803 12 1824 ³
116 1801 171 1854 retis
187 1803 244 1866 sit),
256 1807 333 1855 tamen
352 1803 475 1868 spiritualis
490 1807 540 1867 est,
559 1802 626 1867 quim
639 1803 739 1854 mactet
758 1807 839 1852 serrat
851 1807 924 1856 eonti-

117 1873 195 1924 ueutia
211 1875 313 1938 pictatis.
325 1890 339 1921 »
686 1906 690 1910 e

149 1947 183 1996 ld
206 1945 302 2015 tertium,
315 1945 451 2008 dicendum,
470 1945 531 2009 quod
550 1944 610 1995 sicut
627 1943 714 1994 dictum
734 1945 923 2011 est‚·iutegritas

58 2048 68 2067 .
117 2017 242 2082 corporalis
257 2018 352 2069 membri
365 2031 405 2082 per
419 2018 524 2069 accidens
544 2030 569 2067 se
582 2016 653 2066 habet
665 2017 693 2066 ad
706 2015 881 2081 uirginitatem,
899 2019 922 2068 iu

117 2093 226 2154 quantum
240 2088 326 2140 scilicet
340 2102 380 2152 per
389 2091 432 2148 troc
442 2089 504 2154 qnod
515 2102 545 2138 ex
555 2087 671 2152 proposito
684 2087 810 2138 uoluntatis
822 2089 922 2140 abstinet

116 2161 168 2225 quis
181 2159 354 2212 ideleclationo
363 2174 461 2212 venerea
466 2197 475 2223 ‚
486 2164 587 2210 remanet
598 2157 718 2222 integritas
726 2157 750 2208 iu
757 2160 866 2210 membro
873 2175 922 2212 cor·

116 2247 195 2298 porco.
208 2233 273 2283 llnde
288 2231 307 2281 si
324 2233 438 2296 contingit
449 2231 510 2296 quod
523 2245 564 2297 per
577 2231 648 2281 alium
659 2231 751 2282 modum
764 2230 845 2294 aliquo
859 2246 920 2293 essu,

117 2304 211 2355 membri
225 2303 344 2366 integritas
357 2308 521 2367 corrumpatur,
534 2316 580 2352 nou
589 2301 663 2364 magis
677 2301 812 2368 prejudicat
825 2302 918 2368 virgini·

116 2375 159 2426 tali
172 2375 243 2438 quim
256 2375 274 2424 si
293 2378 448 2442 corrumpatur
461 2386 544 2424 manus
558 2377 597 2425 aut
609 2387 659 2438 pes.

147 2448 180 2496 ld
194 2449 299 2512 quartum
317 2445 452 2508 dicendum,
465 2443 526 2508 quod
536 2444 655 2496 delectatio
669 2457 720 2508 ooo}
734 2448 771 2494 est
785 2457 816 2497 ex
828 2444 920 2496 seminis

151 2551 185 2615 (l)
200 2556 251 2600 Sive
261 2555 364 2611 plenius:
382 2556 531 2612 l'a'rps'uitos.
542 2564 594 2600 stou
603 2557 664 2612 puto
678 2555 815 2612 umpiuitot
830 2554 919 2604 ost‚ced

118 2619 178 2676 quio
192 2618 240 2662 Deo
253 2618 335 2664 dicato
350 2621 397 2668 ut,
411 2620 561 2671 honoratur:
574 2630 628 2675 poso
641 2619 698 2663 tecet
713 2619 743 2663 in
753 2630 829 2662 com
844 2628 919 2663 soone-

119 2683 176 2726 tor,
195 2681 300 2734 sperator
321 2688 399 2726 corneo
420 2682 543 2738 reta'ps'cse
559 2693 587 2725 oc
609 2681 735 2726 unctium
751 2686 879 2731 seruolum·
892 2691 918 2723 oa

116 2751 164 2846 pler
174 2735 357 2846 postepierr'tuls'sr
368 2748 404 2796 est
413 2746 488 2791 aliam
501 2744 636 2802 maniatice
649 2744 761 2803 corporis
774 2755 848 2806 quom
859 2743 919 2804 {oum

116 2813 128 2846 o
153 2813 177 2844 ce
193 2813 243 2850 uo,
258 2815 302 2848 cu.
700 2838 703 2844 .
838 2847 842 2852 ,
