1934 3284
331 211 363 248 ns
378 207 548 251 munnam
794 207 839 257 ddi

35 299 91 340 nom
104 285 222 338 motin
234 284 384 338 indisscndis
399 288 602 351 magidsastibnn
613 291 734 343 mdetiant
748 291 772 342 ia
785 305 840 345 con·

34 358 175 423 temptandis
188 358 338 421 spectaculis,
352 359 410 410 etin
423 360 583 424 dignoscendis
600 366 624 413 et
638 363 757 429 carpendis
776 365 839 418 vitiis

31 431 208 498 proximonum·¹
219 447 232 478 o
244 432 297 493 qum
304 433 468 494 suntquedam
480 431 626 496 particularia
641 435 767 486 sensibilia.
779 435 837 488 Cium

30 503 439 568 ecgoeomopioceotio'ocutcrom
447 503 478 552 sit
487 505 598 568 quoddam
606 505 761 568 ostundent
770 509 840 560 etiam

29 573 160 639 superbio
175 575 240 623 oiim·
250 577 275 624 et
289 576 486 638 eoncupiscentia
503 578 603 636 cornio,
618 581 697 628 coctas
711 593 761 643 quae
779 580 842 631 disi-

28 651 106 701 dItua
118 647 136 695 l.
150 648 235 705 ioum,
249 647 285 703 ll.
297 646 392 698 sidetes
409 645 471 709 qubd
491 647 573 698 vitium
585 649 723 700 curiositatis
739 652 769 701 sit
781 652 842 704 cinca

28 714 183 773 sensibilium
196 716 362 781 cognitionem.
500 723 503 730 '

67 789 231 855 (cononum.
240 813 271 828 ·-
281 788 407 840 euriositas
419 789 541 853 domitet
554 789 645 841 mosaci
657 795 733 856 potest
745 793 769 844 in
789 809 842 846 sen-

27 864 110 917 sitiva
121 859 265 923 cognitione:
276 874 324 912 uuo
335 861 402 911 modo
411 898 418 921 ,
426 863 517 925 quando
531 862 643 926 ejusmodi
654 865 754 928 cognitio
767 867 842 920 inanis

26 940 68 989 est
78 973 87 994 ,
98 935 124 982 et
135 933 162 981 ad
171 933 260 982 uultum
271 932 351 983 utilem
367 932 434 982 inem
448 934 566 995 ordinatag
578 936 649 986 altero
663 937 739 1001 nodo,
750 941 841 1002 quaudo

26 1002 154 1073 ejusmodi
166 1003 267 1066 cognitio
279 1004 308 1054 ad
317 1003 388 1053 tinen
402 1005 495 1056 nonium
508 1006 625 1069 mlestus)

62 1075 207 1140 Respondes
221 1075 351 1136 dicendum,
364 1074 427 1146 qnod
442 1077 543 1139 cognitio
560 1078 669 1129 sensitiva
683 1079 800 1131 ordinatus
812 1083 841 1134 ad

26 1157 102 1205 dunos
120 1159 168 1197 nno
178 1146 240 1198 euim
254 1148 323 1199 modo
335 1151 383 1196 tam
393 1147 419 1196 in
429 1148 560 1200 boaninibns
571 1149 639 1216 quim
654 1152 678 1202 in
692 1152 742 1203 aliis
755 1154 842 1205 auima-

26 1228 101 1278 tibns
118 1218 238 1271 ondinatur
249 1219 278 1269 ad
299 1218 401 1282 conponis
415 1220 618 1285 sustentationem,
627 1223 687 1286 onia
706 1237 747 1288 peu
760 1227 842 1291 bujus-

26 1293 103 1348 modi
119 1290 273 1352 cognitionem
285 1290 390 1342 bomines
402 1294 427 1339 et
443 1291 488 1342 alia
498 1291 606 1344 animalia
618 1295 693 1345 sitam
706 1296 801 1359 nociva,
818 1302 842 1349 et

26 1364 212 1430 conquirentes
222 1377 275 1426 pne
285 1366 339 1416 suut
352 1364 481 1414 necessasia
496 1365 523 1414 ad
533 1367 635 1430 conponis
645 1369 840 1434 smteutationen3

26 1443 77 1492 itio
99 1435 181 1497 modo,
194 1435 325 1498 spmialiter
337 1436 362 1486 iu
371 1437 463 1489 bomine
476 1437 594 1488 ordinatus
604 1440 632 1489 ad
643 1438 796 1503 cognitionem
807 1441 842 1492 in-

26 1504 176 1564 elleetisam
191 1504 245 1568 (nel
256 1506 420 1568 speculationes
437 1509 474 1558 sel
489 1508 611 1572 manticam
621 1509 640 1574 ).
656 1511 778 1574 ipponese
789 1523 843 1574 ergo
936 1547 940 1566 t

26 1580 139 1633 sudium
151 1575 211 1625 cisoa
221 1575 337 1627 mabilia
344 1580 513 1644 cognoscenda,
523 1579 646 1644 dupliciter
658 1584 734 1646 potest
747 1593 797 1633 esse
808 1581 843 1633 ni-

27 1658 131 1706 iesum.
144 1649 193 1699 Uno
201 1649 268 1700 modo
279 1649 422 1714 monaulum
432 1651 533 1716 cognitio
545 1651 654 1704 sensitiva
673 1667 718 1704 non
727 1655 844 1706 ordinatas

27 1743 47 1779 n
64 1717 163 1783 alicuid
182 1720 255 1783 code,
275 1722 314 1771 sed
331 1721 409 1784 potibs
427 1723 511 1773 asendit
525 1724 639 1775 bominem
654 1726 682 1776 ab
696 1727 771 1790 aliem
787 1725 838 1778 utili

28 1791 220 1850 onsidotatioae
228 1793 302 1843 :undo
308 1792 448 1856 Augustianos
453 1794 510 1844 dicit
518 1793 542 1844 in
551 1795 580 1846 ll.
589 1796 698 1860 omno.
710 1799 770 1862 (cap.
780 1801 809 1848 85
817 1801 839 1860 lc

27 1889 31 1918 z
45 1870 149 1919 canem
158 1868 286 1914 cummim
294 1868 345 1928 post
356 1864 511 1927 lepossm‘tam
522 1878 568 1916 aon
580 1872 659 1932 specto
668 1908 673 1929 ‚
683 1869 735 1919 cbm
747 1870 769 1918 iu
779 1870 840 1921 cison

28 1948 57 1992 o.
78 1940 115 1988 ttt
133 1932 191 1984 uest
204 1933 229 1984 in
245 1936 538 2000 anconitanensem,
551 1939 632 1989 avadit
649 1949 685 1990 me
694 1941 797 1991 loannis
811 1943 840 1993 ab

27 2014 110 2075 tion
127 2019 211 2069 mama
225 2007 376 2070 cogitatione,
390 2012 458 2071 atone
472 2010 500 2058 ad
513 2023 539 2060 se
557 2011 721 2063 convertibilia
736 2014 838 2064 uenatio.

27 2091 45 2136 :t
62 2080 120 2133 nisi
133 2078 184 2141 jan
195 2078 254 2130 mibi
266 2079 418 2131 demonstrati
428 2080 559 2132 infirmitate
574 2082 641 2142 med,
656 2083 703 2132 citb
719 2084 840 2136 admoneas

27 2160 62 2208 ut
80 2164 118 2203 ex
133 2149 186 2211 ipsa
200 2149 289 2200 visione
302 2151 451 2214 potationem
462 2153 666 2204 comidemtionem
685 2154 711 2204 in
725 2158 748 2206 te
764 2167 840 2207 assiu·

27 2240 93 2284 ece,
110 2225 155 2274 aut
165 2223 238 2271 totum
251 2226 397 2274 contemnere
410 2227 479 2287 atque
491 2225 604 2282 transire.
616 2237 691 2276 vanus
705 2227 840 2278 debendo

27 2299 77 2351 ,lio
92 2293 182 2354 modo,
197 2293 340 2358 inquantum
349 2295 449 2358 cognitio
457 2296 567 2346 sensitiva
579 2297 695 2349 ordinatus
709 2299 735 2349 ad
748 2299 839 2363 aliquod

27 2369 142 2429 onium,
150 2366 213 2416 sicut
224 2365 338 2431 inspectio
345 2367 448 2418 mulieris
456 2367 572 2419 ordinatur
581 2371 608 2419 ad
621 2369 838 2434 concupiscendum,

27 2450 37 2496 t
60 2439 176 2501 diligens
192 2437 308 2502 inquisitio
321 2451 400 2488 eornm
415 2454 465 2504 qne
479 2441 508 2490 ab
521 2440 571 2491 aliis
589 2441 663 2504 fiunt,
681 2441 796 2492 ordinatus
814 2445 842 2494 ad

27 2510 212 2566 strabendum.
233 2510 257 2559 Si
270 2509 322 2573 quis
340 2513 416 2560 antem
435 2511 558 2575 cognitioni
578 2512 721 2563 sensibilium
741 2512 841 2568 intendit

27 2579 142 2639 rdinati
155 2583 248 2644 psopter
259 2581 419 2632 necessitatem
431 2585 585 2636 sustentandos
597 2586 736 2644 natunm‚vel
751 2591 844 2652 propter

27 2656 139 2707 ‚indiam
157 2652 312 2715 intelligendo
331 2654 445 2718 seium,
465 2657 501 2704 est
514 2655 615 2708 mutuose
634 2655 764 2708 studiositas
784 2657 843 2711 circa

27 2724 189 2782 insibilium·
197 2724 362 2790 cognitionem.
477 2741 480 2747 ’

28 2879 219 2941 mmmm
236 2881 308 2927 mma
323 2880 516 2939 mosim,
529 2889 554 2931 ut
574 2883 654 2932 videno
675 2889 711 2932 est
732 2897 801 2944 super
819 2887 838 2933 l.

28 2959 103 2996 rao.
120 2943 220 2990 (ΞΜ.
233 2955 275 2990 sen
287 2945 366 3007 llpiot.
