1934 3284
338 184 369 222 us
382 183 546 223 vvncmrrnas.
796 176 842 223 titt
890 187 893 194 ·

41 261 195 323 resolutione,
210 260 330 326 dupliciter
349 264 424 324 potest
435 259 575 324 contingere.
588 261 639 311 llno
654 261 722 313 modo
730 299 739 325 ,
756 260 843 325 sipro-

41 337 110 386 cedat
124 347 153 383 er
167 332 249 382 ruentis
263 332 377 398 propello
392 348 398 381 ε
411 337 434 382 et
445 331 479 380 sic
489 331 547 383 tollit
560 331 728 395 simultatem,
742 332 790 384 slve
805 333 845 382 ilat

41 421 83 472 per
102 403 260 465 concubitum,
274 403 322 455 sive
339 405 424 468 absque
447 404 577 454 concubitu.
595 404 660 454 Facit
677 407 753 456 autem
774 417 845 454 meu-

41 478 130 530 tionem
149 474 286 540 Augustinus
308 477 336 526 de
355 475 494 538 concubitu,
511 475 565 538 qnia
584 475 716 539 hujusmodi
738 475 847 526 resolutio

42 547 194 600 communiter
207 551 230 597 et
243 547 375 598 naturaliter
392 560 421 598 ex
441 546 563 597 concubitu
581 549 695 596 causatur.
714 546 764 596 lilio
779 549 848 597 modo

40 621 121 685 potest
137 618 262 682 praevenire
272 617 413 684 propositum
424 617 509 668 mentis
519 619 556 668 vel
567 618 591 667 in
601 617 741 681 dormiendo,
756 618 794 668 vel
807 631 848 682 per

41 689 178 746 uiolentiam
190 689 290 752 illatam,
305 689 343 739 cui
353 702 418 740 mens
427 702 473 740 non
484 689 608 752 consentit,
626 689 732 752 quamvis
744 702 796 739 curo
808 689 848 739 de-

41 761 191 812 lectationem
207 759 351 824 experiatur3
367 761 403 810 vel
422 760 492 810 etiam
510 773 540 810 ex
559 759 690 810 infirmitate
706 763 808 820 nature,
820 762 850 808 ut

42 834 111 897 patet
123 831 148 880 in
161 831 197 882 bis
209 833 349 895 quidudum
366 829 459 882 seminia
468 830 594 894 patiuntur.
605 833 634 881 El
647 831 681 882 sic
691 843 737 882 noa
748 831 849 894 perditur

43 903 182 967 virginitas3
195 903 247 966 quia
266 903 318 954 talis
340 903 436 966 pollutio
454 917 501 954 non
521 903 606 955 accidit
622 917 664 968 per
683 901 849 968 impudicitiam

43 989 116 1040 qnam
130 975 249 1040 virginitas
261 974 372 1026 excludit.

346 1151 509 1204 inmensus
519 1151 547 1203 11.

268 1277 353 1322 Utritm
365 1276 496 1336 virulentias
510 1276 542 1322 ait
555 1277 649 1322 illicito.

81 1408 116 1459 lid
134 1405 260 1458 secundum
280 1405 312 1455 sic
328 1403 468 1469 proceditur.
488 1403 581 1454 Videtur
601 1404 662 1468 quod
683 1404 805 1469 virginitas
822 1407 856 1458 sil

45 1481 139 1534 illicita.
155 1479 227 1528 Omne
238 1475 299 1527 enim
312 1477 372 1541 quod
389 1476 542 1528 contrariatur
554 1482 668 1543 precepto
682 1477 740 1541 legis
750 1482 852 1542 nature,

6 1615 7 1618 Ἴ
47 1557 86 1606 est
102 1549 214 1601 illicitum.
229 1549 272 1600 Sed
288 1547 345 1600 deut
362 1555 499 1614 praeceptum
513 1548 571 1612 legis
586 1553 672 1601 ualere
686 1548 714 1600 ad
729 1563 853 1601 conserva-

46 1625 138 1677 tionem
151 1620 261 1673 individui
270 1623 304 1672 est
318 1621 378 1684 quod
391 1621 481 1684 angitur
494 1621 590 1678 Genea„
602 1622 622 1671 ll
635 1637 642 1671 :
655 1623 710 1672 ullo
720 1621 783 1672 omni
792 1621 854 1683 ligno

48 1696 113 1762 qnod
129 1697 165 1744 est
174 1693 199 1744 in
208 1693 312 1758 paradiso
321 1693 450 1754 comede3u
464 1691 498 1742 ita
511 1691 579 1743 etiam
591 1696 728 1757 preceptum
742 1693 800 1756 legis
813 1706 855 1743 na-

47 1772 109 1819 turae
123 1769 158 1816 est
170 1764 198 1815 nd
212 1762 409 1816 conservationem
420 1763 520 1828 speciei,
531 1764 592 1826 qnod
601 1763 693 1828 ponitur
705 1766 802 1820 Genea,
815 1766 852 1814 ll:

50 1835 179 1890 «Crescite
197 1827 220 1886 el
232 1835 426 1899 multiplicamini,
442 1838 464 1885 et
473 1835 558 1898 replete
573 1840 654 1886 terram
663 1837 706 1899 (t).
720 1837 779 1899 Ergo
793 1836 855 1886 siout

49 1914 160 1978 peccaret
174 1911 215 1974 qui
233 1909 356 1960 abstineret
373 1911 401 1960 ab
417 1906 480 1960 omni
497 1909 547 1960 cibo
552 1944 560 1971 ,
575 1909 654 1972 utpotb
673 1909 759 1959 iaciens
775 1913 854 1960 contra

49 1986 139 2038 bonum
150 1980 269 2044 individui,
281 1981 315 2031 ita
327 1981 395 2030 etiam
405 1983 486 2044 peceat
501 1980 539 2042 qui
549 1979 643 2032 omniuo
656 1981 753 2030 abstinet
766 1981 794 2032 ab
804 1985 855 2031 actu

50 2053 216 2123 generationis,
231 2051 309 2118 utpote
320 2052 406 2104 iaciens
416 2057 496 2104 contra
505 2052 590 2102 bonum
604 2052 697 2118 speciei.

86 2133 111 2180 2.
125 2129 237 2180 Praeterea
247 2164 253 2188 ,
264 2139 331 2176 omne
346 2125 402 2176 illud
417 2126 475 2188 quod
489 2124 575 2175 recedit
586 2124 599 2174 a
610 2125 685 2176 medio
698 2125 802 2188 virtutis,
816 2127 854 2176 vi-

52 2204 121 2254 detur
137 2212 187 2250 esse
200 2197 319 2248 vitiosum.
338 2197 382 2248 Sed
396 2195 517 2259 virginitas
534 2195 618 2246 recedit
631 2196 644 2247 i
658 2197 734 2248 medio
746 2196 852 2261 virtutis-3

54 2273 84 2324 ab
97 2271 202 2322 omuibus
216 2267 400 2320 delectationibus
409 2267 515 2318 venereis
524 2267 649 2318 abstinens.
661 2267 719 2318 llicit
728 2268 790 2318 enim
801 2268 854 2318 Plui-

53 2344 168 2408 losophus
178 2341 203 2392 in
211 2342 240 2391 ll.
253 2341 347 2396 Elln‘c..
357 2339 415 2403 quod
426 2356 440 2387 s
449 2340 489 2403 qui
496 2339 560 2390 omni
569 2338 686 2404 voluptate
693 2340 776 2404 petitur
784 2353 858 2403 neque

56 2417 85 2468 ab
97 2427 144 2464 una
154 2413 253 2476 recedit,
262 2412 424 2475 intemperatus
432 2421 481 2474 est3
494 2411 534 2476 qni
543 2414 620 2467 aulem
631 2424 711 2460 omues
722 2411 787 2475 legit,
797 2412 857 2462 sicut

56 2484 170 2551 agrestis,
184 2488 219 2536 est
234 2483 381 2536 insensibilis.
399 2499 413 2532 u
427 2483 486 2546 Ergo
505 2483 626 2548 virginitas
643 2485 678 2534 est
690 2483 777 2547 aliquid
792 2482 859 2534 villo-
914 2487 918 2492 ’

56 2572 119 2609 snm.

94 2725 126 2788 (1)
142 2732 172 2776 Ut
193 2741 253 2774 vers.
272 2729 303 2774 28
323 2730 401 2776 videro
422 2734 472 2784 eat,
495 2729 584 2774 bomini
604 2728 690 2774 dictum
708 2729 745 2774 vel
761 2729 861 2776 bominis

58 2792 163 2840 masculo
179 2799 202 2838 et
220 2792 318 2840 loemine
337 2805 378 2850 per
394 2792 597 2849 anticipationem,
617 2792 668 2837 culm
683 2792 785 2839 nondum
805 2805 860 2849 pro-

59 2855 139 2902 ductio
154 2855 255 2900 ioeminrn
272 2861 451 2902 commemorata
468 2860 544 2909 essnt;
565 2860 689 2915 postquam
704 2856 752 2903 tale
773 2856 860 2915 aliquid

58 2919 151 2966 cunctis
164 2918 320 2968 animantibus
337 2932 397 2967 vers.
409 2919 441 2966 22
454 2919 540 2967 dictum
551 2924 612 2970 erat.
