1934 3284
143 201 177 238 rm
192 199 310 239 noossrn
324 199 350 238 nr
363 199 490 240 arumna.
507 199 623 240 uoaaoan
638 199 750 240 amison.
798 187 845 239 ttt

36 275 121 340 quiete
136 278 169 328 ad
183 277 283 343 corporis
295 277 499 340 refocillationem,
513 277 567 342 quia
588 291 634 329 ron
646 281 721 343 potest
734 277 844 330 mutiunt

35 348 148 402 laborare
164 354 257 414 propter
268 350 313 401 boo
325 349 385 414 quta
399 350 467 402 babet
478 349 566 399 initam
579 349 696 413 uirtutem,
708 361 757 414 qun
772 350 845 400 detm-

36 420 140 470 minatis
147 421 262 473 laboribus
271 422 463 486 proportionatum
472 421 505 472 ita
514 421 582 472 etam
594 425 629 472 est
640 436 669 474 er
676 425 741 488 purte
752 422 843 486 animo,

38 492 113 556 cnjus
124 492 196 543 etiam
207 498 244 544 est
256 493 328 544 uirtus
340 493 413 556 tluita,
425 495 454 544 art
463 492 622 544 tetuminatas
635 494 779 559 operationes
792 507 844 558 pro·

34 563 186 627 portionata.
205 565 234 615 nt
255 564 322 626 noo,
336 567 427 630 panto
450 563 510 615 nitra
524 566 614 615 modam
632 579 698 616 suurn
715 566 740 616 in
757 566 845 630 aliquas

36 635 194 699 operationes
203 650 231 687 se
241 637 350 699 eruunt,
360 637 455 700 laborat,
469 642 529 688 etex
538 637 708 702 mutatinum
720 637 845 702 prasertim

35 707 98 772 quin
112 707 139 757 in
157 709 325 772 operationibus
338 710 418 760 anime
432 710 500 761 simul
515 710 583 760 etiam
601 710 688 760 laborat
701 723 798 774 corpus,
816 707 843 760 tu

37 784 156 843 quantum
175 780 264 831 sciboet
276 780 351 831 anima
362 781 502 832 intellectiva
518 782 588 832 utitur
604 781 690 832 viribus
707 793 748 846 per
761 791 845 844 orgtun

37 864 154 915 corporea
166 851 320 916 operantibus.
330 853 390 902 Sunt
402 856 477 904 autem
488 853 547 904 bona
559 852 675 903 sensibilia
688 851 844 902 connaturalia

38 921 150 972 bomini:
165 927 190 974 et
201 923 252 974 ideo
268 924 358 988 quanto
371 925 447 974 anima
459 937 527 990 snpra
539 924 657 975 sensibilia
675 923 776 974 elevator
789 935 845 988 opo·

37 993 108 1044 ribus
124 994 222 1046 uotonis
233 995 335 1056 intenta,
350 995 450 1046 uescitur
459 997 540 1046 exinde
554 996 656 1060 niumm
669 995 774 1059 fatigatio
790 993 845 1044 ant·
941 1017 942 1020 ¹

39 1064 127 1128 matis,
137 1066 189 1116 siue
204 1067 271 1117 homo
279 1066 499 1132 intendatoperibns
511 1067 603 1119 rationis
613 1067 717 1132 practice
730 1067 778 1118 sive
789 1079 843 1132 spe·

39 1135 161 1188 calatino.
177 1138 249 1202 Magis
261 1142 340 1189 nmen
358 1138 381 1188 si
395 1140 502 1204 operibus
515 1139 711 1203 contemplationis
725 1139 844 1201 intentat,

39 1206 99 1272 quia
113 1221 156 1272 per
173 1210 218 1260 boe
230 1208 303 1273 magis
315 1209 329 1260 t
341 1210 485 1261 sensibilibus
501 1213 612 1274 elevatur,
626 1210 729 1275 quamvis
744 1209 802 1261 torti
819 1209 844 1261 in

39 1279 162 1343 aliquibus
177 1283 283 1346 operibus
297 1282 448 1333 exterioribus
464 1283 558 1334 rationis
570 1283 678 1348 practico
693 1281 765 1346 major
782 1281 844 1332 labor

40 1352 147 1416 corporis
160 1353 278 1406 musistat.
289 1355 315 1404 tn
324 1355 426 1418 utrisque
437 1358 513 1406 nmen
522 1353 586 1404 tautb
601 1353 682 1420 aliquis
692 1353 765 1417 magis
773 1353 843 1404 attero

40 1424 162 1488 fatigatur,
172 1425 257 1488 quantb
269 1426 428 1486 uehementius
437 1427 543 1491 operibns
551 1427 646 1478 rationis
659 1425 765 1476 intendit.
778 1425 843 1475 Sicut

40 1501 122 1546 auten
136 1496 237 1560 tatigotio
255 1499 378 1562 corporalis
395 1499 491 1549 soluitur
509 1511 551 1563 per
566 1498 667 1562 corporis
685 1497 796 1561 quietem,
811 1496 843 1547 ita

38 1569 114 1620 otiam
127 1573 216 1634 oportet
225 1567 285 1634 qubd
295 1570 399 1634 fatigatio
408 1570 515 1621 animabo
525 1572 623 1622 soluatur
632 1583 673 1635 per
682 1572 763 1620 animm
776 1568 841 1633 quie·

40 1646 101 1692 tems
113 1641 183 1701 Quies
195 1646 270 1691 auten
279 1643 361 1693 anime
374 1646 409 1693 est
421 1642 555 1706 detestatio,
566 1645 592 1692 nt
604 1641 672 1706 sopri
684 1641 786 1692 habitum
796 1643 840 1704 cst,

40 1713 98 1764 eum
110 1713 138 1764 un
149 1713 292 1777 passionibus
304 1718 409 1778 ageretur
421 1716 432 1779 (
442 1719 464 1777 l,
477 1718 549 1778 ΜΠ.
562 1715 593 1763 tt
600 1751 609 1778 ,
624 1717 665 1764 art.
677 1717 702 1774 b,
714 1716 738 1763 et
749 1726 787 1776 qn.
801 1715 840 1775 ti,

41 1788 91 1837 nrt.
107 1787 136 1845 1,
151 1785 179 1834 at
191 1785 235 1848 t).
249 1787 280 1835 nt
290 1784 342 1836 ineo
354 1789 443 1849 oportet
454 1785 580 1836 manebam
594 1789 672 1836 contra
686 1782 843 1847 fatigationem

40 1855 166 1908 animalem
183 1856 284 1906 adbiberi
296 1870 337 1921 per
352 1857 450 1920 aliquam
460 1856 649 1919 delectationem,
662 1853 793 1906 intermissi
805 1854 842 1904 in-

41 1927 148 1980 tentione
162 1929 189 1978 ad
201 1928 352 1995 insistendum
366 1929 440 1979 studio
453 1929 556 1979 rationis.
569 1929 631 1979 Sient
644 1927 669 1977 in
687 1925 843 1976 Cottotiont-

43 2001 93 2050 tus
107 2001 215 2049 Petrum
228 1999 310 2063 legitor
323 1999 384 2064 qnod
396 2001 423 2050 a.
441 2001 539 2051 loannes
553 1997 710 2063 Euangeliou,
724 1996 777 2048 cum
792 1996 843 2062 qui-

43 2073 100 2123 dam
116 2070 319 2121 manuteneatur
332 2070 391 2135 quot
404 2084 457 2122 aum
467 2085 520 2120 num
536 2069 653 2134 discipulis
665 2067 713 2119 suis
725 2068 842 2118 ludentem
941 2131 942 2150 ἦ

42 2140 184 2205 invenirent,
198 2141 282 2194 dicitur
292 2144 410 2193 moriame
424 2143 556 2194 unitorum
570 2142 610 2206 qni
623 2153 699 2191 monn
710 2139 803 2202 gerebat
815 2141 841 2189 ut

44 2212 151 2278 sagittam
161 2213 269 2264 traheret.
283 2215 348 2274 Quod
357 2213 410 2264 ctum
425 2215 512 2279 pluries
527 2213 634 2275 teebset,
649 2211 754 2277 quesivit
767 2209 841 2261 utrium

44 2288 93 2338 boc
99 2283 203 2336 mutiunt
216 2285 291 2336 troere
298 2291 377 2350 posset
385 2302 392 2350 3
401 2286 441 2351 qui
451 2287 569 2350 respoudit
582 2284 642 2350 quoa
651 2283 671 2335 si
680 2285 724 2335 noc
734 2282 842 2336 continut

46 2360 148 2418 noent,
161 2371 228 2409 arcus
243 2358 391 2421 tranguntur.
405 2359 470 2409 ttnde
484 2359 511 2408 B.
528 2359 625 2410 loannes
643 2355 764 2407 subintulit
782 2353 843 2419 quot

46 2431 154 2484 similitor
164 2431 253 2482 munus
267 2431 367 2482 bominis
375 2431 526 2494 frangeretur,
536 2431 558 2482 si
566 2443 682 2494 nunquam
692 2429 753 2480 laun
765 2428 843 2478 inten-

46 2506 115 2557 sione
131 2503 277 2554 retararetur.
291 2503 426 2567 Huiusmodi
439 2510 514 2556 antem
524 2505 585 2556 diota
598 2505 636 2554 uel
650 2503 708 2553 tacta
720 2503 745 2552 iu
762 2501 843 2566 quibus
941 2503 942 2538 ³

48 2573 215 2639 nonquen'tnr
227 2574 273 2625 nisi
291 2574 413 2626 delectatio
432 2575 552 2638 animalis,
565 2578 672 2625 vocantur
687 2573 791 2624 ludicro
804 2573 843 2624 uel
941 2577 942 2616 3

46 2650 130 2712 jocosa
145 2662 153 2695 .·
166 2649 192 2696 et
206 2645 258 2697 ideo
273 2659 370 2696 neeesse
387 2652 424 2697 est
439 2646 524 2698 talibus
540 2646 652 2696 interdum
671 2645 717 2708 uti,
734 2645 800 2708 quasi
813 2645 842 2695 nti
941 2671 942 2720 p

46 2719 164 2784 mantem
177 2717 260 2769 minin
272 2717 380 2782 quim.
396 2719 424 2769 nt
435 2719 481 2769 troc
495 2719 532 2769 est
545 2718 605 2781 quot
623 2716 774 2780 Philosophus
787 2716 842 2766 dicit
941 2729 942 2768 1

48 2791 74 2841 in
86 2790 124 2839 lt.
139 2788 222 2840 littie.
241 2791 307 2856 (cap.
320 2792 351 2840 tt
365 2789 415 2840 sire
427 2788 560 2854 intanti
573 2806 588 2837 r
598 2790 623 2838 in
635 2788 704 2853 nujns
717 2788 771 2839 ritu
787 2801 844 2838 oon-

50 2860 175 2914 versatione
183 2861 285 2925 quedam
293 2861 384 2927 requies
392 2875 443 2911 cnm
452 2861 506 2912 ludo
516 2861 619 2912 babnnr.
630 2859 682 2910 »nt
689 2860 742 2912 ibeo
752 2862 842 2924 oportet

48 2933 159 2986 intertum
175 2929 287 2996 war
299 2932 384 2985 talibus
396 2932 440 2986 nti.
451 2932 519 2986 t‘moa
527 2942 580 2998 uaso
588 2935 666 2984 bnon
678 2929 786 2984 albuna
796 2927 844 2982 tria
