1934 3284
344 159 376 198 an
391 157 532 201 muranum
786 151 832 201 πί
879 151 882 161 “

46 236 164 302 romain,
179 236 204 288 in
218 238 330 300 quantum
348 239 385 288 est
401 235 523 288 amuudtm
543 236 662 290 ontionem
682 239 833 302 inquantum

44 308 96 360 rari
106 312 142 362 cat
154 311 236 374 prator
247 307 466 372 ammonitionis,
477 311 515 360 cat
523 309 709 363 conuatrorniuia
716 314 828 364 uaiurnm.

330 485 489 554 intremus
502 487 541 538 111.

178 613 264 658 ΠΜ
277 614 354 658 omnia
362 612 401 658 tro
410 613 441 658 rit
448 617 571 670 peceatum
579 614 689 660 monnau

71 741 105 792 rid
125 739 216 791 tartum
232 739 265 792 ric
278 739 405 804 procuditur
421 739 463 804 (t).
481 740 574 791 Vitatur
588 740 648 804 quii
661 741 735 793 omnia
752 741 787 793 ira
803 743 834 795 ait

42 815 160 875 paccatum
174 812 276 863 mortale.
290 810 375 862 Dicitur
391 811 450 862 enim
465 811 521 871 lot,
533 813 568 861 V:
581 812 682 862 «Virum
695 814 789 864 stultum
797 813 834 868 iu-

41 883 261 938 terficitiracundia.
278 884 334 934 »ut
350 882 449 946 toquitur
460 884 489 934 da
508 883 666 935 interiectione
680 883 804 948 spirituali,
819 883 834 936 i

41 967 83 1019 pun
96 958 214 1019 peccatum
224 955 316 1006 mortulo
325 953 490 1006 denominatur.
500 956 561 1020 Eupo
575 955 649 1008 omnio
657 956 692 1007 ira
704 959 740 1008 cat
748 968 835 1020 porca·

42 1031 89 1076 tum
99 1025 204 1076 mortale.

69 1103 93 1146 a.
108 1097 233 1158 Praeterea,
247 1096 304 1147 nituit
317 1100 415 1149 moretur
428 1096 593 1149 damnationem
606 1101 714 1150 marnam
724 1099 769 1150 nisi
778 1113 830 1164 pac-

40 1174 114 1220 catum
131 1169 233 1220 mortale.
246 1171 292 1220 sad
306 1169 339 1218 ira
352 1171 449 1220 moratur
464 1169 631 1220 damnationem
645 1174 759 1223 aternam.
774 1171 833 1223 mett

39 1242 98 1292 cuim
109 1241 231 1304 Dominus,
244 1243 346 1297 Mattio„
358 1243 394 1290 V:
409 1241 512 1292 «Omnis
524 1243 564 1304 pai
575 1243 683 1294 innuantur
695 1244 764 1294 tratri
772 1257 830 1307 auo,

39 1328 90 1366 reus
101 1313 148 1364 crit
158 1314 240 1378 judicio
250 1330 257 1377 ;
269 1313 308 1364 uni
321 1313 376 1364 dicit
386 1314 464 1366 Gtoaaa
473 1314 508 1379 (a)
520 1314 580 1377 quoi
595 1332 609 1363 u
621 1329 663 1379 par
677 1316 717 1366 itta
730 1316 831 1381 triaqnm

39 1385 69 1436 ilri
86 1388 212 1448 tanguntur
226 1385 329 1446 (sciticat
345 1385 468 1450 judicium,
487 1385 618 1452 consitium,
630 1391 653 1438 et
663 1389 784 1452 gehenna)
798 1389 834 1440 di-

37 1469 109 1510 rarsm
129 1455 260 1508 mmnioma
275 1457 298 1507 in
313 1460 397 1510 aterna
409 1457 551 1509 damnatione
565 1471 606 1523 pro
620 1461 686 1510 muto
698 1461 784 1524 pacmti
800 1460 833 1512 ni·

37 1532 135 1592 grauior
147 1528 312 1592 opprimuntur.
325 1547 338 1576 n
352 1531 410 1593 Ergo
418 1529 452 1579 ira
465 1534 503 1580 cat
514 1534 632 1594 parantum
646 1533 748 1584 mortale.

67 1607 91 1651 3.
107 1602 235 1664 pumicum,
248 1600 352 1664 quicquid
367 1602 515 1652 contrariatur
532 1602 647 1664 ciuitati,
662 1606 697 1655 ast
716 1607 833 1666 peccatum

36 1673 141 1724 mortula.
152 1672 199 1724 sad
208 1671 241 1721 ira
252 1672 279 1722 da
294 1685 319 1722 sa
331 1672 477 1722 contrariatur
488 1672 605 1735 charitati,
616 1676 642 1722 ut
651 1677 714 1738 patat
729 1688 768 1738 por
777 1676 832 1728 taia-

35 1755 160 1810 mapparum
166 1743 437 1806 circumponuntur
446 1743 508 1802 «Qui
515 1743 620 1797 amantur
627 1745 833 1814 imtriouo‚rctr.;

35 1815 74 1865 utri
93 1815 151 1866 dicit
166 1814 224 1878 quod
239 1832 253 1863 u
265 1816 309 1865 troc
320 1819 355 1864 ast
371 1817 447 1865 contra
464 1814 561 1880 proximi
574 1815 725 1868 ditectionem.
742 1834 756 1866 n
772 1818 832 1882 Ergo

35 1886 70 1938 ira
82 1891 120 1938 eat
134 1890 253 1951 pronatum
265 1886 366 1938 martato.

67 1959 115 2010 Sed
129 1963 207 2008 contra
220 1949 271 2020 ist,
283 1957 344 2020 quot
356 1970 424 2022 super
434 1957 491 2008 illud
499 1957 595 2008 Psatm.
605 1958 644 2021 IV,
653 1975 668 2008 u
677 1958 800 2011 irascimini
811 1962 835 2012 ct

36 2030 109 2082 actito
125 2041 235 2094 paccare,
255 2045 268 2075 a
288 2029 342 2083 ticit
355 2029 436 2080 Gtoasa
451 2045 458 2080 ε
475 2028 602 2081 «Vouiutia
617 2034 652 2080 ant
668 2030 700 2081 ira
716 2044 768 2094 qua
786 2043 836 2084 nou

35 2100 172 2166 perducitur
185 2102 214 2152 ad
228 2101 345 2154 attacum.
360 2117 375 2150 rr

69 2174 235 2238 (Commutato.
244 2197 276 2210 -
287 2173 336 2234 tra,
350 2185 395 2236 qua
408 2172 458 2236 quia
475 2173 583 2237 injurtam
596 2173 684 2238 apparit
695 2171 833 2236 namon,

36 2249 159 2310 peccatum
173 2246 266 2295 mortale
275 2249 312 2296 art
321 2260 328 2294 a
337 2245 372 2296 ira
388 2257 442 2296 raro
454 2257 483 2296 cu
492 2244 610 2309 paccione,
623 2248 700 2310 etqua
708 2244 733 2295 iu
745 2245 833 2296 modico

34 2319 163 2370 antimum
175 2317 317 2380 capotium,
334 2317 423 2368 ramata
436 2320 472 2368 ant
485 2318 623 2382 peccatum}
676 2375 681 2382 ¹

66 2389 208 2453 pannonico
226 2389 359 2450 dicentum,
375 2388 433 2452 quot
448 2392 523 2442 motua
534 2389 574 2441 ira
593 2392 669 2454 pateat
681 2401 733 2440 onan
748 2388 833 2443 iunci

34 2465 108 2513 natus
121 2463 145 2511 at
162 2463 278 2524 peccatum
296 2460 428 2526 duplicitar3
445 2461 505 2512 sicut
517 2461 653 2512 dictumest
667 2461 719 2524 (art.
736 2460 771 2522 i).
785 2461 835 2512 Uno

68 2576 103 2641 (t)
122 2581 154 2624 De
168 2579 281 2624 hisatium
297 2578 321 2640 1,
335 2580 363 2639 ἢ,
376 2593 416 2638 qu.
432 2580 470 2636 88,
484 2587 528 2627 art.
541 2577 566 2639 5,
579 2581 607 2625 ad
619 2579 646 2634 1;
667 2585 690 2624 ct
707 2591 746 2636 qu.
759 2577 788 2638 Ἰ,
804 2579 832 2625 da

35 2644 117 2698 malo,
134 2647 177 2686 art.
196 2640 224 2701 i,
242 2643 271 2688 ad
286 2642 314 2696 i;
336 2649 359 2688 ct
379 2656 418 2700 qu.
441 2644 486 2707 ta,
504 2649 551 2690 art.
571 2642 599 2699 3;
616 2641 791 2692 otacilium„
802 2644 835 2702 V,

32 2709 92 2752 tect.
104 2701 131 2762 5,
144 2705 188 2750 aot.
201 2705 225 2764 i,
237 2705 298 2752 circa
310 2705 387 2751 tinem.

68 2773 103 2838 (Ξ)
121 2776 189 2822 Nullo
206 2777 452 2835 commemorantum,
467 2777 507 2824 aad
520 2790 572 2824 eam
586 2788 678 2833 quoquo
692 2780 834 2822 commenta·

31 2841 84 2885 rius
105 2839 177 2884 habet
194 2839 233 2895 qui
246 2839 349 2886 Aurelmi
364 2841 458 2888 uomina
478 2840 617 2900 insignitur,
630 2840 722 2886 tnmctni
735 2851 783 2886 non
795 2839 833 2885 ni-

35 2905 109 2950 detur
123 2901 226 2948 Ausetani
238 2915 298 2950 anno.
