1934 3284
368 167 398 204 Dii
415 168 568 206 wssfflffl·
698 182 703 191 ¹
824 165 872 212 689

61 249 140 296 tutem
150 243 257 296 moralem
271 242 371 308 pertinet
384 255 519 297 conservare
538 245 623 296 Donum
641 245 738 297 rationis
750 252 829 298 contra
842 263 870 302 ea

60 319 150 381 quinus
163 320 240 379 potest
257 315 360 380 impediri
375 332 383 366 ε
396 319 419 366 ot
433 316 485 366 ideo
503 316 543 365 uDi
554 315 670 366 invonitur
684 318 782 381 speciale
796 319 870 385 impe-

61 389 192 440 dimentum
208 388 318 450 rationis,
332 387 363 437 ibi
382 399 478 438 recenso
496 391 533 437 ost
548 401 599 439 esse
617 388 739 451 specialem
759 391 870 451 uirtutem

61 461 93 512 ad
110 461 166 512 iliud
181 461 351 510 removendum.
361 459 432 510 Potus
446 462 523 510 eutem
536 458 652 510 mebrians
664 462 734 514 hahet
746 464 870 526 specialem

60 533 177 585 munnam
190 531 330 596 impediendi
342 545 410 583 usum
428 531 538 594 rationis,
549 531 575 582 in
593 535 703 594 quantum
714 534 801 587 suiiiom
811 551 869 601 por·

59 605 141 656 turbat
155 604 271 654 cerebrum
284 617 325 654 sua
337 601 478 654 fumositate.
492 605 522 655 lii
534 603 586 654 ideo
599 603 629 653 ad
641 608 803 658 removendum
823 609 869 660 troc

60 676 256 740 impedimentum
277 675 373 727 raDonis
392 674 515 740 requiritur
535 674 641 740 morinis
661 675 749 742 virtus,
761 693 813 742 quaa
831 682 869 732 esi

61 747 191 802 sobrietas.

95 819 132 869 Ad
146 817 246 882 primum
263 829 319 882 erqo
333 817 465 880 dicendum,
478 816 539 881 quod
559 817 624 868 cibus
640 820 664 869 ot
680 822 749 883 potus
763 833 867 874 eommu-

60 890 125 942 niter
137 890 246 955 impedire
266 892 363 955 possunt
379 890 465 940 bonnm
480 888 591 952 rationis,
606 889 747 942 absorbendo
761 905 812 942 eam
826 908 867 958 per

58 963 261 1014 immoderantiam
274 962 449 1012 delectationis:
460 964 486 1012 et
498 966 608 1021 quantum
620 963 647 1012 ad
658 963 703 1013 icoc
716 966 867 1018 communiter

60 1035 123 1086 cirea
137 1035 210 1084 cDrurn
226 1038 250 1085 et
263 1037 342 1097 pourm
354 1037 392 1084 est
400 1033 549 1084 abstinentia.
560 1033 605 1084 Sed
617 1038 685 1097 potus
698 1034 810 1087 inebriare
823 1051 866 1089 va·

59 1107 127 1168 icas,
143 1105 239 1170 impedit
248 1104 342 1169 speciali
358 1104 457 1168 ratione,
466 1109 494 1154 ut
506 1105 592 1156 diuum
604 1108 656 1169 eat;
671 1109 698 1157 et
707 1106 758 1159 ideo
772 1108 868 1172 requirit

60 1177 188 1242 specialem
205 1177 320 1230 uirtutum.

94 1249 130 1300 rid
146 1249 270 1300 secundumn
289 1248 421 1310 dicandum,
436 1246 497 1312 quod
513 1247 586 1301 uirtus
606 1249 751 1302 abstinentie
769 1261 815 1302 uon
830 1256 867 1305 es

60 1321 126 1372 circa
139 1321 203 1372 cibus
214 1323 330 1384 adpotus,
341 1319 487 1383 inquantum
500 1323 554 1370 sunt
565 1319 688 1385 nutritiva,
702 1323 742 1373 sed
756 1321 782 1372 iu
794 1335 866 1386 quou-

60 1397 113 1444 tum
128 1392 255 1457 impediunt
267 1391 390 1444 rationem.
400 1393 429 1440 Et
438 1391 490 1442 ideo
506 1405 552 1441 uon
563 1395 653 1456 oportet
664 1392 725 1456 quod
735 1393 866 1458 specialitus

59 1464 154 1514 virtutis
169 1465 296 1514 attendatur
307 1462 433 1514 secundnm
450 1463 561 1514 rationem
580 1464 720 1516 nutritionis.

94 1536 128 1586 td
138 1535 237 1586 tertium
254 1535 389 1598 dicendum,
405 1534 466 1598 quod
482 1535 507 1585 in
523 1536 628 1586 omnibus
645 1536 736 1600 potibus
753 1536 865 1590 incurius

59 1605 192 1658 ualentibus
205 1610 241 1657 est
257 1619 303 1656 una
316 1610 340 1656 et
356 1607 435 1657 eadem
449 1607 507 1657 ratio
520 1607 659 1671 impudendi
671 1607 766 1658 mtioms
778 1622 863 1660 usum:

60 1684 85 1730 et
94 1680 129 1728 sic
142 1678 181 1727 illa
189 1682 282 1742 potuum
295 1675 413 1728 diversitos
423 1691 463 1742 par
472 1678 578 1729 accidens
588 1693 614 1730 se
622 1680 691 1730 habet
704 1680 861 1733 nouorum·

58 1753 91 1802 Ei
108 1754 201 1815 propter
220 1752 277 1812 hoc,
295 1749 418 1801 secundum
431 1749 563 1814 hujusmodi
580 1749 748 1814 diversitatem,
766 1752 864 1803 montes

59 1835 108 1874 uon
118 1821 306 1876 diversificantur.
316 1823 345 1873 lit
358 1822 437 1874 eadam
450 1821 508 1873 ratio
518 1826 556 1878 est
565 1823 595 1874 de
605 1822 737 1874 diversitate
748 1823 863 1876 ciborum.

354 1995 517 2052 aiulcurtis
533 1999 572 2051 111.

218 2125 304 2172 Uirum
312 2137 371 2172 usuc
379 2126 430 2170 nini
442 2125 550 2170 totaliter
557 2125 590 2170 ait
598 2125 707 2172 illicitus.

94 2255 129 2306 Ad
141 2253 234 2305 tertium
249 2252 281 2304 oio
293 2251 428 2318 proceditur.
439 2251 534 2302 uideor
548 2250 611 2315 quid
623 2264 680 2302 usus
699 2249 756 2303 rini-
765 2251 866 2304 totaliter

60 2327 96 2379 sit
112 2325 214 2376 illicitus.
234 2325 288 2380 Sine
303 2323 413 2389 sapientia
430 2323 494 2375 euim
512 2336 558 2374 nou
574 2327 652 2388 potest
668 2322 751 2387 eliquia
773 2329 824 2374 ease
839 2324 865 2374 iu

61 2399 123 2450 statu
135 2397 223 2446 salutis.
240 2395 326 2446 Dicitur
335 2396 396 2446 enim
407 2396 479 2460 Sep„
490 2395 546 2445 Vll:
559 2395 699 2446 «Neminem
714 2393 787 2458 diligit
794 2395 863 2459 Deus,

60 2469 105 2521 uisi
121 2481 172 2518 eum
185 2467 224 2530 qui
233 2481 286 2518 curn
299 2467 410 2532 sapientia
424 2467 541 2518 innabitat.
558 2467 611 2516 »Et
619 2466 678 2516 inira
688 2467 733 2517 lx:
747 2483 760 2513 u
772 2468 814 2516 Per
826 2479 863 2516 aa·

59 2540 172 2604 pientiam
191 2537 264 2589 sanati
284 2543 351 2602 sunt,
370 2537 507 2602 quicumque
526 2539 658 2602 placuerunt
677 2537 717 2588 uini
737 2537 831 2588 Domine
850 2537 864 2590 i

59 2607 184 2676 principio.
201 2627 214 2658 u
231 2611 275 2662 Sed
293 2625 347 2662 usus
365 2611 412 2662 vini
426 2609 511 2674 inpedit
529 2609 672 2674 sapientiam.
692 2609 778 2661 Dicitur
799 2609 863 2660 enim

61 2780 124 2820 tectu
140 2775 272 2819 conservari
292 2774 362 2819 nilum
379 2773 463 2818 unimai
476 2785 562 2829 posse,
578 2773 632 2830 quia
647 2773 742 2825 nonnisi
755 2772 863 2818 alimento

60 2842 327 2947 {uzxgzlgonservaturq
337 2841 370 2884 eet
383 2845 462 2882 catino
470 2842 555 2894 potatam
564 2841 643 2883 inetur
653 2838 763 2896 quidum,
771 2836 865 2880 seilicet
