1934 3284
112 176 160 223 tet
204 182 314 223 mennon
329 181 458 234 mnne,
474 184 566 230 onem.
583 184 688 234 cxxxvi,
703 184 758 224 aar.
776 185 803 225 v.

110 260 149 312 rel
162 259 267 311 timonem
281 259 332 310 siva
344 258 474 322 mittam,
484 274 536 324 qne
548 260 673 325 reepioinnt
679 260 782 323 malurn,
800 261 832 313 ita
843 262 907 313 ettam

110 330 285 396 longanimitas3
297 332 358 381 ante
371 330 531 394 longanimitas
546 330 655 395 majoram
673 332 858 384 convenientiam
872 332 907 381 ri-
951 372 952 377 ,

111 402 177 453 ttetnr
186 402 271 453 habere
284 415 336 452 rnrn
353 401 538 465 magnanimitate
551 402 618 467 qnlm
627 416 680 455 enm
693 403 814 468 patientia.
833 404 908 455 Potest

111 477 188 525 temen
204 473 328 525 nonnanis
341 486 393 524 enm
402 472 511 537 patientia
522 474 619 538 duplioir
630 475 715 527 alione.
730 474 807 527 Primo
820 474 909 540 quinem

111 544 165 611 qnia
178 544 288 610 patientia
307 544 366 595 mont
378 548 402 596 et
414 544 527 596 tortitudo
541 545 728 611 sustinetaliqna
744 547 803 597 mala
821 548 910 611 propter

111 616 203 682 nitunt
215 616 302 669 bonnm
313 632 320 667 ε
330 616 392 683 qnod
404 616 464 669 sier
476 616 605 682 propinquo
617 620 762 683 expectetur,
773 618 865 669 tacilins
874 620 911 669 eat

111 690 235 755 smtinere3
250 690 272 741 si
287 694 364 744 antem
381 689 406 741 in
425 688 588 755 longinquam,
603 690 719 743 <litteratas
734 690 790 743 illnd
810 691 909 754 bonnm,

111 763 197 815 malam
214 766 290 816 antem
308 765 411 828 oportent
425 761 451 813 in
470 762 579 827 prasenti
598 762 710 815 sustinere
732 761 847 815 difficilius
865 766 910 815 est.

112 834 231 899 Secundo,
246 836 302 901 qnia
313 836 358 887 hon
371 834 446 900 ipsam
459 835 520 900 qaod
536 838 570 887 ent
587 834 672 889 differri
686 835 773 890 bonnm
787 840 910 900 speratam,

112 910 192 960 natum
213 911 248 960 est
270 920 363 959 mamre
384 906 499 959 tristitiam
516 906 641 959 semrndlrm
656 908 712 958 illud
733 908 819 965 Pron„
834 908 885 957 Xlll
903 922 910 958 r

114 980 199 1046 «Spes
213 994 264 1044 qna
277 979 382 1031 ‹littertnr
397 978 477 1043 attigit
490 978 623 1042 animam3n
633 979 693 1031 unde
704 982 727 1031 et
740 978 765 1029 in
779 978 912 1031 snnmendo

113 1051 258 1116 husjusmodi
272 1050 418 1102 afflictionem
427 1053 504 1114 potest
512 1062 563 1101 esse
573 1049 693 1115 patientia,
704 1050 765 1101 sient
772 1054 797 1103 et
810 1050 835 1101 in
845 1051 913 1101 ansti-

112 1123 189 1175 nsndo
209 1134 366 1188 qnamnmqns
382 1121 440 1173 aias
458 1120 571 1173 tristitias.
592 1120 630 1173 Sin
643 1134 697 1186 erpo
714 1122 839 1173 meandum
853 1120 914 1186 qnod

114 1194 156 1247 snb
166 1195 246 1246 eadem
260 1194 347 1246 ratione
360 1193 415 1245 mali
424 1192 577 1245 contestantis
589 1196 665 1259 potest
673 1193 835 1258 comprehendi
843 1197 868 1245 et
878 1194 913 1244 di·

113 1266 169 1318 latio
186 1266 241 1318 boni
252 1266 349 1331 sperati,
363 1279 414 1331 qun
430 1264 530 1330 pertinet
541 1266 570 1317 ad
585 1265 796 1331 longanimitatem
807 1268 832 1315 et
852 1266 916 1317 labor

113 1350 183 1403 qnem
192 1340 261 1390 homo
269 1336 400 1389 metientin
408 1336 539 1388 continuata
546 1336 681 1389 ementione
690 1335 747 1387 boni
753 1335 846 1401 operis,
856 1338 915 1402 qnod

112 1406 214 1473 pertinet
226 1408 255 1459 ad
267 1408 432 1469 oonstantinm3
449 1410 496 1457 tam
510 1407 671 1472 longanimitas
685 1420 752 1473 qnam
767 1407 836 1465 etiam
856 1422 915 1459 non-

113 1480 198 1531 stnntia
210 1479 254 1531 snb
264 1479 373 1545 patientia
383 1480 613 1545 comprehendantur.
625 1480 688 1531 Unde
700 1482 725 1531 et
734 1477 822 1529 Tullius
832 1478 885 1546 (ll).
895 1481 916 1530 ll

114 1551 152 1601 De
166 1549 296 1601 Rhetorica
315 1551 471 1612 inventione,
491 1563 554 1601 num.
578 1553 635 1613 tt.)
651 1548 766 1601 diffiniens
782 1549 916 1614 patientiam

113 1620 170 1673 elicit
187 1620 249 1687 qnod
260 1638 275 1670 «
286 1620 396 1686 patientia
406 1624 442 1673 est
456 1622 582 1674 honmtatis
596 1635 624 1673 ao
634 1620 741 1673 utilitatis
753 1620 821 1673 must
836 1623 917 1674 volun·

113 1692 211 1744 tarinae
226 1692 330 1743 diuturna
347 1693 464 1759 perpessio
477 1706 554 1745 rernm
567 1694 686 1746 artuararn
706 1706 732 1745 ae
751 1692 915 1745 difficilium.»

114 1764 180 1827 Quod
196 1763 251 1815 aicit
264 1764 410 1816 arduorum
423 1764 524 1829 pertinet
538 1766 565 1817 ad
579 1764 729 1820 constantiam
738 1766 840 1819 inbono.
853 1766 916 1825 Quot

114 1835 170 1887 nteit
182 1834 353 1899 difficilium,
363 1836 465 1902 pertinet
481 1836 510 1888 ad
521 1836 654 1901 gravitatem
668 1838 737 1899 mati,
747 1850 814 1901 quam
826 1838 918 1905 proprie

113 1904 338 1972 resptotpatientia
350 1906 482 1966 tinnovero
497 1906 571 1972 addit,
584 1908 708 1959 diuturno
724 1908 782 1974 (sire
798 1909 916 1975 diotimo)

114 1977 213 2042 pertinet
239 1977 268 2028 ad
288 1977 498 2043 longanimitatem,
515 1978 640 2031 secundnm
658 1980 720 2045 qnod
741 1981 850 2031 convenit
865 1995 917 2031 cnm

113 2048 232 2114 patientia.
246 2049 277 2100 lit
295 2064 336 2114 per
350 2052 395 2102 lnor
410 2054 473 2117 patet
492 2050 611 2116 responsio
630 2050 659 2102 ad
678 2050 776 2115 primam
792 2054 817 2103 et
835 2065 918 2105 sman-

114 2120 178 2173 dnm.
776 2126 778 2129 '

144 2191 179 2243 ld
195 2191 286 2243 tertinm
297 2191 569 2259 omniumomniuni
581 2193 641 2258 qnod
651 2197 687 2246 est
697 2193 848 2260 longinquum
857 2194 917 2261 loeo,

112 2263 218 2331 quamvis
235 2262 266 2314 sit
283 2267 394 2315 remotum
408 2264 512 2331 taonis,
527 2267 664 2319 nontamen
681 2269 718 2317 est
731 2266 870 2332 simpliciter
883 2281 918 2319 rs·

112 2339 201 2387 motum
220 2333 331 2386 enatura
343 2348 432 2399 rernm,
445 2336 504 2386 siout
521 2336 545 2387 it
562 2336 624 2401 quod
641 2340 676 2388 est
688 2336 839 2405 longinquum
859 2344 918 2390 tern-

112 2419 168 2470 pors
182 2410 226 2459 :et
238 2406 290 2460 ideo
298 2418 346 2457 non
354 2410 390 2458 est
402 2407 484 2459 similis
495 2408 561 2459 ratio.
573 2410 601 2461 Et
612 2412 729 2474 preterea,
738 2410 799 2475 quod
813 2415 851 2463 est
865 2412 916 2463 lon·

112 2476 223 2541 pinqanm
235 2478 300 2542 meo,
313 2490 360 2530 non
372 2478 438 2529 ntiert
451 2478 621 2543 difficultatem,
636 2478 680 2531 nisi
691 2481 780 2533 ratione
791 2483 916 2549 temporis;

111 2547 167 2613 qnia
180 2549 242 2612 qnod
253 2553 289 2600 est
298 2548 446 2615 longinquum
456 2550 507 2602 loro
516 2549 529 2601 l
538 2550 613 2617 nobis,
620 2550 707 2605 tarditas
718 2556 822 2619 tempore
835 2555 867 2605 ad
877 2566 920 2605 nne

113 2620 191 2681 potest
208 2620 340 2682 pervenire.

145 2688 256 2746 Quartum
273 2687 425 2743 mnoeffimns.
443 2693 529 2744 lamen
547 2694 710 2747 consideranda
726 2699 762 2747 est
777 2696 837 2749 ratio
855 2696 918 2747 illins

113 2756 259 2820 differentiae,
272 2773 341 2824 qnam
356 2762 437 2825 Glossa
452 2764 563 2828 assignat,
575 2766 629 2831 quia
643 2766 668 2817 in
680 2767 716 2819 lais
730 2767 770 2833 qui
781 2781 810 2820 ex
822 2768 920 2819 mirmi-

114 2830 161 2878 tate
175 2832 285 2909 pereant,
298 2831 343 2881 lroo
356 2834 430 2883 solnm
445 2834 535 2889 ridetur
548 2835 691 2900 importabile
709 2838 770 2905 qnod
788 2838 827 2891 din
840 2852 918 2903 peren

17 2949 18 2996 g
113 2899 195 2949 nerant
203 2910 229 2948 rn
238 2898 298 2949 malo
309 2914 315 2949 :
329 2901 412 2954 etiteo
422 2904 506 2957 dicitnr
517 2904 578 2970 quon
589 2920 619 2959 nx
632 2908 806 2975 longanimitate
818 2923 917 2979 suppor-
