1934 3284
133 130 180 182 itt
239 109 347 181 nonina
362 138 493 192 aaron,
507 138 600 186 oum.
616 139 693 192 mnu,
708 139 767 180 aar.
783 141 824 182 rr.

135 218 251 278 Timoli„
263 217 293 267 IV
309 232 315 267 :
333 216 432 268 «Pietas
451 217 478 267 ad
501 219 577 268 omnia
593 217 655 267 utilis
667 224 717 280 est,
733 233 749 265 u
770 218 831 269 dicit
855 219 931 271 clusa

135 289 245 341 Ambrosii
258 288 317 354 qudd
331 305 345 337 u
358 303 445 340 summa
457 289 573 353 religionis
585 289 715 340 christiano
732 289 758 340 in
773 289 866 353 pietate
879 305 930 342 con·

132 361 199 412 sistit.
215 377 229 408 u
241 361 299 425 Ergo
311 361 459 411 mansuetudo
470 364 494 411 et
506 359 624 411 clementia
637 364 690 410 sont
702 361 815 414 maximae
826 363 930 413 uirtutes.

159 433 205 484 Sed
218 436 295 484 eontra
303 437 346 498 est,
357 433 418 496 qudd
427 446 472 483 non
481 437 597 497 ponuntur
606 433 664 483 inter
671 431 771 484 virtutes
779 435 929 500 principales,

133 505 172 556 sed
184 504 335 568 adjunguntur
345 504 408 556 alteri
418 504 498 554 uirtuti
511 504 575 568 quasi
586 504 750 568 principaliori.

161 577 361 643 (Conceus10.-
371 578 422 627 lton
436 576 481 626 nisi
492 575 615 627 secundine
630 575 684 641 quid
700 575 858 640 (dispositive
870 577 931 630 ride

127 647 193 704 liceti
206 647 326 700 clementia
335 652 358 700 et
368 649 515 699 mansuetudo
528 648 652 711 potissimae
665 645 763 699 sututes
777 651 861 714 sunt.)

159 721 294 785 Respondeo
311 720 445 782 dicendum,
460 719 520 784 qudd
534 719 592 770 nihil
610 719 713 784 probibet
731 719 827 783 aliquas
841 723 931 774 viniules

128 806 174 846 non
185 806 236 845 esse
245 791 372 857 potissimas
385 790 531 854 simpliciter,
543 804 588 840 nee
600 791 672 854 quoad
686 790 765 840 omnic
774 829 781 854 ‚
791 793 839 842 sed
853 807 929 844 secun

132 863 184 916 dim
198 864 265 928 quid,
280 863 339 914 etin
353 862 427 926 aliquo
437 875 529 926 genere.
542 863 594 912 lton
604 867 682 914 nutem
694 866 730 912 est
743 863 863 926 possibile
875 864 929 928 qu‘od

132 936 252 990 clementia
268 939 290 985 et
304 934 451 984 mansuetudo
465 934 512 984 sint
525 934 649 998 potissima
665 933 763 984 viniules
777 934 928 1000 simpliciter:

130 1010 183 1074 quia
195 1009 245 1060 lacu
258 1020 335 1058 earum
349 1006 472 1057 attenditur
484 1005 509 1056 in
522 1008 567 1057 lnoc
581 1005 642 1070 qudd
653 1007 775 1057 retrahunt
787 1007 803 1056 d
815 1011 896 1071 malo,
909 1011 931 1060 in

130 1084 239 1146 quantum
253 1079 337 1132 scilicet
350 1078 479 1128 diminuunt
489 1078 545 1128 iram
558 1078 595 1129 uel
607 1091 706 1142 poenam.
717 1078 845 1137 Perfectus
859 1086 930 1133 anem

131 1156 165 1204 est
181 1151 287 1215 consequi
301 1150 385 1200 bonum
398 1149 465 1213 quim
484 1163 560 1201 carere
574 1152 641 1221 malo.
653 1151 683 1200 lit
696 1149 748 1200 ideo
766 1150 871 1204 uirtutes
884 1167 931 1218 qne

132 1223 263 1288 simpliciter
276 1222 380 1273 ordinant
393 1222 417 1271 in
430 1222 515 1272 bonum
531 1222 604 1284 (sicut
619 1223 674 1274 lides
682 1261 689 1284 ‚
698 1236 766 1287 spes,
779 1225 901 1289 charitas,
912 1229 930 1276 el

87 1301 90 1310 '
133 1296 201 1348 etiam
220 1293 339 1358 prudentia
357 1295 381 1343 et
391 1293 494 1357 justitia)
505 1297 558 1344 sunt
575 1294 706 1358 simpliciter
717 1295 821 1358 majores
839 1296 931 1348 virtutes

131 1366 197 1430 quim
211 1364 330 1416 clementia
342 1367 366 1416 et
380 1365 534 1415 mansuetudo.
548 1366 591 1416 Sed
605 1364 729 1416 seeundum
737 1367 795 1430 quid
806 1369 872 1419 nilril
881 1383 930 1433 pro

130 1438 192 1488 hibet
200 1437 340 1488 clementiam
350 1440 374 1487 et
383 1435 577 1488 mansuetudinem
590 1437 673 1486 hahere
684 1438 806 1500 quamdam
817 1441 930 1491 excellen

133 1510 188 1560 tiam
203 1511 261 1560 inter
271 1509 365 1558 virtutes
375 1522 425 1572 quae
438 1507 546 1559 resistunt
555 1508 805 1573 allectionibuspravis.
819 1511 883 1561 Nam
892 1513 929 1572 ira,

133 1595 199 1646 quam
218 1581 307 1644 mitigat
329 1582 491 1644 mansuetudo,
505 1585 597 1645 propter
618 1595 684 1631 snum
702 1582 815 1646 impetum
830 1584 929 1634 maximi

133 1652 229 1718 impedit
237 1652 337 1703 aninruru
345 1653 445 1704 hominis
452 1666 481 1704 ne
489 1653 559 1704 liberie
566 1653 654 1718 judicet
662 1653 790 1705 ueritatem.
800 1655 832 1705 Et
842 1661 930 1721 propter

132 1727 176 1778 hoe
189 1725 335 1776 mansuetudo
349 1724 448 1777 martene
461 1725 516 1778 lacit
527 1726 643 1777 homiuem
658 1738 710 1776 esse
722 1731 857 1790 compotem
874 1729 910 1778 sui
923 1745 928 1777 :

132 1797 192 1850 unde
203 1797 283 1848 dicitur
292 1797 427 1856 Eccles.,ll
440 1814 445 1848 :
458 1817 472 1848 u
480 1798 525 1848 l'ili
533 1799 557 1848 in
570 1798 741 1848 mansuetudine
750 1811 817 1848 serva
831 1799 930 1850 menam

133 1874 204 1921 tuam.
217 1886 230 1918 u
241 1869 347 1929 Quamvis
360 1869 548 1934 concupiscentiae
557 1869 731 1931 delectationum
739 1869 817 1920 taetris
826 1871 876 1922 sint
885 1877 930 1921 tnr-

133 1944 209 2008 piures
215 1979 223 2006 ,
239 1947 263 1994 et
276 1941 346 2006 magis
359 1940 465 1994 continue
474 1941 598 1992 infestent:
610 1946 701 2006 propter
710 1941 771 2005 quod
779 1944 930 2008 temperantia

135 2013 208 2080 magis
218 2013 309 2080 ponitur
324 2014 396 2064 virtus
412 2013 560 2077 principalis,
570 2016 596 2062 ut
605 2028 635 2064 ex
646 2013 711 2064 dictis
721 2016 785 2076 patet
795 2015 856 2080 (qu.
876 2017 929 2075 lit,

133 2092 175 2138 nrt.
190 2090 218 2149 3,
237 2087 265 2136 nd
280 2085 322 2150 2).
334 2085 460 2136 Clementia
474 2084 527 2135 uerd
540 2085 565 2135 in
577 2086 620 2135 hoc
633 2083 692 2148 qudd
708 2083 817 2135 diminuit
836 2100 929 2149 poeuas,

134 2156 233 2209 maxime
252 2157 340 2208 videtur
361 2157 467 2209 accedere
486 2155 515 2206 ad
536 2155 680 2218 chanutem,
692 2167 743 2218 que
760 2160 796 2207 est
811 2157 929 2219 potissima

136 2229 253 2292 unutum3
268 2242 308 2294 per
327 2239 394 2292 quam
414 2228 472 2280 hone
486 2240 605 2290 operamur
621 2226 651 2277 ad
667 2226 798 2295 proximos,
811 2231 835 2278 et
850 2241 929 2281 eorum

55 2325 63 2342 ·
135 2303 194 2354 mola
208 2301 351 2366 impedimus.

164 2375 197 2424 td
211 2373 308 2438 primurn
321 2385 374 2435 ergo
383 2370 518 2434 dicendum,
528 2370 590 2434 qudd
603 2369 751 2420 mansuetudo
762 2373 929 2434 preparatio

133 2445 219 2496 minem
231 2444 259 2494 ad
272 2445 313 2494 liei
327 2443 477 2507 cognitionem
490 2443 625 2494 removendo
636 2440 833 2506 impedimentum.
845 2443 875 2492 Et
887 2445 928 2492 lnoc

133 2515 251 2580 dupliciter
263 2531 269 2565 ι
279 2514 353 2566 Primi
362 2514 453 2578 quidem
462 2514 567 2564 iaciendo
575 2512 690 2565 hominem
703 2517 834 2575 computem
842 2515 882 2564 sui
891 2527 929 2578 per

133 2587 305 2638 diminutionem
324 2587 379 2647 irae,
394 2589 420 2636 ut
434 2585 518 2636 dictum
535 2585 639 2635 estillic
653 2585 731 2644 modo,
750 2584 807 2647 quia
820 2585 850 2634 ad
867 2598 928 2634 man·

134 2659 276 2708 suetudinem
294 2657 391 2722 pertinet
403 2657 462 2722 qudd
478 2658 546 2707 homo
559 2670 607 2707 non
618 2656 757 2722 contradicat
777 2656 855 2707 verbis
871 2656 927 2706 reri·

132 2725 198 2789 tutis;
212 2729 270 2788 quod
283 2728 413 2792 plerumque
433 2727 503 2791 aliqui
521 2727 607 2778 iaciunt
624 2741 653 2777 er
666 2728 819 2780 commotione
833 2729 884 2780 irc.
900 2729 926 2777 lit

133 2795 184 2866 ideo
196 2797 334 2858 Augustinus
345 2799 400 2848 dicit
411 2799 434 2848 in
447 2801 476 2850 ll.
486 2801 523 2849 De
535 2799 652 2865 doctrino
666 2800 772 2859 Circi,
785 2799 847 2864 qudd
859 2817 874 2848 u
887 2798 925 2848 nri·

134 2867 219 2915 tessere
228 2871 263 2916 est
273 2881 319 2921 non
327 2869 480 2922 contradicere
494 2870 576 2922 divium
585 2870 781 2935 mutuantes
790 2870 924 2930 intellwte,
