1934 3284
121 135 169 194 tto
241 145 350 188 moron
366 146 496 199 mouson,
509 146 602 194 onum.
618 145 689 198 om,
703 144 762 185 rur.
773 145 799 184 r.

417 332 576 384 tumultus
590 332 618 381 ll.

258 459 343 504 Uirium
353 457 477 503 ltms'lo'tou
486 458 519 503 uit
526 457 650 514 portum
658 458 792 504 virtutum.

155 587 189 639 ho
203 585 307 650 quintum
324 585 357 637 sio
368 581 500 650 proceditur
512 584 557 644 (l).
574 583 669 634 Videtur
680 583 745 647 prou
765 586 891 638 humilitus
901 588 928 637 sit

124 657 243 724 potissimo
261 657 379 708 virtutum.
396 655 455 706 otolt
466 655 529 706 onim
545 657 720 721 chrysostomus
735 669 864 721 exponens
880 660 927 708 illul

125 731 186 794 quod
204 729 285 780 dieitur
303 731 376 788 Luc„
389 728 479 788 lllllll,
496 728 524 778 de
537 728 652 778 Pharimeo
667 731 691 777 et
705 728 861 795 uomicam,
877 730 928 794 qnod

127 817 142 850 o
156 803 177 854 si
191 801 261 854 mixtu
270 799 360 852 delictis
372 799 489 850 humilitas
498 802 545 848 tum
558 798 716 859 luoillronrrit,
725 803 754 848 nt
767 802 890 861 justitian
899 817 928 851 su·

126 873 209 938 portis
228 872 371 936 ooujunotum
388 873 505 932 transeam
515 870 536 920 si
544 870 640 933 justitior
649 870 805 933 conjunxeris
818 887 885 936 eam,
894 886 930 936 quo

127 959 174 998 nou
186 945 247 997 ibit?
262 943 359 994 llssistet
371 942 416 1006 ipsi
429 942 535 992 trihnurli
548 942 625 992 dirim
636 941 662 991 in
674 941 751 994 modio
764 947 930 1009 augelorum.»

126 1019 157 1070 tlt
171 1019 205 1070 sio
217 1020 279 1082 potet
291 1014 351 1080 quod
362 1014 478 1066 humilitas
490 1014 609 1078 prelertur
619 1013 725 1078 justitie.
736 1016 787 1066 Sed
797 1017 896 1081 justitia
905 1023 932 1067 est

128 1088 328 1155 oprmolnrissimu
345 1086 446 1138 omnium
468 1085 591 1147 virtutum,
606 1089 630 1136 et
649 1085 747 1136 includit
762 1087 793 1137 iu
812 1103 842 1140 se
863 1104 933 1142 omnes

128 1162 239 1226 mrlutes3
254 1177 267 1207 u
282 1164 308 1209 ut
320 1162 432 1223 pstetper
441 1157 604 1222 Philosophum
619 1157 647 1208 ll.
658 1157 745 1207 utto.
760 1159 814 1224 (2).
827 1162 893 1228 Ergo
902 1166 935 1212 hu

127 1233 212 1284 militas
224 1235 262 1282 est
274 1229 371 1282 monimo
382 1229 502 1280 virtutum.

160 1305 290 1366 Praelereu,
309 1301 448 1366 Augustinus
469 1299 525 1352 dicit
542 1299 568 1350 iu
586 1299 643 1350 libro
664 1301 703 1350 De
716 1301 809 1354 uerbis
834 1307 936 1356 Domini

130 1375 219 1439 (serm.
234 1375 263 1426 ll.
275 1375 284 1438 l
300 1389 307 1425 τ
323 1391 337 1422 o
351 1373 442 1436 cogitas
455 1385 559 1436 magnum
570 1371 678 1422 lubricum
692 1377 838 1428 construere
852 1379 937 1430 oelsitn

129 1446 207 1498 diuisi
217 1448 248 1497 ho
266 1446 414 1496 fundamento
426 1443 490 1509 prihs
502 1445 577 1507 oogitn
590 1443 736 1494 humilitatis.
750 1461 766 1492 s
783 1447 826 1497 Ex
845 1464 896 1514 quo
909 1451 935 1498 ri-

128 1519 193 1570 dolur
206 1516 265 1581 quon
276 1515 391 1566 humilitas
403 1516 431 1565 sit
442 1516 614 1567 tundamentum
622 1515 724 1566 omnium
736 1515 873 1573 virtutum.
888 1525 936 1585 Ergo

130 1588 282 1639 videturesse
298 1586 372 1652 potior
385 1587 436 1638 aliis
449 1587 579 1638 virtutibus.

163 1663 186 1709 o.
204 1659 328 1718 Proteum,
345 1657 425 1722 mojori
446 1657 527 1709 virtuti
544 1659 619 1723 majus
632 1658 727 1710 debetur
744 1664 889 1724 premium.
906 1666 938 1715 sel

130 1730 253 1784 humilitati
265 1729 390 1783 monimum
403 1730 498 1781 debetur
507 1731 625 1794 prumiam
635 1730 707 1794 :quia
717 1733 784 1796 «qui
795 1747 827 1786 se
838 1737 937 1788 humiliat

130 1801 279 1862 exaltuhitur,
297 1817 311 1850 u
326 1805 351 1855 ul
364 1800 444 1852 dieitur
457 1803 530 1866 tuo,
547 1803 605 1853 xlv.
620 1803 679 1866 llrgo
693 1803 825 1858 humilitas
843 1813 885 1860 est
897 1822 939 1858 rm-

131 1875 192 1927 simu
206 1873 326 1924 virtutum.

164 1951 187 1998 t.
205 1947 330 2009 Pronoea,
343 1946 402 1996 sium
413 1945 555 2010 Augustinus
563 1944 651 1996 (linitio
664 1944 723 1995 lihro
737 1946 779 1997 De
787 1963 860 2002 om
873 1953 933 2013 relig

133 2019 202 2084 (sep.
224 2017 291 2080 tol:
305 2019 384 2070 «Toto
400 2018 449 2068 vitu
464 2017 550 2068 Christi
563 2017 589 2068 in
600 2016 668 2068 terris
681 2029 722 2082 per
735 2018 872 2074 hominem
885 2036 940 2088 queo

132 2161 211 2205 rentur
223 2157 247 2202 in
260 2155 392 2209 eommuul;
405 2159 453 2200 tum
465 2167 506 2210 qu.
524 2153 580 2211 ¹29,
595 2160 638 2200 nrt.
657 2153 686 2211 5,
699 2155 741 2201 uhi
756 2163 941 2216 mugnanimius

133 2221 247 2279 perseius
258 2219 388 2277 assignatur
398 2217 422 2262 iu
433 2218 543 2273 specium
555 2225 602 2275 tum
616 2231 656 2275 qu,
668 2216 729 2276 lth,
742 2226 791 2265 ort.
805 2225 896 2279 unico,
907 2225 940 2268 uhi

133 2282 292 2341 temperantius
300 2287 378 2340 portos
386 2281 408 2325 ln
416 2281 534 2325 communi
542 2280 612 2326 etiam
620 2281 759 2334 indicantum
768 2287 825 2328 tum
834 2299 880 2344 qu.
894 2287 940 2341 157,

135 2351 178 2393 nrt.
192 2345 217 2404 3,
231 2346 272 2390 uhi
286 2345 314 2388 de
326 2344 371 2389 illls
384 2343 459 2388 udhuo
470 2343 593 2400 spocinlihs
607 2344 739 2400 inquiritur.

168 2413 201 2478 (l)
216 2418 248 2463 Do
258 2415 294 2460 hls
304 2416 374 2462 etium
388 2415 431 2467 lv.
444 2415 522 2464 Sunt„
535 2415 588 2461 rllst
599 2415 643 2473 33,
655 2427 693 2472 qu.
710 2413 734 2470 3,
747 2415 794 2462 ort.
804 2415 831 2472 3,
852 2422 883 2466 sol
895 2421 918 2465 o.

167 2487 200 2548 (2)
214 2488 259 2534 Ubi
272 2487 368 2544 prolude
381 2498 424 2531 neo
433 2485 556 2543 hesperum
568 2500 611 2533 nen
621 2487 741 2532 lucilerum
753 2488 825 2544 oeque
842 2491 939 2536 admira-

134 2551 204 2596 hilern
222 2551 255 2595 uit
263 2561 315 2596 esse
326 2562 353 2595 uo
362 2549 487 2607 justitiam
497 2555 558 2595 eleo
568 2550 639 2596 refert
646 2560 746 2606 graeoum
757 2562 859 2597 versum
874 2567 941 2610 quern

135 2614 221 2659 abiisse
241 2614 264 2658 ln
282 2613 430 2669 proverbium
450 2619 516 2658 notat
533 2630 540 2656 z
558 2612 596 2662 Ἐν
610 2608 639 2662 δὲ
653 2606 791 2679 omniorum
806 2612 940 2669 συλλήίδπν

134 2687 193 2731 rrso'
208 2682 280 2749 ἄρετὴ
294 2680 334 2741 erl
350 2681 406 2745 (pro
420 2681 482 2750 ἐςὶ),
495 2685 544 2730 sire
554 2685 584 2729 tn
593 2684 697 2742 §ostilio
714 2686 863 2730 sumimur·
873 2700 936 2731 rum·

133 2753 217 2796 mottm
230 2756 308 2798 omnis
320 2756 409 2800 virtus.
430 2757 482 2802 Non
497 2758 557 2801 siout
573 2756 636 2813 prius
650 2755 800 2800 indicabatur
810 2757 844 2801 ud
854 2760 937 2815 murgi·

133 2825 196 2865 nom,
208 2824 260 2870 cup.
273 2813 296 2871 t,
306 2817 346 2861 sed
358 2829 410 2873 oop.
424 2816 587 2877 ingresso-lut„
605 2818 641 2864 vel
657 2829 712 2875 oup.
723 2818 739 2862 ἰ
749 2818 774 2862 tn
782 2820 901 2880 antiquis,
912 2827 935 2864 et

134 2872 195 2930 upuo
205 2875 228 2918 s.
242 2875 358 2925 Thomom
370 2879 424 2926 leot.
434 2877 458 2930 8.

948 138 953 377 l
