1934 3284
327 214 360 254 ιι
375 213 541 257 mrosrrsrr.
786 210 832 260 itt
907 201 919 226 ⁹

31 293 161 353 molinet,
176 291 238 342 dont
251 294 315 356 putet
330 293 361 344 dc
376 294 470 358 hirqui
486 295 560 358 nlian
577 297 655 347 lutnrn
666 295 832 350 idnmnnihns

31 365 181 430 perquirunt,
196 377 247 426 que
257 368 294 414 cst
305 365 459 428 superstitiosa
469 366 588 418 nodositas
600 383 606 417 ε
619 369 680 420 nulle
691 370 831 433 Augustinus

31 438 90 489 dicit
103 437 129 485 lu
143 435 181 485 lih.
196 437 232 486 De
241 451 301 486 nero
312 438 388 502 solip.
400 441 468 503 (cup.
482 439 514 503 l)
529 455 535 488 ε
548 439 651 490 «Nescio
660 454 688 492 un
700 441 833 506 philosophi

31 508 196 572 impedirentur
205 506 218 557 l
228 507 271 558 lide
281 508 338 558 vitio
349 509 487 564 curiosioris
497 511 520 562 ir
528 513 702 578 percunctandis
718 513 832 564 demoni-

31 582 86 631 hus.
96 597 110 626 »
123 578 207 640 lertio,
217 581 309 643 quondo
318 582 386 632 homo
397 583 483 646 appelit
497 595 631 646 cognoscere
641 585 758 636 veritatem
772 586 832 638 circu

31 658 157 713 nmmos,
168 663 217 701 nnn
229 651 349 703 mundo
361 654 389 702 sd
399 654 500 704 dehilm
515 655 596 716 linem,
609 655 696 706 scilieet
711 657 738 706 nd
747 658 833 721 cogni·

31 726 121 773 tionem
138 721 196 771 lici:
219 724 281 772 unde
299 724 440 788 Augustinus
460 726 516 775 dicit
530 726 554 776 in
571 727 611 776 lih.
632 735 665 776 De
687 742 744 776 uero
759 729 831 794 reliq.

31 795 171 861 (caper),
184 794 247 858 quod
258 795 499 848 «inconsideratione
511 803 717 850 creslnrururnnon
730 804 766 850 est
775 813 834 854 nnn

31 875 52 920 cl
67 867 169 933 periture
182 866 303 918 undositas
316 870 455 932 coemendo,
468 871 508 921 ned
526 871 609 934 padus
620 873 647 921 nd
661 871 798 921 immortalis
809 875 833 922 cl

31 953 127 1004 sempor
137 940 294 1004 pemaneolin
303 940 430 993 irnimdes.
447 957 463 989 n
475 943 574 1006 donno,
589 944 614 993 in
629 947 737 1006 quantun
752 943 833 1007 uliquis

31 1013 149 1065 studotnd
158 1015 336 1076 cognoscendum
354 1015 474 1065 coriletum
488 1029 555 1080 supro
566 1016 651 1080 proprii
661 1015 748 1078 ingenii
762 1017 833 1066 incul-

31 1091 113 1142 lotum,
123 1084 176 1147 quir
184 1097 226 1148 per
233 1086 278 1135 hoc
287 1085 390 1136 hornines
398 1087 427 1137 de
434 1087 494 1137 incili
506 1088 531 1137 ln
540 1101 627 1138 errores
636 1087 742 1137 lnhuotor
753 1102 758 1135 :
770 1089 831 1139 unde

32 1158 117 1207 linitur
126 1155 232 1212 Ecum..
247 1158 294 1208 llt:
310 1175 325 1206 u
337 1158 421 1208 litiorr
434 1162 457 1209 le
470 1169 500 1208 ne
514 1158 647 1222 quinniens,
663 1164 687 1208 et
701 1158 794 1210 lorliorn
808 1162 833 1210 te

32 1243 57 1280 re
72 1230 189 1278 scrutalus
205 1228 291 1292 iueris3
302 1230 326 1278 et
337 1229 361 1278 in
373 1229 476 1292 plnrihus
487 1231 592 1295 opeiihus
602 1231 651 1295 clus
662 1242 692 1280 ne
708 1229 779 1280 inieris
793 1243 833 1280 cn-

31 1302 117 1350 riosus.
134 1315 148 1346 n
162 1299 193 1350 lit
206 1304 284 1363 postea
295 1300 414 1364 seqnitur:
427 1303 531 1352 «ldultrrs
542 1301 603 1352 enirn
616 1302 772 1366 supplantavit
781 1315 833 1352 sus-

31 1374 93 1437 picio
104 1383 193 1432 comm,
207 1376 231 1422 ot
243 1371 377 1422 inrepitete
391 1371 488 1423 detinuit
500 1385 703 1424 sensissemus.»

58 1445 97 1494 dd
115 1442 213 1506 psum
224 1456 280 1507 ergo
293 1443 427 1507 dicendum,
441 1444 502 1508 quod
516 1445 599 1494 honoro
618 1444 717 1495 hohnnls
729 1444 836 1496 concutit

33 1531 49 1566 n
65 1514 200 1578 cognitione
213 1516 272 1566 ueri.
287 1518 338 1567 llon
356 1520 433 1567 lernen
443 1529 557 1566 ommuni
571 1517 670 1567 hominis
679 1517 763 1567 houm
776 1531 836 1569 con·

31 1588 92 1638 sistit
106 1587 131 1635 in
145 1588 275 1650 cognitione
286 1588 411 1652 cujudihet
425 1587 490 1650 reri,
502 1589 542 1638 sed
558 1587 580 1638 iu
591 1585 691 1652 perlecto
702 1589 836 1653 cognitione

32 1659 247 1722 ‹ummeveritutis
256 1663 399 1724 utpolelper
408 1660 572 1724 Philosophum
582 1660 606 1710 ln
616 1661 645 1710 ll.
655 1660 737 1710 ethio.
747 1664 806 1726 (unp.
818 1665 834 1710 ‘l

32 1734 63 1782 rel
81 1731 127 1793 8).
144 1731 172 1780 lit
190 1731 242 1782 ideo
260 1734 336 1795 potest
349 1744 399 1782 csse
413 1731 493 1780 vilium
512 1731 536 1782 in
559 1731 688 1798 cognitione
708 1734 848 1797 aliquorum¹

32 1793 146 1866 cronno,
161 1802 284 1853 secundum
296 1803 356 1866 puhd
368 1804 422 1853 tulis
433 1803 547 1867 uppelitus
559 1817 605 1854 non
621 1805 697 1854 debito
710 1807 777 1856 modo
792 1819 834 1856 on-

32 1876 123 1924 linalur
140 1875 168 1923 ad
191 1874 343 1939 cognitionem
364 1888 458 1925 summe
477 1873 594 1937 veritalis,
618 1874 643 1924 in
661 1887 706 1938 qun
729 1875 833 1928 consistit

33 1958 120 1995 ¹unrrnc
137 1945 244 1996 lelicitns.

57 2017 95 2066 lld
109 2018 235 2066 neonium
249 2017 383 2081 dicendum,
398 2017 460 2081 quod
470 2017 517 2068 olsi
534 2016 592 2068 ratio
605 2015 644 2067 ills
657 2016 757 2068 ostendit
773 2015 833 2080 quhd

35 2087 134 2152 ognitio
145 2089 252 2140 vertutis
265 2088 389 2140 mundium
406 2102 432 2140 se
445 2091 505 2140 horn
520 2089 564 2149 sit,
583 2101 630 2139 non
643 2093 718 2139 tanco
730 2099 773 2154 per
788 2089 832 2138 hon

35 2160 159 2212 xclodilnr
170 2161 225 2226 quin
239 2162 403 2226 possitnliqois
416 2162 546 2225 cognitione
557 2161 661 2212 seriniis
672 2161 734 2211 ahuli
746 2162 773 2210 sd
784 2173 833 2210 ma·

33 2247 83 2296 orn,
98 2235 138 2284 rel
151 2235 223 2284 eliens
235 2234 363 2286 inordinate
371 2234 524 2298 cognitionem
533 2233 634 2284 verrutis
647 2237 755 2297 oppetere
764 2267 770 2294 ,
779 2232 834 2296 quin

36 2306 98 2354 liam
113 2310 207 2369 oportet
221 2308 348 2371 appetitum
361 2306 416 2356 boni
428 2305 580 2356 dchilomodo
594 2305 721 2368 regularum
731 2315 791 2354 esso.

57 2377 93 2425 ho
107 2376 203 2426 tertium
214 2378 348 2439 dicendurn,
358 2377 418 2441 quod
433 2373 533 2426 suillium
545 2375 695 2440 philosophie
707 2373 833 2426 seeundum

34 2461 48 2497 e
61 2452 102 2497 est
117 2447 208 2498 licitum
221 2454 245 2499 et
260 2448 375 2500 landehile
388 2452 481 2513 propter
490 2447 610 2498 ueritatem
622 2459 689 2511 qnam
704 2447 835 2514 philosophi
903 2491 911 2502 ,

34 2524 187 2584 occeperunt
203 2521 250 2571 heo
261 2520 307 2570 illis
322 2521 450 2580 molente,
461 2524 488 2569 ul
504 2518 588 2568 dicitnr
608 2519 644 2568 nd
660 2521 740 2573 llum„
753 2519 772 2568 l.
787 2521 834 2571 sed

37 2592 79 2641 nis
88 2592 186 2655 quidem
195 2592 325 2656 philosophi
335 2593 459 2642 ahnlnnlur
469 2591 497 2641 nd
507 2590 558 2640 fidei
569 2591 772 2655 impugnationem,
782 2590 834 2641 ideo

34 2664 152 2727 ¹postulor
163 2663 219 2717 dicit
229 2664 266 2714 od
278 2664 386 2718 Odore,
401 2663 439 2717 ll:
455 2662 559 2716 «Videte
573 2675 603 2713 nn
618 2662 669 2726 quis
683 2675 725 2716 ros
735 2662 835 2728 decipiat

35 2748 63 2784 er
78 2735 253 2798 philosophiam
273 2739 296 2784 cl
310 2734 402 2787 inanem
415 2733 534 2799 ¹lullaciunn
549 2733 676 2786 secundinus
690 2734 834 2788 traditionem

37 2808 166 2869 ominum,
185 2812 210 2858 ot
221 2821 269 2858 non
282 2806 407 2860 secundior
422 2806 548 2858 Ghrishrnr.
568 2821 582 2854 n
598 2807 627 2858 st
639 2807 762 2872 dionysius
778 2807 835 2860 dicit

36 2892 44 2926 r
60 2879 153 2942 Epist.
167 2878 205 2928 od
217 2878 395 2943 Polycarpum,
405 2877 455 2927 siro
463 2877 504 2926 vll
511 2913 520 2940 ‚
532 2877 560 2927 de
576 2878 712 2940 quitum
730 2877 834 2942 milesn-

36 2951 92 3009 his‚
110 2949 175 3013 quod
190 2965 206 2996 «
217 2949 304 3000 hripis
323 2961 369 3000 nou
388 2948 469 3003 uncti
483 2950 562 3000 contro
581 2949 777 3012 dinoscuntur,
792 2959 834 3013 per
