1934 3284
135 181 182 238 ιιι
260 190 806 269 commemornn,oc1er.crr,unr.n.

428 381 590 432 sustentus
605 381 634 432 11.

299 508 384 552 Utrum
393 507 525 552 obedientia
531 506 563 553 cit
571 508 680 564 specialis
688 508 774 556 νὶειιιι.

168 633 201 686 bd
217 633 341 685 secundnm
362 634 394 685 sic
408 631 536 697 proceditur
548 632 593 697 (t).
612 631 707 684 Videtur
724 633 783 698 qnod
804 633 941 690 obedientia

134 718 180 758 non
200 705 230 756 sit
243 705 347 771 specialis
358 705 439 756 cutus.
461 704 601 756 obedientie
614 704 676 755 cnirn
692 705 849 758 inobedientia
862 721 941 773 oppo-

134 779 205 828 nitur.
224 779 267 828 sed
288 777 442 830 inobedientia
466 780 502 828 est
520 777 627 840 generate
647 781 780 841 peccatum
801 777 855 829 dicit
872 781 941 832 enirn

135 841 265 902 Ambrosius
279 849 339 916 quod
354 867 367 898 u
378 852 498 914 peecatum
514 851 550 901 esi
568 848 723 900 inobedientia
737 849 796 913 togis
811 849 905 903 divine
922 871 938 902 u

135 921 193 984 Ergo
207 921 335 973 obedientia
346 935 392 973 non
407 923 443 972 ost
454 919 559 985 specialis
573 920 662 984 virtus,
677 922 719 971 sed
733 921 853 984 generetis.

168 999 192 1044 Ξ.
207 991 332 1056 preterea,
346 992 420 1044 nuruis
430 994 503 1042 uinus
520 991 625 1057 specialis
636 996 675 1042 cut
688 995 725 1043 esi
737 992 879 1059 theologico,
895 1001 944 1048 unt

136 1063 237 1117 morulis.
252 1065 297 1116 Sed
307 1062 437 1114 obedientia
451 1076 496 1114 non
509 1065 545 1114 osi
557 1063 630 1113 uirtus
643 1063 784 1128 theologica,
797 1065 942 1131 unioneque

138 1137 267 1187 continetur
275 1135 317 1188 sub
327 1135 369 1185 bie
376 1173 384 1197 ‚
392 1147 467 1198 neque
480 1134 523 1185 sub
534 1147 591 1198 spe,
602 1147 676 1199 neque
685 1135 728 1185 sub
736 1134 861 1200 obnitute3
873 1138 943 1189 nmi-

137 1207 267 1258 literetinnr
278 1219 322 1257 non
338 1210 372 1256 est
383 1205 454 1256 virtus
471 1205 578 1267 morulis,
589 1207 642 1270 quia
656 1218 703 1257 non
717 1205 789 1256 estin
806 1207 881 1259 medio
900 1225 944 1262 su-

136 1279 218 1342 periini
235 1283 258 1329 et
273 1276 389 1338 diminuti,
404 1276 490 1340 quami
507 1275 568 1326 enim
582 1275 664 1340 aliquis
680 1281 716 1327 est
728 1277 801 1340 magis
818 1279 940 1347 obediens,

137 1348 201 1398 tanto
213 1348 285 1411 magis
297 1349 409 1400 tundatur.
419 1347 477 1412 Ergo
490 1345 618 1398 obedientia
631 1351 725 1399 nonest
737 1347 843 1412 specialis
852 1349 941 1404 ruens.

171 1426 193 1470 3,
212 1423 337 1484 proterea,
359 1419 480 1484 Gregorius
498 1419 565 1483 dicit,
581 1420 622 1469 uit.
646 1419 750 1476 Monoi„
775 1419 834 1484 qnod
849 1438 865 1469 u
884 1424 944 1475 obe.

138 1491 224 1543 dientiu
238 1491 302 1542 tuntd
316 1491 388 1556 magis
400 1495 435 1541 est
451 1490 566 1542 meritoria
579 1489 744 1555 oblectabilis,
762 1491 846 1555 quantd
860 1495 943 1547 minius

138 1562 207 1614 babet
220 1563 247 1614 dc
263 1575 313 1614 suo.
324 1580 337 1611 u
352 1561 516 1630 Sedquaeiibet
525 1561 631 1626 specialis
643 1561 716 1613 virtus
730 1561 794 1614 tnntb
809 1564 881 1628 magis
891 1565 947 1616 lau-

139 1635 217 1698 datur,
229 1633 393 1698 quantomagis
402 1634 471 1684 babet
484 1633 513 1684 de
526 1645 581 1696 sno,
593 1645 620 1683 eo
634 1633 694 1696 qubd
704 1633 733 1684 nd
744 1633 849 1687 nouem
862 1638 947 1699 requi-

138 1707 197 1758 ritur
212 1709 237 1756 ut
251 1707 281 1758 sit
294 1707 373 1757 rolens
388 1708 411 1757 ct
421 1705 524 1770 eligens,
538 1704 597 1754 sicut
612 1704 694 1755 dicitnr
705 1705 729 1754 in
745 1706 766 1756 11
780 1703 863 1757 otoo.
877 1707 945 1772 Ergo

140 1779 269 1830 obedientis
287 1791 333 1830 non
347 1781 381 1828 est
395 1775 466 1826 virtus
476 1776 591 1840 specialis.
608 1807 614 1820 .

173 1853 196 1900 ι.
215 1849 447 1913 urbicensibus
469 1846 575 1898 differunt
597 1845 672 1912 specie
694 1848 818 1899 secuudum
839 1847 944 1913 obieeta.

141 1921 259 1985 Obiectunr
271 1923 345 1970 autern
353 1919 488 1970 obedientie
498 1932 549 1970 esse
558 1920 648 1970 ridetur
654 1919 777 1984 superioris
790 1926 945 1988 praeeeptum;

141 1993 201 2055 qnod
224 1989 379 2055 multiplieiter
396 1988 541 2040 diversificari
563 1991 666 2052 ridetur,
686 1988 811 2042 secundim
837 1991 947 2046 diuersos

142 2062 308 2131 superiorituiis
317 2061 408 2126 gradus.
420 2062 479 2123 Ergo
494 2059 620 2112 obedientia
632 2064 668 2111 est
677 2061 750 2112 uirtus
763 2062 889 2126 generalis,
901 2067 948 2117 snb

142 2145 167 2186 se
183 2135 266 2186 multus
281 2133 377 2184 uirtutes
394 2131 505 2198 speciales
523 2132 725 2197 comprehendens.
753 2167 755 2175 .

173 2207 217 2258 Sed
233 2209 309 2257 contra
326 2209 373 2267 est,
390 2203 450 2268 qubd
464 2201 592 2255 obedientia
608 2203 622 2255 i
637 2204 770 2268 quibusdam
782 2205 877 2270 ponitur
891 2219 949 2270 pers

140 2279 248 2343 justitie,
260 2283 285 2328 ut
299 2278 368 2342 supri
380 2278 467 2327 dictum
480 2280 524 2327 est.

175 2351 332 2414 (concursio.
349 2375 380 2386 —
396 2346 531 2398 obedientia
548 2351 584 2399 est
604 2348 707 2411 prodam
730 2346 836 2411 specialis
857 2349 948 2412 virtus,

141 2421 207 2484 cuj-ns
225 2422 338 2485 objectum
347 2424 383 2472 est
399 2419 522 2492 superioris
532 2423 679 2485 preceptum,
689 2418 782 2470 uotum
797 2419 836 2470 vel
848 2433 951 2485 expres·

141 2492 223 2555 sum.)

171 2564 306 2628 Respondeo
317 2562 449 2626 dcundum,
465 2561 525 2626 quor
540 2562 569 2613 ud
582 2561 657 2612 omniu
671 2573 740 2626 open
753 2560 812 2612 bono
824 2577 881 2626 qun
893 2579 951 2628 spe-

140 2633 220 2685 cialem
238 2635 323 2685 babent
335 2635 409 2685 laudis
428 2635 552 2697 rationem,
565 2633 672 2697 speeioiis
683 2633 757 2682 uirtus
768 2633 950 2702 determinntnr;

140 2709 184 2758 troc
196 2705 257 2756 enirn
266 2705 358 2771 proprii
366 2706 475 2770 conpetit
485 2705 606 2767 uirtuti,nt
614 2718 672 2769 opus
681 2705 767 2756 bonurn
775 2705 856 2756 reddat
869 2708 952 2772 (sieut

174 2818 951 2915 (pienissimuseu,ure.eu,ur.n,uos;ee‘orsr.ee,

139 2927 180 2976 qu.
191 2915 220 2982 ἲ,
234 2921 277 2963 εει.
293 2913 322 2974 13
339 2921 363 2964 et
375 2915 407 2962 od
420 2914 506 2968 mbr..
517 2917 583 2976 teob,
594 2911 639 2959 coi.
