1934 3284
202 173 370 216 usitamus
386 175 573 219 conmissum
590 179 711 220 snsrrrra.
846 178 861 224 s

63 267 121 318 cmm
137 253 276 305 subuenitur
288 265 370 304 eornm
384 255 518 307 defectibus.
534 256 593 308 llicit
611 259 673 309 enim
690 259 804 326 Isidorus,
818 261 861 313 liis.

62 326 213 391 Elymelop„
223 325 511 389 quddtumcnusdicitnr
524 328 863 393 aliqms,qudd«l1alreatcirca

62 398 160 449 homines
173 411 276 448 amorem
285 402 315 448 'et
324 397 478 448 miserationis
487 399 608 464 ellectnm3
618 416 633 448 a
642 403 703 453 unde
716 403 863 455 humanitas

61 469 160 521 dictaest
174 482 248 533 aqna
258 482 301 520 nos
312 468 413 520 invicem
426 473 548 521 tuemur.»
562 472 591 522 lit
599 472 723 523 secuudum
732 475 778 524 lnoc
791 477 864 525 omi·

62 542 118 591 citio
134 541 237 592 sumitur
252 544 322 606 prout
335 541 428 592 ordinat
442 543 577 593 exteriorem
599 545 741 607 mansium,
756 545 816 596 sicud
834 548 862 598 de

63 625 86 661 ea
101 613 258 677 Philosophus*
273 616 356 663 tractu
370 613 395 662 in
415 613 445 662 lV
461 613 545 664 Ethc'c.
563 617 642 666 Potest
657 615 726 666 etiam
743 619 864 670 antistiis

64 684 117 734 nami
127 684 257 736 semodium
268 683 332 748 quod
341 684 434 748 proprie
442 685 535 748 respicit
544 687 664 748 allectum,
674 691 741 751 prout
756 689 862 740 determi-

65 757 123 806 natur
137 755 151 806 d
166 755 312 818 philosopho
323 754 349 805 in
362 755 412 804 lllll
430 758 452 804 ct
464 757 494 805 lli
510 757 593 807 Eitis.
604 759 634 808 lit
647 758 682 808 sic
695 760 722 808 ad
740 759 863 810 amicitiam

64 825 240 890 pertinentem,
256 825 346 876 seilicet
360 841 366 876 τ
381 825 549 877 beneuoleutr'a
565 828 633 892 (qum
644 829 685 878 lnic
697 830 779 880 dicitnr
791 832 866 895 afflec-

65 897 130 961 lua),
146 901 172 948 et
181 897 322 948 concordia
336 900 361 947 et
377 895 537 961 tmepceatta
548 898 609 964 (que
620 899 660 948 llic
670 903 763 950 uomtur
774 901 865 952 hamc·

64 969 222 1033 acceptius
240 972 320 1019 anmm
332 967 423 1019 Tullus
438 969 598 1034 pretermisit,
616 970 670 1034 qnia
685 985 766 1036 parum
781 974 867 1025 halem

64 1041 87 1091 de
97 1041 185 1093 ratione
196 1040 281 1102 debiti,
295 1045 322 1091 ut
334 1040 421 1091 dictum
433 1044 476 1092 est.
612 1058 615 1062 ⁴

90 1113 122 1163 td
135 1113 233 1164 tertium
245 1111 381 1175 dicendum,
392 1111 453 1176 quod
464 1112 607 1163 odedientia
617 1113 742 1164 includitur
754 1113 779 1164 in
789 1115 867 1166 obser-

65 1183 133 1234 runtia
145 1197 217 1248 qnam
232 1183 325 1234 Tullius
342 1184 423 1247 penit3
439 1195 492 1234 nam
510 1183 690 1248 precedentibus
704 1185 808 1248 personis
824 1187 869 1237 de·

66 1253 138 1304 tantm
149 1259 174 1306 et
187 1253 322 1314 reserenda
339 1254 433 1305 honoris
452 1257 476 1305 et
490 1255 626 1306 spedonia.
646 1255 722 1305 Fides
737 1259 812 1307 auum
826 1271 867 1321 per

66 1327 195 1388 puanfiunt
207 1326 281 1387 dicta,
297 1325 422 1376 includitur
432 1325 457 1376 in
473 1326 686 1390 vedmteqmntnm
701 1329 729 1378 ad
741 1328 870 1378 obseruan-

67 1395 114 1446 tiarn
127 1398 315 1462 promissorum
331 1399 427 1446 oerz'tos
439 1401 515 1447 antem
528 1398 553 1447 in
569 1397 623 1461 plus
635 1409 660 1448 se
674 1399 756 1463 habet,
768 1403 793 1448 nt
810 1398 869 1450 inird

66 1469 146 1528 patebit
159 1471 208 1534 (qu.
221 1471 287 1531 loe,
304 1469 348 1518 art.
362 1467 400 1531 e).
419 1467 561 1532 Disciplina
576 1472 653 1537 autem
668 1483 714 1520 nou
728 1471 821 1522 debetur
838 1484 869 1521 ex

65 1538 133 1589 detrito
147 1539 314 1598 necessitatis,
328 1538 382 1602 qula
396 1539 499 1589 interiori
511 1552 559 1590 uon
574 1542 610 1590 est
625 1540 707 1603 aliquis
721 1541 832 1604 obligatus
842 1541 868 1590 ln

68 1613 170 1668 quantum
185 1613 222 1661 est
236 1609 348 1674 interior3
357 1611 517 1674 potesttamen
528 1610 611 1674 aliquis
624 1612 726 1674 superior
738 1613 833 1675 obligari
843 1615 869 1660 ut

68 1679 208 1732 inlerimibns
215 1682 347 1746 provideat,
356 1679 480 1731 secundnm
491 1680 547 1731 illud
555 1681 656 1739 diutile„
667 1683 751 1732 lllllll:
761 1699 775 1730 a
785 1683 870 1733 Fidelis

68 1763 139 1802 aruns
159 1758 184 1804 et
204 1753 311 1818 prudens
325 1765 395 1814 quem
415 1751 533 1801 constitnit
551 1751 656 1802 dominus
672 1767 740 1817 super
759 1753 869 1803 familiam

68 1835 159 1874 snam.»
178 1825 210 1875 lit
224 1823 279 1874 ideo
295 1823 310 1872 d
324 1821 400 1872 Tullio
417 1821 608 1886 pretermittitur3
624 1826 786 1885 potestantem
799 1824 870 1874 contl-

69 1894 169 1946 nerisub
189 1893 348 1956 humanitate,
364 1904 434 1956 quam
446 1893 571 1960 llamolsins
590 1892 665 1957 pouit.
681 1895 803 1958 AEquitcs
814 1893 869 1946 vert

70 1965 107 2014 sm
117 1965 244 2030 epieilcer'd
263 1965 302 2015 vel
313 1961 422 2014 amicitll.

95 2039 130 2089 io
143 2042 253 2104 quanam
267 2037 405 2098 dicendum,
421 2035 479 2100 pudd
495 2036 521 2086 in
529 2036 569 2086 illa
577 2037 745 2088 enumeratione
755 2040 872 2102 ponuntur

70 2109 166 2169 medam
177 2107 322 2174 pertinentia
332 2107 361 2157 ad
369 2107 526 2171 particularem
534 2106 661 2170 justitiam,
678 2109 783 2172 quedam
795 2110 871 2160 numm

70 2179 95 2227 ad
104 2179 210 2243 legalem.
226 2180 263 2230 lld
276 2177 437 2244 particularem
454 2178 545 2240 quidem
565 2178 627 2227 bona
645 2180 827 2234 commutatio,
843 2180 870 2229 de

70 2262 110 2312 ana
120 2251 176 2301 dicit
183 2251 246 2314 quod
256 2253 293 2300 est
301 2248 398 2300 habitus
408 2247 432 2296 in
443 2249 657 2299 commutationibus
664 2247 872 2312 squalitatemcus·

72 2321 161 2373 odiens.
177 2323 212 2372 ld
224 2321 325 2386 legalem
335 2323 414 2370 autent
427 2318 540 2383 justitiam
552 2322 663 2383 qnantum
673 2321 701 2369 ad
712 2333 739 2370 ea
747 2333 798 2383 que
809 2333 875 2370 com·

72 2392 165 2443 maniter
177 2396 234 2443 sunt
248 2391 406 2448 obseruanda,
422 2389 514 2452 ponitur
526 2390 709 2454 tepisposr'ttoa,
722 2403 781 2454 qum,
789 2391 873 2454 utipse

10 2469 11 2474 ¹
73 2460 139 2526 dicit,
151 2467 187 2514 est
202 2462 300 2514 scientia
311 2460 515 2512 commutationum
528 2460 672 2524 politicarum
685 2461 714 2511 ad
725 2461 873 2511 communita-

72 2533 116 2582 tem
128 2535 261 2586 relatarnm.
272 2535 388 2592 Quantum
402 2532 456 2584 uero
464 2534 493 2582 ad
505 2545 531 2582 ea
548 2545 597 2595 qus
607 2534 742 2596 quaudoque
751 2532 873 2596 particula·

72 2601 124 2654 riter
131 2607 219 2668 agenda
232 2607 358 2657 occurrunt
366 2607 448 2668 praeter
458 2617 588 2655 communes
599 2604 670 2668 leges,
679 2604 772 2668 ponitur
783 2619 875 2668 capce-

74 2689 183 2742 mosyae,
197 2678 266 2742 qnasi
278 2679 343 2728 oona
357 2689 460 2740 meme,
474 2689 526 2739 quse
539 2675 608 2726 estin
621 2674 834 2736 talibnsdirectiva,
848 2679 875 2725 nt

74 2749 141 2811 cupri
150 2750 254 2800 habitum
265 2751 302 2800 est
314 2748 342 2798 in
356 2749 452 2797 tractatu
464 2748 492 2797 de
502 2746 623 2810 prudentia
636 2747 694 2810 (qu.
713 2749 739 2794 ttl
753 2783 759 2805 ,
774 2747 817 2794 art.
831 2744 873 2808 t);

10 2806 12 2874 ἶ
73 2822 95 2867 ct
109 2819 160 2871 ideo
181 2820 239 2872 dicit
255 2821 284 2872 de
300 2832 329 2870 ea
344 2817 406 2884 quid
423 2821 458 2868 est
473 2818 620 2867 voluntaria
632 2817 810 2880 justificatio,
823 2813 876 2876 quia

75 2888 303 2958 tultetexprcprio
311 2889 416 2954 antino,
423 2889 448 2941 id
456 2890 515 2954 quod
523 2889 612 2954 justum
621 2893 666 2952 est,
674 2890 744 2940 homo
751 2883 876 2938 secundtam
