1934 3284
356 148 388 184 B!
402 147 488 186 unu.

321 329 476 382 tuttoottts
492 331 529 380 tt.

67 455 164 500 Uirium
179 455 271 500 Paulus
282 455 309 499 irs
324 459 396 512 raptu
405 455 484 511 suerit
496 457 616 502 alienatas
630 455 766 503 cinensibus.

35 583 201 644 adquorum
213 580 247 631 sio
256 582 384 645 pmooditur
395 583 435 646 (1).
447 583 540 634 Videtur
549 583 610 648 quod
619 584 702 634 Paulus
717 585 740 634 in
750 589 817 650 rapto

35 669 54 704 n
77 653 155 702 tuerit
167 653 279 704 alienatus
293 654 307 704 a
320 655 431 706 sensibus.
445 655 502 704 hioit
521 655 582 706 onim
596 656 752 720 Augustinus,
766 659 816 708 tttt.

34 740 102 790 uper
116 729 202 774 Gerros.
216 725 253 774 od
263 725 305 775 tu.
320 728 390 790 (cop.
408 731 438 776 28
448 725 475 790 ):
492 743 506 774 u
516 727 561 777 Gur
574 740 618 776 uon
628 729 746 778 credamus
759 729 819 792 quod

34 801 78 847 uto
95 797 209 861 Apostoio
221 797 309 848 doctori
321 798 427 847 Gentium
438 801 502 862 rapto
514 812 585 861 usquo
592 799 620 848 ad
630 798 696 848 istam
707 799 820 850 ennolion·

35 870 130 920 simam
141 869 270 929 visionum,
282 869 379 920 uoluerit
395 872 454 921 heus
469 869 625 921 demonstrare
639 871 711 920 uitam
720 909 726 932 ,
735 871 759 920 in
772 885 817 935 quo

34 944 65 992 st
86 943 151 990 hauc
166 941 234 990 uitam
247 940 360 992 ridendus
372 946 409 992 est
419 943 445 991 in
459 941 611 992 sternunt»
626 943 669 992 Sed
683 942 706 991 in
720 942 759 992 iila
772 943 819 993 ritu

34 1017 93 1061 tura
117 1012 193 1061 sancti
215 1015 267 1074 post
289 1013 477 1064 resurrectionem
501 1013 610 1063 uidehuut
630 1013 670 1063 Dei
695 1013 817 1064 ossoutisnu

34 1097 103 1146 sque
118 1083 162 1132 hoo
171 1083 232 1147 quod
242 1085 282 1133 hot
295 1084 415 1135 abstractio
424 1083 551 1135 assusious
564 1085 687 1149 corporeis.
703 1085 760 1148 Ergo
775 1097 817 1134 noo

47 1156 130 1206 Paulo
143 1155 188 1204 tuit
201 1156 331 1218 hujusmodi
344 1157 464 1207 abstractio
476 1157 546 1206 tauta.

41 1233 69 1278 2.
86 1231 218 1291 Psaetoroa,
232 1229 337 1279 Christus
350 1229 404 1279 vert
413 1229 486 1280 viator
498 1229 557 1290 tuit,
571 1235 594 1279 et
607 1228 716 1280 ooutiuut
728 1228 817 1280 visione

34 1301 102 1351 viuae
115 1300 222 1352 essentia
242 1301 369 1364 iruohatur;
385 1315 428 1352 neo
444 1305 520 1351 tanuen
532 1301 600 1350 tiebat
612 1301 732 1351 obstrautio
742 1299 815 1351 ison*

34 1386 87 1423 rus.
100 1375 157 1435 Ergo
165 1386 210 1423 neo
220 1372 264 1422 tuit
273 1373 425 1424 necessarium
432 1372 493 1436 quod
503 1373 528 1422 in
537 1373 608 1423 Paulo
618 1372 683 1423 horst
692 1373 815 1424 abstractio

34 1446 146 1497 sensibus
159 1448 187 1496 ad
198 1448 243 1497 hoo
255 1445 316 1510 quot
329 1447 451 1497 amentiam
465 1445 506 1496 hei
520 1445 616 1496 uteret.

42 1522 67 1566 3.
94 1519 223 1579 orsum,
238 1519 322 1568 Paulus
334 1522 452 1581 postquam
470 1519 541 1568 heum
554 1531 595 1581 por
608 1517 731 1567 essentiam
748 1517 815 1568 rido-

35 1593 62 1650 t,
78 1601 168 1639 memus
185 1589 230 1639 init
242 1589 332 1640 itionum
348 1592 399 1652 qum
413 1590 452 1640 iiia
473 1590 562 1641 visione
580 1591 742 1652 conspexeram
754 1589 817 1640 undo

36 1663 116 1720 robnt,
126 1663 156 1710 ii.
170 1661 206 1710 ud
216 1663 286 1717 Gor..
299 1662 354 1710 Xil:
368 1662 557 1712 ‹rhodiuioroaua
573 1661 752 1724 verbaquaeuuu
761 1661 816 1713 tiuot

34 1732 106 1782 omini
119 1732 190 1796 ioqui.
205 1749 220 1780 u
234 1733 279 1782 Soti
292 1734 402 1782 momoria
415 1734 444 1782 sd
462 1735 550 1796 partam
567 1732 698 1782 sensitivam
710 1731 816 1794 perfluet,

34 1819 39 1852 ι
59 1806 127 1868 patui
141 1818 182 1869 par
201 1804 365 1868 Philosophum
376 1803 402 1854 iu
418 1803 457 1854 tio.
474 1805 511 1854 De
525 1805 647 1852 momoria
661 1805 686 1851 et
700 1803 818 1852 renuistis·

34 1879 102 1926 entia
117 1880 177 1941 (usp.
187 1877 223 1940 t).
237 1877 297 1940 Ergo
309 1876 399 1926 videtur
412 1875 472 1939 quod
489 1877 557 1926 etiam
572 1875 657 1924 Paulus
669 1873 767 1924 videndo
778 1873 819 1924 hsi

34 1947 141 1998 sontium
154 1961 201 1998 nou
210 1946 280 1999 tuerit
288 1948 399 1998 alienatus
412 1947 550 1998 isonsihus.

48 2020 97 2069 Sed
110 2023 186 2070 contra
196 2023 244 2081 ost,
259 2021 317 2083 quoti
333 2019 471 2084 Augustinus
482 2019 551 2082 tiioit,
566 2019 617 2068 tttt.
634 2017 718 2080 Super
730 2017 817 2067 Genus.

34 2091 54 2139 d
67 2091 111 2140 tit.
122 2092 131 2154 (
143 2104 194 2155 cap.
213 2096 243 2141 n‘t
254 2093 281 2156 ):
298 2110 312 2140 u
320 2093 369 2143 Nisi
387 2093 467 2142 abhas
480 2091 529 2141 viia
542 2091 638 2154 quisque
653 2088 819 2152 quodammodo

34 2163 142 2224 roriutur,
156 2163 205 2214 siro
217 2164 310 2214 omnino
319 2164 399 2214 exiens
413 2165 441 2214 do
452 2158 555 2226 corporo,
564 2161 613 2212 siro
623 2173 716 2211 aversus
729 2165 753 2212 ot
765 2160 819 2210 aiis·

35 2245 90 2284 auus
103 2234 116 2284 h
129 2235 256 2285 ramalibus
277 2237 397 2297 sensibus,
413 2240 440 2285 ut
454 2233 535 2285 morito
558 2233 661 2296 nesciat,
679 2231 739 2281 siout
761 2233 820 2295 ipo·

34 2305 93 2355 tolus
106 2307 150 2367 ait,
164 2305 240 2356 utrhm
250 2307 274 2356 in
283 2319 378 2372 corporo
390 2320 420 2358 an
429 2311 494 2358 ostra
508 2306 645 2370 consumsit,
661 2316 707 2354 nou
718 2303 744 2352 in
758 2303 820 2352 iliam

34 2379 108 2442 apitnr
124 2381 148 2428 at
161 2378 294 2429 subvehitur
307 2378 428 2430 visionum.
444 2395 458 2426 ιι

56 2450 209 2513 (Consonusro.
218 2476 249 2488 ·-
257 2451 398 2515 impossibiie
412 2454 448 2502 ost
460 2451 577 2500 hominem
590 2449 616 2499 in
630 2450 690 2498 statu
701 2446 820 2510 prusensis

34 2521 76 2572 ito
84 2521 164 2572 vitris
174 2522 245 2573 houm
253 2535 295 2587 por
309 2523 442 2586 essentium,
452 2521 497 2572 nisi
511 2522 652 2573 abstrahatur
665 2516 816 2578 assensibus.)

58 2692 91 2759 (1)
106 2695 261 2740 Dehisstiam
275 2697 295 2742 1.
314 2701 386 2754 part,
401 2708 441 2752 qu.
456 2693 499 2754 ¹2,
517 2698 561 2740 art.
581 2691 623 2748 11;
639 2699 663 2740 ot
674 2706 715 2752 qu.
731 2691 776 2752 to,
790 2695 818 2740 do

34 2759 100 2814 urit,
112 2757 209 2812 art.1i;
225 2765 249 2804 et
260 2772 299 2814 qn.
312 2757 356 2816 ts,
371 2765 414 2804 art.
428 2757 453 2816 3,
468 2772 517 2818 ,unt
530 2759 640 2814 incorum,
655 2763 703 2802 tum
715 2756 743 2802 ad
757 2755 781 2813 4,
796 2762 820 2802 ot

34 2828 74 2930 sergt
93 2820 250 2943 {antelmium
265 2827 289 2868 ot
307 2821 471 2882 Quodlih.,1,
487 2829 530 2868 art.
547 2823 576 2876 i;
594 2826 618 2868 at
631 2821 662 2868 11.
679 2819 747 2872 Gor„
762 2821 818 2879 xit,
