1934 3284
181 173 212 210 nu
227 171 344 212 inrisus
358 169 536 212 mmm
549 172 577 212 us
591 170 719 214 mer.
804 159 853 211 Μ

50 250 103 300 due.
125 248 327 313 Pn'rnd'quidem,
341 249 394 314 quia
407 248 505 300 muniret
517 254 629 314 repugnat
646 249 788 302 expellentis
803 251 852 300 be-

50 320 128 372 minis.
141 321 182 372 Est
194 322 255 372 enim
264 322 324 373 eiua
340 321 502 373 delectationes
511 334 643 372 communes
653 323 720 374 uobis
728 325 752 372 et
763 322 851 386 brutis,

50 397 76 442 ut
88 391 158 457 suprd
171 393 272 443 habitum
288 397 324 443 est
335 393 392 457 (qu.
405 394 460 456 iti,
473 397 516 444 art.
528 396 552 457 2,
564 393 592 444 ad
600 395 641 458 «ης
649 395 709 446 uude
717 394 741 444 in
752 395 850 444 Psalm.

49 465 154 530 lelll,
165 464 247 516 dieitur
257 480 264 514 t
276 481 290 512 u
304 466 378 516 Home
389 464 441 516 sirm
453 465 477 516 in
485 467 572 518 bouem
585 469 719 525 esset,.nuu
727 465 851 529 mielexit,

48 541 195 600 comparatus
215 540 251 588 est
265 536 377 601 jumentis
399 536 576 602 insipientibus,
593 542 617 588 et
629 537 711 590 dumi
726 538 799 587 iaetus
813 539 851 587 est

48 607 104 659 illis.
116 625 131 656 r>
140 607 258 670 Secundb,
270 608 323 672 quia
338 609 437 661 maximi
450 613 562 673 repugnat
573 609 624 673 ejus
638 608 734 660 claritati
745 609 783 659 rel
797 609 848 672 pul-

48 680 186 741 chritudini,
199 680 224 729 in
236 683 344 744 quantum
354 681 440 732 scilieet
449 680 474 731 iu
483 679 672 732 delectationibus
678 681 737 731 eirea
746 693 805 743 quas
816 683 852 730 est

48 752 241 817 intemperantia,
258 753 334 804 miuus
347 757 441 817 apparet
454 754 482 804 de
494 753 580 803 lumine
596 753 700 815 rationis,
714 765 745 803 er
758 765 803 818 qna
816 755 855 804 est

47 828 98 876 tota
111 823 202 874 claritas
215 827 239 874 et
247 825 389 887 pulchritudo
401 824 493 875 uirtutis
505 840 512 874 ε
525 825 587 875 unde
596 828 621 876 et
630 824 762 888 hujusmodi
775 825 851 875 delete

47 895 150 950 adunes
162 895 270 946 diduntur
283 895 396 946 maerim&
406 895 517 946 emmila.

79 969 115 1018 Ad
124 965 223 1031 primunr
232 980 285 1032 erge
295 969 424 1030 dicendum,
433 968 560 1032 quddsisut
570 967 692 1032 Gregorius
702 967 766 1026 dinit,
776 968 853 1019 aritia

46 1039 150 1090 carnalia
163 1041 228 1104 (quae
241 1040 282 1089 sub
292 1039 467 1103 intemperantia
476 1039 638 1103 eontinentur)
648 1039 693 1090 etsi
703 1039 748 1090 siut
757 1039 852 1090 mineris

46 1113 137 1176 cutpae,
149 1115 203 1162 runt
219 1114 295 1163 tamen
307 1111 401 1174 majoris
414 1111 617 1162 intentantium
633 1110 764 1175 magnitude
776 1111 851 1174 culpe

45 1183 145 1248 respicit
165 1180 383 1234 deordinutienemd
397 1182 450 1232 tine.
469 1181 566 1232 iniamia
579 1186 656 1232 autem
671 1180 766 1246 respicit
778 1180 852 1244 turpi·

45 1255 173 1316 tudinem,
190 1266 241 1317 que
259 1251 356 1306 maxime
376 1253 530 1306 consideretur
553 1252 679 1304 murdim
699 1253 852 1304 indecentiam

44 1324 176 1391 pessumis.

78 1397 115 1448 nd
130 1395 256 1447 seeundum
272 1396 405 1460 dicendum,
419 1395 481 1461 qndd
495 1396 637 1447 rensuetude
655 1397 765 1460 peeruud
784 1396 851 1446 dimi-

44 1469 101 1522 nuit
112 1466 276 1532 turpitudinem
290 1472 313 1520 et
329 1468 445 1520 infamiam
464 1468 564 1533 peceat,
578 1467 702 1519 teuuudism
717 1468 851 1532 opinionem

44 1541 185 1602 hominurn;
200 1553 246 1592 nen
261 1545 337 1592 autem
349 1539 474 1592 seeundum
484 1545 590 1602 naturam
603 1540 708 1605 ipserum
716 1541 834 1592 vitiorum.

77 1613 116 1670 Ad
129 1611 227 1664 tertium·
235 1611 364 1676 dicendum,
379 1612 439 1677 qubd
449 1611 503 1666 cium
516 1613 598 1664 dicitu
610 1613 785 1678 intemperantia
801 1625 852 1665 eme

43 1681 149 1736 maxime
170 1683 349 1748 exprobrabilis,
363 1689 399 1736 est
410 1684 582 1747 intelligendum
594 1683 655 1735 iuter
670 1684 726 1735 uitia
738 1686 851 1748 humanm

42 1769 99 1824 quae
113 1754 204 1806 scilieet
214 1757 362 1807 attenduntur
374 1757 498 1806 secundum
509 1755 631 1819 passiones
641 1757 748 1808 humane
760 1761 847 1806 nature

43 1827 179 1893 aliqualiter
197 1827 333 1878 conformes.
353 1827 399 1878 sed
418 1827 457 1876 illa
473 1827 532 1878 vitiu
550 1841 601 1891 que
622 1828 737 1878 excedunt
757 1829 851 1878 medum

43 1904 156 1952 humana
172 1902 273 1961 nature,
285 1902 338 1950 sunt
352 1898 423 1961 magis
439 1897 603 1962 exprobrabile
620 1904 665 1948 :et
682 1903 760 1950 umen
782 1898 852 1950 etiam

42 1973 85 2023 illa
95 1971 288 2022 videnturreduui
295 1971 324 2022 ad
331 1983 403 2033 genus
410 1968 592 2034 intemperantia
601 1970 725 2022 semndbm
731 1972 853 2034 quemdam

43 2055 169 2095 excessum
182 2057 188 2091 ι
207 2041 267 2094 sicud
288 2041 309 2092 si
325 2041 407 2106 aliquus
420 2042 547 2093 delectetur
559 2043 584 2092 iu
597 2042 736 2093 uemesbeue
748 2042 852 2093 carnium

42 2116 268 2178 heumanmus
281 2111 307 2164 in
321 2112 381 2166 ceila
394 2113 520 2166 besbarum
530 2119 571 2165 aut
583 2115 746 2166 masculorum.

396 2304 502 2319 ω

286 2462 452 2536 adustio
470 2463 606 2530 tabiit.

197 2605 232 2652 ne
241 2606 356 2666 partitur
368 2608 533 2666 immae
545 2607 576 2653 a»
585 2606 706 2666 eme.

78 2751 167 2804 Deinde
176 2751 364 2805 considerandum
373 2755 410 2804 est
417 2751 445 2803 de
458 2752 560 2818 partibus
572 2751 733 2818 temperantia.
743 2751 774 2804 Et
782 2755 810 2802 1ο
818 2752 852 2804 lle

44 2825 106 2890 ipsis
125 2821 228 2888 partibus
246 2821 270 2874 in
289 2819 601 2889 manuteneamus
617 2825 730 2902 mrumin
747 2823 850 2889 spetiali.
