1934 3284
114 141 163 192 eti
249 151 358 191 sscunna
374 151 505 203 escures,
520 153 614 198 eom.
630 152 673 203 ce,
690 153 747 191 nr.
764 155 782 190 r.

150 229 195 280 sel
209 231 287 280 centra
297 231 345 292 est,
355 230 416 292 quoa
430 229 552 294 Apostolus
561 229 617 280 ‹llolt
627 229 664 278 od
674 231 758 290 ilem„
766 228 820 281 xlll
831 245 837 281 :
849 230 920 282 «Non

115 299 141 350 in
152 299 353 350 comessationibus
366 304 391 350 et
402 301 560 352 ebrietatibus.
573 317 588 348 o

149 371 310 436 (corausto.
319 372 470 433 -lihrielas,
486 385 539 436 qnae
553 371 726 422 estiuorffinata
736 372 788 422 rini
802 374 919 438 concupis

116 443 191 493 centia
206 443 243 493 rel
256 457 326 505 usus,
340 443 422 494 uitium
433 443 548 508 judicatur
561 444 634 507 magis
646 442 716 506 quim
727 442 770 494 illa
782 459 835 510 quo
847 447 872 496 in
885 459 919 496 ra-

117 513 186 565 tionis
199 514 326 578 privatione
339 515 473 576 consistit.)
951 566 953 571 .

147 587 281 650 Respondeo
302 587 440 650 licendum,
455 586 516 650 qarhrl
535 585 634 637 ehrietas
654 586 778 650 dupliciter
790 593 868 653 potest
884 602 921 638 ac·

117 656 171 723 cipi.
186 659 236 708 Uno
249 660 323 722 modo,
333 663 400 724 prout
411 658 527 721 significat
537 655 612 721 ipsum
625 657 739 708 delectum
751 660 871 724 hominis,
884 662 920 723 qui

118 728 199 778 accidit
219 743 248 780 ex
263 730 333 779 multo
347 729 403 780 vino
418 732 511 793 potato3
527 742 557 778 ex
576 741 623 791 quo
635 728 667 778 sit
684 734 710 779 ut
723 743 772 780 non
785 732 818 780 sit
830 745 921 795 compos

118 799 223 864 rationis3
237 803 261 852 et
275 799 400 851 secundnm
413 803 457 851 lroc
468 800 568 850 ehrietas
582 813 629 850 non
642 800 747 852 nominat
760 803 870 866 culpans,
885 802 922 853 sed
951 796 953 800 ’

118 873 231 924 detectum
244 875 358 940 poeualem
367 875 542 938 consequentem
553 887 583 923 ex
591 874 669 937 culpa.
680 873 731 923 llio
745 875 816 926 morlo
827 877 923 926 ebrietas

118 950 194 1010 potest
207 946 324 997 nominare
342 949 418 995 acinus
439 958 484 1010 quo
504 945 556 1008 quis
569 947 594 994 in
613 946 676 995 huno
694 946 809 996 detectum
823 947 922 998 incidit:

118 1018 157 1081 qui
170 1021 246 1082 potest
259 1030 351 1068 causm
362 1019 496 1068 ehrlelateru
512 1016 640 1082 dupliciter.
649 1017 793 1079 Uuomorlo,
806 1030 838 1068 ex
853 1019 924 1068 nimia

115 1085 167 1139 -rioi
179 1089 311 1139 tortitudine
319 1093 400 1154 preter
407 1089 540 1154 opinionem
549 1089 649 1138 hiheutis
658 1103 664 1138 ε
674 1089 739 1139 etsie
745 1088 817 1139 etiam
824 1091 924 1141 erucas

117 1163 196 1224 potest
208 1161 309 1212 accidere
323 1161 372 1212 sine
390 1165 497 1225 perinte,
512 1159 630 1229 precipue
647 1161 668 1210 si
678 1173 725 1210 nou
739 1174 770 1211 ex
784 1163 926 1226 negligentia

118 1229 218 1282 hominis
235 1232 372 1296 conlingat:
390 1237 414 1283 et
427 1233 460 1284 sic
474 1233 574 1284 creditur
586 1233 635 1282 Noe
655 1231 781 1283 inebriatus
792 1233 887 1296 luisse,
904 1237 927 1282 nl

118 1303 202 1367 legitur
218 1303 332 1366 Genesis,
347 1306 386 1356 lll.
403 1305 453 1356 lllio
472 1306 539 1355 modo
552 1317 581 1354 ex
593 1304 721 1354 inordinata
736 1305 925 1369 concupiscentia

118 1380 141 1426 et
159 1389 201 1426 usn
221 1376 289 1426 vini:
306 1379 329 1426 et
342 1378 375 1426 sic
388 1376 484 1428 ebrietas
503 1376 598 1441 ponittn
611 1388 662 1426 esse
677 1379 813 1438 peccalum,
829 1381 855 1428 et
875 1391 926 1428 con-

118 1447 205 1498 tinetur
218 1449 260 1499 suh
273 1448 338 1511 gula,
350 1449 410 1499 sicut
421 1449 511 1512 species
521 1449 564 1498 suh
574 1461 667 1511 genere.
676 1447 790 1496 llisirlitur
798 1449 866 1498 enim
876 1450 926 1514 gula

119 1519 143 1569 in
160 1521 365 1570 comessationem
382 1525 406 1570 el
420 1521 585 1576 shr·ietolem,
600 1533 658 1583 quas
676 1518 785 1583 prohihet
800 1523 926 1584 Apostolus

118 1590 143 1640 in
156 1590 290 1640 authoritate
304 1590 404 1642 inducti.

151 1662 185 1711 lu
201 1662 299 1726 primum
316 1676 370 1724 ergo
389 1664 523 1725 licendum,
539 1663 598 1728 rnahl
617 1663 676 1714 sicat
691 1663 852 1726 Philosophus
874 1663 926 1714 (licit

120 1735 145 1785 in
157 1735 197 1785 lll.
212 1737 306 1797 little„
315 1736 478 1788 insensibilitas
491 1749 542 1799 qun
555 1736 678 1801 opponitur
691 1737 926 1800 temperantissimos

119 1807 216 1856 maharu
228 1808 347 1872 contingit.
362 1810 389 1858 Et
401 1809 452 1859 ideo
462 1812 507 1857 nm
521 1806 571 1870 ipsa
583 1811 651 1871 quim
666 1819 746 1857 omnes
758 1806 811 1870 ejus
819 1809 926 1872 species,

117 1891 171 1943 une
183 1884 330 1944 opponuntur
347 1879 443 1930 divesis
455 1877 576 1942 speciebus
594 1877 766 1942 temperantiae,
776 1879 926 1930 nornineca-

119 1955 187 2002 rents
201 1953 260 2001 urrde
273 1955 296 2001 el
312 1951 394 2001 vitium
409 1950 468 2014 quod
487 1950 609 2013 opponitur
621 1949 740 2010 ebrietati,
755 1948 925 2000 hnomluoluu

120 2027 155 2074 est
169 2023 213 2088 (1).
225 2025 253 2076 nt
263 2027 338 2074 umen
352 2023 438 2088 siquis
452 2021 581 2072 scienterin
596 2026 685 2072 nutam
700 2020 778 2072 irinc
789 2023 925 2083 abstineret,

119 2100 145 2146 ut
158 2101 259 2146 hainaut
274 2096 368 2146 multius
384 2099 499 2158 gravaret,
516 2093 530 2144 l
543 2095 610 2159 eulpa
624 2093 731 2144 immunis
744 2107 793 2144 non
803 2100 879 2147 esset.

151 2169 185 2220 ld
201 2169 324 2218 secundum
338 2167 473 2229 dicendum,
487 2166 548 2229 quod
559 2167 660 2230 objectio
671 2166 710 2215 illa
721 2167 828 2229 procedit
843 2167 874 2216 de
889 2168 927 2217 ule·

119 2239 179 2290 tectu
202 2239 363 2302 consequenti,
380 2239 419 2302 qui
438 2241 472 2288 est
493 2237 669 2288 involuntariae.
684 2237 730 2286 Sed
755 2236 923 2289 immoderatus

119 2325 175 2364 usus
188 2312 237 2362 viui
252 2317 288 2363 est
301 2311 441 2362 uoluntarios
449 2347 457 2374 ,
472 2312 498 2360 in
512 2323 559 2374 quo
573 2311 662 2375 peccati
676 2309 738 2362 ratio
749 2309 872 2361 consistit.

154 2439 185 2502 (1)
202 2444 238 2488 Ex
253 2453 306 2497 cap.
323 2439 367 2496 tl,
380 2439 519 2499 greco-lun,
532 2438 660 2497 colligitur,
673 2439 710 2497 vet
725 2435 751 2482 ii
769 2438 796 2482 in
808 2437 923 2495 anssquis,

121 2509 144 2550 et
160 2505 219 2561 apud
235 2506 258 2548 S.
269 2503 396 2558 Thomam,
407 2503 461 2547 leot.
473 2503 519 2558 21,
534 2501 700 2558 oquvalenter
711 2501 754 2546 suh
771 2500 808 2546 his
825 2501 904 2546 verhis
916 2517 922 2544 ε

119 2567 171 2621 Qua
189 2566 303 2622 deficiant
317 2567 385 2612 circo
398 2566 546 2624 voluptates,
563 2566 694 2622 minasque
707 2564 761 2608 iltis
775 2561 925 2608 oblectentur

121 2627 192 2684 eodm
205 2633 321 2684 oporteat,
336 2630 382 2672 oio:
395 2629 505 2685 reperiri
516 2632 635 2686 posonen
650 2626 699 2672 hoec
711 2627 777 2671 enine
790 2626 924 2683 stupiditas

92 2683 95 2688 '
121 2700 172 2731 ooo
187 2693 219 2732 est
233 2689 339 2734 homone
352 2689 403 2750 (vel
423 2702 450 2734 ex
465 2701 541 2749 groco
556 2689 710 2754 irascimini,
725 2687 920 2746 insensibilitas).

123 2757 278 2813 Quapropter
291 2761 350 2814 quio
361 2759 482 2817 ejusmodi
490 2759 598 2805 homines
607 2771 659 2804 ooo
668 2759 798 2804 admodum
809 2770 857 2802 esse
867 2771 921 2802 eoo-

121 2822 270 2864 eoeosraot.
287 2821 347 2866 toda
366 2823 458 2872 foetum
474 2827 508 2867 est
527 2828 555 2867 sol
570 2835 614 2866 seeo
630 2821 711 2867 ouem
730 2820 854 2865 consecuti
872 2819 920 2866 aiot

124 2891 212 2926 omnes
220 2893 231 2934 ‚·
248 2883 311 2938 qnocl
326 2893 423 2942 excep.
441 2883 470 2931 11
484 2884 547 2942 priris
561 2885 706 2933 indicabatur
717 2883 890 2942 «tongues.
