1934 3284
289 261 292 268 ·
387 259 419 297 nu
434 257 505 297 amr.
797 245 846 295 tlt

44 337 85 388 vel
108 339 140 386 tt
159 349 165 386 :
179 333 334 386 «nominante
351 335 409 399 gulae
423 335 480 386 vitio
493 335 627 398 umacquod
640 335 746 386 homiues
756 334 846 386 fortiter

45 411 140 474 gerunt,
149 407 246 471 perdunt
254 423 262 471 ;
271 411 294 457 et
307 407 360 456 dam
370 411 449 458 reaoer
458 419 506 458 uon
517 406 669 470 restringitur,
682 407 749 458 simul
759 410 846 457 cancta
941 417 944 425 ’

44 481 148 530 virtutes
161 479 372 530 cruentasset
385 478 457 528 ritus
466 490 513 529 nou
522 478 608 529 tollitur
618 479 663 528 uisi
673 491 716 543 per
728 482 846 543 peccatum

45 551 154 603 mortale.
168 551 225 614 Erga
242 549 294 614 gula
311 554 346 602 est
358 555 477 614 peccatura
488 551 591 601 monne.

82 621 244 686 (Concussae.
259 649 291 660 -
306 623 331 672 Si
345 623 396 686 quis
410 623 439 673 ab
456 621 515 686 gulae
528 621 679 672 inordinatam
701 621 849 686 cupiditatem

46 693 138 757 aliquid
152 693 177 742 iu
189 693 239 756 lego
252 692 328 744 diviua
341 697 481 758 preceptum
490 692 613 745 uenienti
624 693 712 744 ratione
723 694 849 753 omitteret.

46 765 154 816 mortalis
171 764 270 815 criminis
280 779 332 816 reus
343 770 411 817 asset.
424 765 432 830 )

81 837 218 902 Respondet
232 836 358 901 dicendum,
373 838 432 902 qudd
445 839 504 888 sicut
512 837 598 889 dictum
609 842 644 889 est
660 837 712 902 (art.
725 836 848 900 t),ritium

47 909 111 976 galae
122 906 214 973 proprid
222 908 325 960 consistit
336 910 359 958 in
370 910 551 974 coucupiscentia
559 909 696 960 inordinata.
704 909 763 959 Ordo
772 911 858 957 autem·

46 980 148 1032 rationis
162 980 366 1044 concupiscentiam
381 981 506 1032 ordinantis
524 981 642 1044 dupliciter
653 979 751 1044 spectari
763 983 847 1043 potest.

47 1055 103 1104 Uno
120 1051 203 1115 modo,
216 1056 327 1116 quantum
337 1053 365 1102 ad
379 1065 406 1103 aa
415 1067 467 1116 quc¹
477 1055 531 1103 suut
543 1053 573 1102 ad
586 1053 670 1114 duom,
682 1055 749 1116 prout
762 1050 850 1101 scilicet

47 1138 99 1175 nou
121 1126 176 1174 suat
193 1121 226 1172 ita
243 1129 423 1175 commensurata
440 1129 464 1173 ut
482 1123 529 1174 aiat
542 1124 711 1188 proportionata
727 1122 777 1172 dui.
798 1121 849 1172 ilio

48 1197 135 1256 modo,
145 1199 255 1259 quantum
266 1195 296 1246 ad
309 1196 384 1260 ipsum
397 1197 465 1246 finem
473 1211 479 1258 3
488 1199 557 1260 prout
570 1195 656 1245 scilicet
668 1193 849 1258 concupiscentia

48 1267 170 1320 homiuem
183 1267 263 1317 auertit
278 1266 349 1318 ttae
362 1268 445 1320 demto.
462 1268 490 1319 Si
502 1281 556 1332 crgo
572 1266 711 1318 inordinatio
729 1265 850 1329 coucupis-

49 1337 137 1390 ccutiae
153 1338 261 1402 accipitur
275 1340 300 1390 iu
313 1341 365 1404 gula
379 1339 502 1391 secundium
515 1342 657 1390 aversionem
670 1339 684 1389 d
698 1340 742 1389 duc
759 1338 848 1401 ultimo,

49 1411 83 1462 sic
96 1410 142 1460 erit
154 1415 271 1472 peccatum
281 1414 374 1463 mastalo
387 1429 393 1462 ι
406 1412 465 1475 quod
477 1412 569 1475 quidem
580 1410 699 1474 contingit,
708 1410 798 1474 quaudo
811 1409 851 1459 de·

49 1480 170 1533 lactationi
183 1481 240 1544 gule
249 1483 344 1535 inderet
357 1485 424 1534 homo
433 1489 542 1548 anquam
551 1482 691 1547 fluipropler
701 1495 767 1547 quem
778 1481 850 1531 Mum

50 1551 195 1616 comtemnit3
218 1559 309 1619 paratus
333 1556 418 1607 scilicet
437 1561 518 1613 aculae
539 1558 649 1619 precepta
671 1553 712 1604 llei
731 1565 812 1617 agere,
825 1555 852 1602 ut

51 1625 225 1694 delectationes,
236 1628 365 1692 hujusmodi
379 1630 519 1692 assequatur.
535 1626 559 1677 Si
572 1626 626 1676 aerd
639 1626 663 1676 in
676 1626 731 1676 uitio
745 1625 803 1689 galee
815 1624 852 1673 iu·

51 1699 170 1762 telligatur
180 1698 315 1751 inordinatio
324 1699 516 1764 concupiscentie
529 1698 617 1748 tautum
627 1697 749 1749 secuudirm
763 1711 791 1748 ea
801 1709 851 1761 quaa

52 1776 111 1824 snut
124 1770 154 1820 ad
164 1769 247 1835 linem,
260 1775 338 1836 utpote
350 1772 403 1835 qaia
417 1771 487 1822 nimis
495 1769 636 1834 concupiscit
648 1769 810 1820 delectationes
820 1768 853 1818 ci·

51 1844 151 1902 borum,
162 1855 208 1894 nou
221 1847 297 1894 manco
310 1844 342 1892 ita
354 1842 414 1907 qudd
422 1846 516 1906 propter
527 1842 571 1891 hoc
582 1842 668 1892 iaceret
678 1840 762 1904 aliquid
773 1848 852 1891 contra

53 1914 130 1978 legem
141 1913 195 1976 liei,
208 1919 243 1965 cst
256 1919 373 1980 peccatum
387 1914 483 1966 veniale.

87 1987 121 2035 Ad
133 1985 229 2049 primum
242 1999 295 2049 erpo
304 1986 433 2048 dicendum,
441 1985 503 2050 quod
512 1985 592 2034 uitium
603 1985 660 2048 gulae
671 1985 740 2035 habet
749 1984 809 2048 qudd
822 1983 854 2034 sit

54 2062 175 2124 peccatum
190 2060 294 2122 mortale,
307 2059 331 2108 iu
347 2063 456 2124 quantum
474 2058 556 2108 avertit
576 2058 647 2107 tine
667 2057 745 2108 ultimo
758 2072 765 2106 ε
779 2059 803 2107 ot
817 2069 854 2107 se·

54 2127 158 2180 cuuddm
175 2131 219 2180 troc
237 2143 279 2194 per
294 2132 413 2194 quamdam
431 2129 587 2180 reductionem
605 2128 726 2192 opponitur
739 2133 853 2193 precepto

56 2203 86 2253 da
95 2201 274 2254 senoddcatiuue
283 2203 379 2264 sabbati,
387 2202 411 2252 iu
419 2215 463 2266 quo
470 2200 598 2266 precipitur
605 2200 669 2264 quies
677 2200 753 2249 indue
761 2201 852 2250 ultimo.

57 2275 114 2325 Non
127 2274 187 2323 euim
203 2275 278 2325 omnia
292 2278 386 2340 peccata
402 2272 505 2324 mortalia
518 2271 602 2324 directe
620 2271 783 2322 contrariautur
795 2285 854 2334 prm·

57 2345 133 2409 ceptis
147 2346 259 2410 decalogi,
270 2348 309 2397 sed
320 2345 391 2398 solium
403 2345 444 2395 illa
453 2357 504 2409 quc
516 2344 652 2408 injustitiam
661 2341 790 2405 coutiueut;
800 2342 854 2404 quia

58 2419 172 2481 praecepta
186 2417 286 2481 decalogi
304 2417 432 2482 specialiter
444 2415 558 2482 pertinent
571 2416 599 2464 ad
611 2413 723 2478 justitiam
737 2417 761 2463 et
778 2416 855 2476 partes

60 2487 124 2550 ejus,
137 2490 164 2536 ut
183 2487 249 2552 supra
267 2488 368 2539 habitum
380 2492 415 2538 est
429 2488 485 2552 (qu.
501 2490 555 2549 lta,
568 2489 610 2535 art.
622 2485 660 2547 ll.

92 2561 126 2610 td
141 2561 266 2611 secuudum
284 2559 405 2612 dicendum
414 2598 423 2624 ‚
442 2555 501 2624 'apudd
519 2559 544 2608 iu
562 2559 671 2621 quantum
687 2553 766 2606 avadit
783 2553 855 2604 allae

59 2631 155 2694 ultimo,
169 2632 314 2684 contrariatur
330 2633 381 2698 gula
395 2629 512 2684 dilectioni
523 2630 576 2692 liei,
591 2628 678 2693 quiesi
692 2627 854 2691 superomnia,

58 2703 119 2756 sicut
134 2701 185 2754 [iuis
203 2703 310 2768 altimus,
324 2705 460 2768 diligendas.
474 2702 503 2753 ltl
520 2699 645 2754 secundiam
662 2701 706 2750 truc
718 2695 792 2749 solium
803 2697 856 2760 gula

59 2780 96 2827 est
111 2781 229 2840 peccatum
241 2777 342 2828 mortale.

92 2849 128 2898 aa
143 2846 236 2897 aaaron
248 2848 381 2912 umnam,
393 2847 455 2913 quau
467 2809 524 2898 anua
533 2845 628 2898 vonum
641 2842 762 2908 ramum
773 2839 856 2892 uom-

58 2919 123 2984 giluc
136 2917 164 2968 de
175 2917 228 2980 aula
240 2918 264 2968 in
280 2924 389 2984 quantum
403 2920 510 2984 importat
520 2917 684 2970 comminuam
693 2912 857 2977 mumpaoeae

59 2990 101 3043 aa
116 2987 190 3042 solim
202 2988 262 3042 circa
274 3003 302 3043 oa
313 3007 364 3058 que
375 2996 428 3045 suaa
439 2991 469 3044 ad
479 2992 561 3044 duem
625 2996 629 3003 ’
751 3011 755 3022 ·
