1934 3284
363 163 397 202 itit
410 161 518 202 mlo.
789 151 837 198 688
874 160 886 193 t

29 255 109 306 usone
126 241 155 292 od
170 237 240 290 mou
251 237 315 290 tertii
327 239 456 304 septennii,
468 235 838 290 mammutium

26 311 126 376 jejunia
144 310 293 362 observanda.
317 309 461 361 Conremeno
477 313 556 361 tamen
573 312 609 360 ast
626 311 654 358 ut
667 309 737 360 etiarn
753 307 778 358 in
793 308 838 358 troo

29 388 141 449 temporo
156 397 181 434 se
195 383 222 434 ad
236 382 388 447 ieiunandum
403 385 525 432 exerceant
536 381 589 445 ptus
598 380 637 430 ret
648 379 741 441 minius,
753 392 838 430 setun

30 456 87 504 dum
103 455 198 506 modum
209 468 256 504 sna
267 453 351 504 aetatis.
361 452 499 515 Quandoque
511 456 589 502 tamen
601 450 685 514 naum
694 450 838 502 titutione

31 525 173 578 imminente
187 525 212 576 iu
225 525 314 588 signum
327 524 469 588 penitentie
476 522 595 584 arctioris,
604 523 673 574 etiam
686 521 838 586 pnerisjeju-

31 597 72 646 nia
88 596 236 660 indiouutar;
251 596 310 647 sieut
327 596 396 646 otiam
416 596 443 646 de
460 595 571 660 jumentis
582 594 666 657 iegitur
683 594 765 650 douo,
785 594 836 644 til:

33 686 47 718 u
62 669 177 720 Homines
192 673 215 720 et
226 669 331 734 iumenta
344 681 390 720 non
405 670 496 732 gustent
509 667 646 731 quidum,
655 679 699 718 nec
711 679 794 730 aquarn
803 666 840 718 tri·

31 740 125 792 bant.»

64 815 102 864 dd
118 812 211 864 tertium
229 813 361 875 dicendum,
377 812 437 877 quod
456 812 516 864 cirea
533 812 664 876 peregrinos
682 814 708 862 ot
723 810 838 874 opererioa

33 887 226 950 distinguendum
242 885 343 936 uidetur.
360 886 417 944 Quia
430 885 450 936 si
467 884 620 950 peregrinatio
635 888 660 935 et
679 882 755 948 operis
775 883 839 934 iohor

34 955 158 1008 commode
170 956 255 1007 diderri
268 958 340 1022 possit
353 959 394 1006 aut
402 956 498 1008 diminui
513 957 598 1020 eisque
612 954 748 1006 detrimento
757 966 838 1018 eorpo-

32 1029 88 1079 ratis
103 1028 186 1080 salutis
201 1031 225 1078 et
243 1028 366 1080 exterioris
382 1028 468 1092 statuis,
482 1028 523 1092 qui
540 1027 662 1092 requiritur
674 1027 703 1077 td
715 1037 837 1076 conserva·

32 1100 124 1151 tionem
140 1099 263 1164 eorporaiis
281 1101 319 1150 rel
335 1100 459 1164 spiritualis
472 1100 540 1163 rita,
554 1112 601 1150 non
616 1102 670 1149 suut
685 1101 778 1162 propter
795 1097 839 1147 hoe

33 1170 148 1222 Ecclesia
158 1171 247 1236 jejunia
256 1173 458 1236 pretermittenda.
468 1171 493 1222 Si
502 1177 578 1222 autem
587 1170 705 1221 immineat
714 1168 838 1232 ueoesdtm

34 1247 115 1295 statim
136 1245 310 1308 peregrinandi,
329 1249 352 1295 et
373 1257 466 1307 magnas
493 1244 565 1294 dietas
587 1242 699 1304 iaciendi,
715 1242 754 1292 rei
770 1240 839 1292 etiarn

35 1315 136 1366 muttum
153 1315 284 1378 laborandi,
301 1316 339 1367 vel
357 1321 450 1382 propter
467 1313 665 1366 conservationem
684 1311 739 1364 rite
758 1323 838 1376 eorpo-
870 1341 874 1351 ·

34 1389 106 1450 ratis,
125 1387 162 1436 vei
176 1391 269 1451 propter
284 1387 369 1452 aliquid
385 1387 538 1438 necessarium
557 1386 667 1436 advitam
687 1384 837 1450 spirituatem,

34 1463 58 1509 et
71 1459 144 1510 simul
158 1457 209 1507 edm
220 1461 264 1509 hoo
276 1472 322 1510 non
333 1460 422 1524 possint
431 1459 539 1510 Ecclesiae
551 1457 640 1522 jejunia
653 1456 778 1519 obseruari,
791 1468 838 1506 nou

34 1531 152 1595 obligatur
167 1531 236 1582 homo
254 1530 282 1580 ad
294 1531 459 1596 J'eJunundum3
471 1531 526 1594 quia
542 1543 589 1582 uon
605 1529 695 1580 uidetur
714 1527 786 1580 tuisse
802 1528 840 1578 in·

34 1604 111 1654 tentio
123 1601 231 1652 Ecclesia
246 1603 366 1654 statuentis
377 1603 481 1668 jejunia,
497 1606 524 1653 ut
536 1615 578 1666 per
590 1603 634 1652 troc
650 1599 770 1662 impediret
783 1599 840 1650 alias

34 1674 84 1738 pias
96 1677 122 1724 et
136 1674 209 1736 magis
217 1674 355 1724 necessarias
367 1687 454 1724 causas
470 1673 564 1723 Videtur
577 1677 655 1724 tomen
664 1671 690 1721 in
706 1671 789 1722 tutibus
801 1682 841 1722 re·

35 1748 175 1798 currendum
185 1758 235 1796 esse
246 1746 273 1795 ad
284 1745 406 1810 superioris
414 1745 620 1809 dispensationem,
635 1744 681 1794 uisi
691 1742 750 1794 torta
758 1742 797 1793 uti
804 1746 841 1794 est

36 1819 70 1869 ita
85 1821 237 1881 consuetum
252 1817 306 1881 quia
319 1831 348 1868 er
367 1819 411 1868 troo
432 1816 482 1881 ipso
495 1815 557 1880 qudd
572 1816 661 1880 prelati
678 1814 838 1878 demutat,

35 1893 146 1944 videntur
159 1903 268 1942 annuere.

71 1964 106 2013 dd
125 1965 229 2026 quadum
248 1959 384 2024 diee'ndum,
397 1959 457 2024 quod
474 1972 586 2024 pauperes
600 1958 640 2024 qui
658 1961 756 2023 possunt
774 1956 841 2007 sutd-

37 2036 129 2086 eieuter
145 2033 228 2084 habere
244 2033 304 2096 quod
323 2033 357 2082 eis
372 2031 456 2082 suffieit
468 2032 496 2081 ad
513 2043 581 2080 unam
600 2031 779 2088 comestionem,
794 2041 841 2078 noo

38 2107 178 2158 excusantur
192 2107 283 2168 propter
295 2106 453 2167 paupertatem
464 2101 478 2152 t
489 2101 585 2166 jejuniis
602 2101 725 2164 Ecclesia3
739 2092 842 2163 duodus

38 2182 120 2228 tamen
130 2175 234 2227 excusari
247 2174 351 2225 videntur
359 2174 392 2224 illi
404 2173 442 2237 qni
456 2171 571 2224 nodedu
581 2174 738 2237 eleemosynas
752 2170 843 2221 mondi-

39 2254 106 2312 eant,
119 2247 173 2312 quia
187 2260 234 2298 uon
246 2249 342 2312 possunt
355 2245 422 2296 sinui
435 2246 519 2296 habere
531 2246 592 2308 quod
604 2244 639 2296 eia
649 2244 679 2294 ad
691 2242 779 2294 victum
791 2242 841 2294 soi·

39 2321 113 2372 ficiat.

74 2393 109 2443 dd
127 2389 233 2454 quintum
249 2389 385 2453 dicendum,
397 2388 458 2452 quod
476 2388 533 2439 iilud
553 2389 650 2439 vertum
665 2388 755 2439 domini
768 2386 842 2452 tripli-

41 2464 99 2516 citer
111 2465 189 2528 potest
201 2461 296 2525 exponi.
310 2461 360 2512 Uno
375 2462 442 2513 modo
455 2460 579 2511 seeundum
591 2461 785 2524 commodum,
801 2457 843 2522 qui

42 2537 99 2586 dicit
111 2534 173 2598 quod
182 2551 195 2582 u
210 2533 313 2598 discipuli
323 2532 364 2596 qui
377 2532 418 2583 titii
432 2531 515 2597 spousi
526 2532 641 2593 dicuntur,
654 2532 728 2581 adhue
738 2529 842 2581 imbecil-

41 2606 88 2658 lids
105 2604 212 2669 dispositi
222 2608 299 2668 erunt3
312 2605 372 2655 unde
385 2604 521 2654 pertinento
539 2602 612 2654 reteri
626 2606 783 2666 comparantur
798 2617 804 2652 :
819 2603 842 2652 et

41 2677 94 2729 ideo
105 2677 130 2728 in
144 2674 261 2742 prasentia
272 2675 382 2740 corporati
392 2673 477 2726 Christi
491 2678 557 2725 erant
566 2677 638 2738 magis
650 2673 775 2725 torendiin
785 2684 841 2737 qua-

43 2750 95 2800 daro
109 2747 229 2799 dulcedine
237 2746 305 2812 quim
318 2747 344 2798 in
356 2746 489 2798 austeritate
498 2745 582 2810 jejunii
596 2745 725 2798 exercendi.
737 2763 752 2794 s
763 2745 793 2796 Et
803 2757 841 2795 se-

44 2820 144 2872 eundirm
152 2821 197 2870 hoe
211 2818 284 2882 magis
299 2819 406 2872 convenit
418 2821 444 2868 ut
456 2831 509 2869 eum
521 2817 659 2882 imperieetis
672 2823 698 2870 et
710 2816 805 2870 novitiis
815 2816 842 2866 in

40 2891 135 2958 jejuniis
151 2891 312 2956 dispensetur,
323 2890 393 2957 qutm
406 2902 459 2943 oum
472 2888 671 2956 mdoumritrusst
681 2889 804 2957 passuum
814 2891 842 2938 nt

238 2984 243 3016 t
