1934 3284
337 164 370 205 lt!
386 162 555 210 thomum.
800 154 848 204 m

38 256 101 294 cama
112 244 254 307 assignatur
265 241 337 306 sip„
355 242 405 293 xlv
417 258 423 292 ε
438 258 452 291 u
463 243 551 295 heerho
562 242 626 293 luctu
639 242 719 295 dolens
730 245 795 307 puter
804 242 848 295 nro

39 314 77 364 sihi
93 315 156 379 rapti
172 313 219 365 tllii
234 312 292 364 lecit
310 312 448 377 imaginem,
461 318 486 365 et
496 314 562 365 illum
577 314 616 380 qui
634 319 691 366 tune
702 315 768 380 quasi
780 316 849 367 hono

39 390 137 441 nonnus
146 386 246 446 lucrm,
258 398 322 435 nuno
333 388 440 449 tauquam
451 386 523 437 heum
532 387 606 437 celere
616 388 720 451 emptu»
733 392 757 439 et
764 386 850 438 ibidem

40 458 102 509 etiam
110 458 236 520 subditur,
249 454 309 520 qued
325 473 341 503 rr
351 456 456 507 homines
468 461 510 508 aut
519 457 611 509 menni
624 462 664 507 aut
672 459 764 523 regihus
774 459 850 510 desm-

40 532 142 592 rimtes‚
164 525 388 581 incommunicabile
402 541 486 581 nomen
506 529 608 593 (semma
620 530 765 596 divinitatis)
779 530 851 595 lignis

39 606 60 651 et
71 602 187 667 lapidibus
203 601 401 663 imposuerunt.»
414 600 535 661 Secundh,
549 605 641 666 propter
651 602 695 653 hoe
708 601 768 666 quod
781 604 850 653 homo

40 674 171 725 naturaliter
185 670 395 738 repraesentatione
410 672 543 735 delectatur,
554 678 578 724 ut
593 674 745 739 Philosophus
758 674 814 724 dicit
826 673 851 724 in

41 746 140 797 Poenica
155 760 200 799 sua
211 746 278 809 (cap.
293 743 329 806 hh
345 746 369 793 et
377 744 428 795 ideo
441 744 547 797 homines
563 747 639 806 ruder,
650 745 662 795 l
673 746 802 811 principie,
815 745 852 797 ri·

42 819 118 869 dentes
129 833 174 885 per
185 814 334 879 diligentiam
349 814 459 865 artificum
472 816 583 881 imagines
592 817 709 868 hominum
720 817 851 882 expressive

43 890 118 955 laetas,
129 888 265 941 divinitatis
278 888 365 937 cultum
382 887 416 939 eis
427 888 595 953 impenderunt.
609 889 674 940 Unde
684 889 765 940 dicitur
778 890 850 953 Sep..

43 963 89 1013 htlt
104 979 111 1013 ι
124 980 139 1011 n
148 962 178 1013 Si
190 960 247 1025 quis
257 959 339 1010 artilex
351 960 414 1010 lahar
428 961 457 1011 de
472 962 540 1023 sylva
548 961 635 1025 lignum
643 964 730 1011 rectum
744 961 850 1022 secuerit,

43 1037 64 1083 et
81 1048 121 1097 per
138 1031 268 1085 seientiam
290 1044 338 1081 suae
354 1031 410 1081 artis
425 1031 506 1095 figuret
521 1032 576 1083 hlud
593 1037 618 1083 et
631 1032 745 1083 assimilet
757 1030 852 1094 imagini

44 1106 155 1170 hominis,
165 1107 197 1157 de
207 1102 341 1155 substantia
352 1115 406 1167 sua,
416 1107 439 1155 el
449 1104 543 1165 hliimet
553 1104 653 1168 nuptiis,
666 1107 745 1154 retum
756 1102 852 1165 faciens,

45 1177 135 1240 inquirit
148 1178 196 1239 (l).
218 1192 233 1223 u
253 1172 345 1237 Tertii,
365 1177 458 1239 propter
477 1174 628 1238 ignorantiam
651 1174 699 1225 reri
712 1174 768 1238 hei,
788 1176 854 1240 cujus

46 1249 206 1299 excellentiam
217 1246 327 1297 homiues
341 1258 388 1297 nou
399 1246 584 1309 considerantes,
596 1246 731 1309 quibusdam
744 1245 853 1296 creaturis

47 1324 133 1385 propter
144 1317 348 1385 pulchritudinem
362 1330 403 1369 seu
418 1316 538 1378 virtutem,
550 1316 675 1368 divinitatis
691 1316 774 1366 cultum
788 1317 854 1367 enhi-

47 1391 150 1443 huerunt.
160 1390 230 1441 Unde
241 1386 479 1453 dieiturSop.,lllll:
494 1405 507 1436 r
513 1389 593 1452 Neque
600 1388 705 1453 operibus
712 1389 855 1440 attendentes

51 1466 188 1523 agnoverunt
198 1460 252 1525 quis
263 1462 325 1511 esset
337 1459 429 1519 artilex,
442 1460 480 1509 sed
491 1462 532 1509 aut
542 1458 627 1523 ignem,
641 1464 680 1510 aut
691 1458 804 1523 spiritum,
816 1462 855 1509 aut

54 1533 135 1584 citatrm
150 1546 244 1593 earenn,
257 1533 298 1584 aut
313 1544 393 1595 gyrum
411 1530 534 1594 stellumm‚
543 1535 582 1581 aut
597 1530 690 1581 nimiam
702 1544 799 1595 aquam,
816 1534 855 1580 aut

53 1605 126 1667 solem,
144 1609 189 1657 aut
204 1604 299 1667 lunam,
314 1605 415 1653 rectores
428 1602 489 1653 urhis
500 1599 609 1653 teirarum
620 1604 674 1654 deos
684 1606 828 1667 putaverunt.
839 1619 854 1649 a

51 1678 95 1732 lla
109 1682 190 1730 auteur
209 1688 277 1727 causa
292 1674 425 1725 idololatria
439 1674 618 1726 consummativa
632 1674 675 1725 luit
687 1690 716 1727 ex
729 1679 793 1739 parte
804 1676 855 1727 ,dae-

50 1763 140 1801 monum
145 1787 155 1813 ,
167 1748 213 1813 qui
224 1760 250 1797 se
260 1746 368 1797 colendos
376 1746 507 1797 hominihus
516 1748 643 1798 errantibus
654 1747 819 1807 exhibuerunt,
831 1746 856 1798 iu

50 1821 112 1874 idelis
127 1824 210 1873 dando
230 1832 358 1885 respousa,
370 1824 393 1871 et
414 1820 490 1885 aliqua
507 1834 557 1885 quae
576 1821 710 1871 ridebantur
727 1820 857 1871 hominihus

49 1894 160 1947 mirabilia
175 1892 295 1945 laniendo.
316 1892 383 1943 Unde
395 1896 418 1943 et
430 1892 454 1943 in
468 1891 662 1944 psalmodium
682 1908 687 1942 :
705 1909 719 1941 u
731 1894 815 1944 Omnes
826 1891 858 1942 dii

51 1966 153 2027 gentium
167 1964 318 2017 daemonia.h

79 2042 113 2091 hd
125 2039 232 2107 primurn
245 2050 300 2101 ergo
313 2037 448 2099 dicendum,
463 2037 524 2101 quhd
536 2052 604 2088 eausa
618 2036 753 2103 dispositiva
765 2036 859 2087 idolola-

52 2110 96 2161 triae
109 2112 160 2162 luit
174 2111 280 2173 exparte
296 2108 410 2168 hominis,
424 2112 511 2159 uatum
520 2109 636 2168 delectus,
652 2110 689 2158 ret
702 2121 743 2171 per
752 2106 858 2169 ignorau-

53 2183 104 2233 riam
126 2180 281 2241 intelleehls,
296 2181 334 2230 vel
347 2193 388 2245 per
404 2179 593 2231 inordinationem
608 2178 718 2241 ahectr'rs,
729 2181 754 2227 ut
772 2177 858 2229 dictum

53 2257 93 2317 est,
108 2258 135 2305 et
144 2256 192 2303 hoc
203 2252 272 2302 etiam
286 2252 315 2301 ad
327 2251 416 2316 eulpam
428 2252 536 2317 pertinet
550 2250 635 2302 hieitur
643 2252 720 2300 numm
734 2248 860 2301 idolotatria

53 2338 99 2375 esse
117 2336 210 2387 causa,
225 2320 317 2373 initium
335 2325 359 2373 et
373 2322 424 2373 ttnis
438 2321 512 2373 omnis
526 2321 627 2387 peceati,
641 2320 696 2385 quia
709 2334 755 2371 nou
770 2324 804 2371 est
817 2320 859 2372 ali·

54 2396 111 2457 qnod
121 2408 200 2460 genus
213 2394 302 2458 peceati
312 2394 340 2443 ud
352 2394 411 2457 quod
423 2392 537 2445 interdum
548 2392 675 2444 idololatria
684 2406 731 2443 uon
740 2393 858 2458 perducat,

55 2467 88 2517 vet
112 2463 228 2531 expresse
250 2464 378 2517 inducendo
392 2478 433 2531 per
452 2467 543 2517 modnuu
557 2477 641 2529 eausa,
661 2464 699 2516 rel
718 2463 859 2533 nemsiouem

88 2642 120 2707 (l)
137 2647 195 2691 Hace
211 2648 288 2691 tamen
302 2643 337 2689 ihi
348 2655 396 2689 nou
405 2642 488 2689 eadem
501 2643 575 2701 serie,
590 2642 631 2688 sed
644 2643 747 2700 pluribus
761 2642 812 2688 allis
824 2643 860 2687 in·

59 2708 166 2765 terjectis
183 2708 374 2765 labentumque
386 2706 464 2751 omisit
473 2718 502 2751 er
515 2706 628 2751 industria
639 2708 664 2752 s.
676 2706 786 2761 Thomas,
799 2703 860 2761 qnod

56 2772 166 2817 instituto
183 2781 228 2815 suo
247 2768 323 2815 miuhs
337 2768 469 2815 necessaria
482 2773 573 2822 essent3
588 2769 628 2813 uhi
644 2773 668 2813 ct
680 2768 800 2825 tmoptnc'e
818 2777 862 2810 no·

57 2844 111 2879 rnen
130 2833 241 2880 trihuitur
258 2832 335 2894 idolo,
349 2832 410 2881 niem
428 2836 452 2879 et
467 2831 518 2889 ipse
534 2834 559 2878 S.
574 2830 676 2879 Thomas
686 2830 766 2890 prths,
780 2826 862 2883 arta,

58 2895 188 2957 usurparit.
539 2926 542 2930 ›
