1934 3284
105 124 153 175 ιιι
184 175 188 184 ,
209 134 317 174 sscuunu
333 135 462 187 amusos,
476 137 569 183 ouusr.
586 137 674 189 duur,
691 139 746 178 aur.
764 139 806 178 vu.

106 204 202 269 tinent:
218 205 340 257 «uiantes
352 221 410 272 quas
423 212 516 273 propter
529 209 601 260 solam
613 209 777 262 testitudinem
791 225 901 276 amamus,

105 276 138 327 sie
156 277 293 341 persuadere
310 278 403 342 quidam
423 281 489 331 uobis
506 281 617 332 audeutu
633 281 736 346 (seilicet
749 282 845 334 diceudo
864 299 902 334 eas

104 353 194 414 propter
207 351 403 414 sempeternus),
419 356 467 402 unt
475 351 549 415 ipsam
561 351 725 403 beatitudiuem
736 367 782 404 nou
792 368 901 408 amemus.

103 423 167 480 Quod
178 420 198 472 si
213 421 309 483 iaciant,
323 421 391 473 etiam
401 423 465 488 ipsas
478 423 556 488 utique
571 437 647 475 amare
659 424 802 490 desistimus,
813 429 902 490 quaudo

102 492 179 554 ilium,
191 498 283 557 propter
295 507 362 559 quam
378 496 448 546 solam
463 494 518 546 istas
535 495 676 558 amavimus,
699 509 746 546 uon
764 511 901 548 amamus.»

103 565 148 616 Sed
164 566 270 617 tortitudo
287 569 323 618 est
336 567 440 629 quedam
454 566 534 616 uirtus.
549 567 608 632 Ergo
622 571 686 617 aetus
700 567 840 620 tortitudinis
858 584 902 620 uon

103 640 139 686 est
149 637 177 686 ad
187 636 259 701 ipsam
276 636 445 701 tortitudinem,
458 638 497 688 sed
513 638 540 688 ad
557 636 722 690 beatitudinem
733 641 876 692 referendus.
935 649 936 694 ι

136 711 158 756 3.
174 709 299 772 Praeterea,
314 709 452 772 Augustinus
465 709 522 759 dicit
534 709 558 760 iu
571 709 610 760 lio.
628 711 663 760 De
677 710 792 760 morr'due
805 712 900 764 Eccles.

104 783 172 844 (cap.
189 783 218 828 13
227 781 250 844 )‚
259 779 319 845 qudd
335 779 467 831 «tortitudo
478 784 514 832 est
525 794 587 832 amor
595 782 672 832 omnia
685 784 855 846 prometheum
868 785 902 834 ta·

103 850 300 916 eriperemus.»
315 854 375 902 [teus
387 856 464 903 auteur
476 867 523 903 nou
538 858 574 905 est
585 853 633 918 ipse
648 853 737 904 habitus
750 854 901 918 tortitudinis,

102 923 142 974 sed
151 924 236 987 aliquid
248 924 339 987 melius,
349 923 408 975 sieut
423 927 513 988 oportet
523 925 591 976 finem
603 924 720 976 meliorem
733 939 783 977 esse
800 927 837 978 his
848 942 900 992 qnae

101 1001 156 1045 suut
169 997 198 1048 ad
206 998 284 1048 tinem
296 997 346 1047 Non
358 1009 412 1059 ergo
424 995 488 1046 tortis
502 996 550 1060 agit
563 999 654 1061 propter
662 996 747 1047 bonum
760 999 847 1062 proprii
862 1001 903 1050 ira-

100 1065 171 1118 bitus.

131 1137 175 1189 Sed
188 1143 328 1199 contrairet,
342 1139 403 1203 quod
416 1136 569 1202 Philosophus
580 1137 635 1188 dicit
646 1139 670 1190 in
684 1140 714 1189 111
727 1139 824 1201 iiidie,
839 1142 901 1206 quid
936 1135 937 1214 i

102 1209 177 1260 «torti
188 1210 296 1261 tortitudo
307 1214 342 1261 est
353 1211 470 1261 bonum.»
486 1209 547 1259 Talis
557 1213 634 1261 autem
647 1213 683 1261 est
696 1210 760 1260 finis.
936 1219 937 1276 p

136 1281 414 1344 (Consumto—Fortis
424 1285 531 1346 operatur
542 1285 635 1346 propter
648 1280 736 1333 bouum
750 1283 787 1333 sui
800 1283 901 1347 habitis,
936 1303 937 1314 ι

99 1355 125 1406 ut
137 1358 229 1417 propter
242 1354 371 1418 proximum
389 1354 471 1416 inem,
488 1357 515 1403 ut
525 1353 613 1404 seilicet
626 1354 650 1404 in
664 1357 716 1404 actu
730 1353 902 1406 similitudinem

101 1424 137 1474 sui
153 1423 243 1474 orbitus
260 1425 384 1490 exprimat,
397 1438 528 1489 quanquam
540 1428 633 1488 propter
644 1425 806 1478 beatitudiuem
822 1431 846 1478 et
861 1428 900 1477 Dei

100 1509 199 1546 amorem
208 1496 291 1557 fortes,
303 1501 329 1547 ut
342 1500 434 1561 propior
442 1497 547 1547 ultimum
557 1495 635 1559 tinem,
647 1497 794 1562 operentur.)

131 1568 267 1632 despondeo
279 1569 412 1631 dicendum,
426 1568 487 1632 quod
499 1569 583 1632 duplex
596 1572 632 1620 est
645 1568 707 1633 duis,
722 1569 811 1620 scilieet
824 1571 899 1634 prori-

100 1652 152 1688 mus
166 1643 190 1690 et
200 1639 300 1690 uitimus.
315 1639 379 1690 Finis
393 1644 468 1691 autem
483 1640 602 1704 proximus
615 1639 797 1705 uuiuscujusque
812 1643 899 1704 agentis
937 1624 938 1700 t

100 1713 136 1762 est
147 1714 173 1760 nt
183 1711 356 1762 similitudinem
365 1726 413 1763 suo
425 1713 505 1763 iormae
517 1711 645 1762 inalterum
659 1711 765 1774 inducat,
780 1711 839 1763 sirm
849 1713 900 1763 finis
937 1703 938 1774 ι

100 1781 161 1846 tunm
174 1783 328 1834 calefacientis
342 1788 378 1834 est
394 1787 420 1834 ut
434 1783 525 1834 induent
538 1782 708 1834 similitudinem
726 1783 762 1834 sui
782 1784 865 1836 catoris
878 1786 900 1834 iu
937 1793 938 1808 ³

100 1853 216 1918 petiente3
224 1860 248 1906 et
261 1855 313 1905 tinis
324 1856 466 1907 aedificatoris
477 1859 513 1906 est
526 1859 553 1904 ut
562 1854 654 1904 iuduuat
666 1853 839 1907 similitudinem
854 1870 899 1906 suo

99 1927 192 1978 urtisiu
208 1927 310 1978 materia.
325 1929 487 1990 Quodcumque
498 1930 574 1978 autem
588 1927 672 1977 bouum
684 1940 712 1977 er
729 1926 774 1978 hoe
785 1928 895 1992 sequitur,

101 1997 122 2048 si
136 1999 166 2049 sit
174 1999 302 2062 intentum,
317 2002 394 2064 potest
404 1999 450 2050 diei
462 1999 513 2048 iuis
522 2003 623 2048 remotus
636 1997 734 2061 agentis.
747 1997 811 2049 Siout
824 2003 895 2050 autem

100 2070 124 2121 in
136 2071 274 2122 sectibilibus
287 2070 381 2122 materia
394 2069 492 2122 exterior
500 2069 626 2134 disponitur
640 2083 681 2132 per
692 2073 763 2120 artem
772 2107 779 2131 ,
789 2071 823 2121 ita
832 2072 896 2122 etiam

99 2141 123 2192 in
140 2143 261 2208 agibilittus
281 2156 322 2208 per
335 2142 476 2208 prurientium
491 2141 643 2204 disponuntur
662 2144 725 2191 aetus
739 2142 842 2193 humaui.
862 2141 896 2191 Sic

99 2226 152 2277 ergo
161 2215 280 2266 dicendum
290 2220 334 2277 est,
349 2213 410 2278 qudd
424 2212 490 2264 tortis
503 2213 562 2264 siout
574 2211 702 2276 proximum
717 2212 787 2264 tiuem
801 2213 898 2265 intendit

99 2288 125 2334 ut
138 2286 309 2336 similitudinem
321 2286 356 2336 sui
371 2285 462 2336 habitis
480 2284 592 2349 exprimat
608 2283 633 2333 iu
644 2287 712 2348 actu3
725 2283 826 2335 intendit
839 2285 896 2336 onim

100 2367 165 2418 agere
180 2357 303 2408 secuudirm
323 2357 506 2407 oouveuieutiam
524 2355 558 2407 sui
578 2354 677 2405 habitus.
692 2354 756 2416 Finis
770 2359 847 2407 autem
864 2369 897 2407 re-

99 2429 174 2476 motus
186 2432 221 2477 est
234 2428 360 2490 beatitudo,
371 2428 407 2479 uel
420 2430 490 2479 deus.
850 2425 852 2430 '

131 2497 158 2546 Et
171 2511 211 2561 per
219 2500 263 2550 hoo
275 2504 339 2565 patet
351 2499 468 2564 responsio
482 2500 512 2550 ad
521 2499 684 2564 objecturum
696 2499 770 2564 prima
780 2498 837 2551 ratio
848 2513 896 2567 pro·

99 2568 205 2631 cedebat,
219 2583 246 2621 ao
256 2571 276 2621 si
285 2571 335 2636 ipsa
351 2572 450 2622 essentia
460 2571 551 2622 habitis
566 2573 627 2622 esset
640 2569 708 2632 finis,
720 2584 767 2620 uon
777 2574 855 2621 eutem
863 2569 896 2621 si-

99 2639 200 2758 ἓιίιίἔιιιιο
212 2639 264 2759 ἵξις
277 2642 301 2690 in
314 2647 378 2705 notu,
394 2646 419 2692 ιιι
432 2643 518 2693 dietum
531 2645 578 2705 est3
592 2641 635 2694 alie
650 2641 706 2692 uero
717 2642 762 2692 duo
775 2643 895 2705 procedunt

114 2721 128 2757 e
160 2722 216 2759 nou
235 2723 290 2760 nmo.
