1934 3284
198 210 230 254 nrt
244 212 375 253 emmam
389 213 418 250 rrr
433 210 628 251 nausnnrnonm.
763 201 809 250 ’157

25 301 97 352 poeuas
109 293 183 341 autem
197 290 236 340 dat
245 291 358 353 uindicta,
370 288 458 340 uidetur
468 289 528 352 quod
539 287 657 341 clementia
673 290 697 340 ct
706 302 811 341 mansne·

25 361 74 411 tudo
90 362 134 412 sint
145 362 212 412 idem.
551 361 555 374 '
810 374 813 385 ·

53 437 75 482 2.
85 436 207 497 preterea,
218 433 304 485 Tollius
314 433 369 485 dicit
379 433 403 484 iu
412 435 433 484 ti
447 433 544 485 dilector.
561 434 614 498 (De
627 436 691 484 rtet.
709 436 810 491 iaceat„

25 507 138 571 numos),
153 505 213 570 qubd
232 524 245 555 u
260 506 378 557 clementia
398 510 433 556 est
445 507 519 556 uirtus
534 519 575 570 per
589 519 656 570 mana
671 507 760 558 animus
776 511 811 559 te

25 576 80 626 mere
94 579 219 632 concitatus
234 579 258 628 in
273 578 467 642 coiunctiones,
481 578 620 639 benignitate
630 579 752 639 retinetnr3
763 594 776 626 n
789 579 815 630 et

25 646 53 695 sic
66 649 124 712 qubd
138 651 258 700 clementia
269 651 299 700 sit
317 649 453 700 moderativa
464 649 518 701 odii.
533 650 577 700 Sed
588 650 675 711 odium,
690 651 778 701 ridetur
787 655 814 700 nt

25 718 160 782 Augustinus
168 722 221 772 dicit
232 723 266 786 (in
279 721 384 786 deputo)
399 724 503 772 causatur
516 721 549 772 ira
563 722 614 785 (t);
630 721 688 771 eirca
698 724 813 786 quamest

25 794 167 844 mansuetudo
177 796 200 843 et
209 793 336 844 clementio.
349 793 502 857 Ergouidetnr
512 791 574 856 qndd
584 792 702 843 clementia
717 796 739 844 et
749 804 812 843 man·

25 864 113 914 suetudo
128 863 174 914 siut
187 864 256 915 idem.

51 939 72 982 3.
93 937 220 1000 preterea,
235 936 294 987 idem
307 935 387 987 uitium
400 949 446 986 non
464 935 613 986 contrariatur
626 935 723 986 diuersis
740 934 814 985 virtu·

25 1005 86 1056 tibus.
101 1008 146 1058 Sed
159 1007 219 1058 idem
235 1008 316 1058 uitium
329 1007 449 1072 opponitur
465 1006 631 1058 mansuetudini
646 1005 810 1070 ctcicmeotia;

25 1077 103 1129 scilicet
113 1080 243 1130 crudelitas.
253 1081 311 1144 Ergo
325 1079 415 1130 uidetur
426 1078 484 1142 qubd
496 1079 644 1130 mansuetudo
660 1082 683 1129 et
693 1077 812 1128 clementia

25 1147 62 1199 rint
73 1152 167 1215 penitas
179 1151 248 1202 idem.

48 1223 90 1274 Sed
101 1227 180 1275 eontra
194 1228 242 1285 est,
252 1223 311 1288 qnbd
325 1221 448 1274 sccunddm
461 1221 589 1288 predictam
601 1221 759 1273 diffinitionem
771 1221 813 1274 Se-

25 1305 91 1358 uece,
105 1313 120 1344 u
130 1297 250 1346 clementia
264 1299 298 1347 est
309 1295 389 1346 lenitas
400 1293 522 1358 superioris
533 1293 640 1344 aduersds
649 1294 785 1346 interiorem.
797 1311 812 1343 u

25 1363 165 1420 tiansuctudo
179 1371 253 1418 auem
263 1379 309 1418 nou
319 1366 391 1418 solium
406 1372 442 1417 est
453 1366 577 1431 superioris
585 1368 613 1417 ad
625 1365 765 1430 interiorem,
773 1368 813 1417 sed

25 1438 137 1500 :ujusiibct
157 1439 184 1488 ad
203 1439 332 1502 quemlibet.
347 1439 404 1504 Ergo
423 1439 570 1490 mansuetudo
588 1441 612 1489 et
629 1438 750 1490 clementia
768 1451 813 1490 non

25 1515 69 1559 sunt
83 1511 176 1576 penitus
192 1510 259 1562 idem.

50 1581 205 1644 (Concessio.
215 1609 245 1620 -
254 1583 385 1648 Quanquam
404 1577 569 1645 mansuetudo,
582 1586 608 1632 nt
620 1583 653 1633 ira
666 1581 813 1648 moderatim,

27 1656 159 1706 neumdem
173 1660 290 1706 concurrat
304 1655 406 1706 effectum
420 1669 470 1705 cnm
484 1655 619 1718 dementia,
637 1654 727 1706 diuersa
737 1658 815 1706 tamen

26 1723 45 1774 rb
57 1739 83 1776 ea
94 1731 146 1790 est3
157 1726 216 1789 qubd
226 1727 345 1777 clementia
355 1727 494 1777 moderatiua
506 1727 536 1777 sit
547 1727 665 1778 exterioris
677 1726 813 1792 punitionis;

26 1798 168 1848 nansuetndo
179 1797 233 1848 verb
247 1797 360 1849 interioris
373 1797 507 1861 passionis.)

47 1870 185 1936 despondeo
192 1871 311 1920 dicendum
322 1869 383 1933 qubd
392 1869 449 1918 sicut
457 1868 482 1918 in
490 1868 518 1918 11.
530 1869 612 1919 Etbic.
627 1872 689 1933 (cap.
700 1875 724 1932 t,
734 1867 772 1920 uel
780 1868 814 1934 s),

26 1939 113 2000 licitur,
132 1941 204 1992 mutus
223 1940 313 1992 moratis
330 1939 434 1990 consistit
447 1939 506 1988 circa
526 1940 644 2004 passiones
661 1943 685 1990 et
703 1940 814 1990 actiones.

26 2013 139 2065 ’essiones
158 2017 233 2064 autem
247 2012 367 2063 interiores
380 2013 433 2062 sunt
450 2011 588 2062 exteriorum
603 2011 717 2062 actionum
731 2010 815 2074 princi·

26 2083 52 2134 tia
62 2124 68 2145 ,
79 2084 197 2136 autetiam
212 2085 389 2149 impedimenta:
404 2082 486 2134 etidco
497 2083 593 2133 uirtutes
606 2096 657 2147 qua
672 2083 816 2132 moderantur
918 2098 921 2104 ¹

27 2157 150 2220 essiones,
162 2158 325 2221 quodammodo
338 2159 473 2206 concurrunt
490 2155 514 2204 in
528 2155 632 2205 eumdem
646 2153 751 2205 effectum
766 2165 817 2203 cum

27 2227 141 2278 'inentibus
161 2241 210 2294 que
232 2229 374 2279 moderantur
393 2226 507 2289 actiones;
531 2224 586 2275 ticet
604 2226 680 2290 specie
702 2223 816 2275 differant.

27 2299 78 2348 'sicut
91 2300 122 2350 ad
136 2299 245 2363 iustitiam
260 2298 348 2363 pmprie
361 2298 458 2365 pertinet
471 2297 577 2349 cohibere
589 2294 735 2360 bominemt
749 2295 818 2357 furto,

27 2371 43 2419 d
54 2371 118 2434 quod
135 2371 215 2436 atiqruis
226 2371 346 2422 inclinatur
358 2384 400 2435 per
410 2369 563 2420 inordinatum
580 2381 678 2419 amorem
692 2368 728 2417 sei
737 2379 820 2416 eoncu-

27 2441 157 2494 uiscentiam
167 2444 281 2508 pecnuie3
292 2457 341 2507 que
357 2443 482 2494 moderatur
495 2456 536 2506 per
545 2441 702 2492 liberalitatem
714 2455 720 2489 ι
732 2442 755 2489 et
768 2438 819 2488 ideo

27 2512 145 2565 iberatitas
159 2516 269 2566 concurrit
279 2528 329 2565 cum
341 2514 429 2580 institia
442 2515 468 2564 in
481 2514 563 2565 effectu
582 2511 622 2577 quui
637 2516 673 2562 est
683 2507 822 2563 abstineret

29 2591 90 2637 nuto.
107 2587 137 2636 Et
155 2587 198 2638 boc
216 2588 285 2638 etiam
298 2587 483 2639 considerandum
497 2590 532 2636 est
544 2585 569 2634 io
581 2583 704 2649 prometto.
716 2583 774 2632 Nam
790 2592 822 2631 cx

28 2657 130 2710 tassiorm
141 2659 180 2710 irae
193 2663 326 2723 prouocatur
339 2658 419 2722 adqnis
431 2658 460 2708 ad
474 2659 517 2708 boc
529 2655 590 2721 quot
601 2655 726 2719 gumoens
738 2653 822 2704 inierat

53 2813 91 2878 (1)
108 2814 281 2872 AEquiusientsr
293 2818 316 2860 et
333 2811 442 2872 implicite
457 2810 560 2868 tuatim,
572 2809 624 2856 cuim
643 2810 676 2855 sic
690 2809 723 2855 ait
738 2827 745 2854 a
759 2808 821 2854 sem
853 2859 859 2868 ,

28 2883 65 2924 tut
77 2877 166 2925 stultos
184 2877 305 2929 babeatis,
322 2881 365 2924 oet
379 2876 451 2935 pedm
467 2874 592 2921 odoratast
607 2873 719 2933 patetis,
732 2885 763 2918 aa
777 2873 821 2917 tro

28 2945 116 2992 arescat
131 2941 160 2987 to
167 2940 262 2993 odium,
273 2946 300 2988 ut
312 2941 387 3001 Epist.
397 2941 446 2988 dix
458 2939 536 2987 uidero
547 2943 591 2985 cst.

123 3050 153 3093 Y·
700 3035 733 3082 22
