1934 3284
120 127 167 176 ott
235 137 346 176 areum
359 135 489 186 amnena,
505 135 598 182 oanan.
615 135 687 188 curu,
701 135 757 174 rar.
775 137 803 174 rr.

122 216 150 265 de
170 228 195 265 se
209 213 315 278 frugiter
330 211 406 277 aliquo
421 211 467 263 alio
480 213 582 276 motivo,
599 211 653 278 pull
669 212 698 263 ed
718 211 795 266 doloso
808 212 923 287 decipien-

123 286 194 349 dum3
210 289 234 335 et
253 288 309 334 tune
322 283 395 335 ironia
408 288 444 335 est
458 285 557 348 gravior.

154 357 306 422 ltprimum
329 369 383 420 ergo
408 356 544 422 dicendum,
563 357 625 422 qudd
646 357 704 409 ratio
719 358 757 409 illa
775 358 876 422 procedit
896 359 923 409 de

120 427 194 479 ironia
207 432 230 480 et
241 427 352 493 jactantia
367 427 491 480 mundium
506 429 566 494 qudd
581 429 695 482 mendacii
707 429 806 493 grauitas
819 430 926 482 oonside-

123 504 186 551 rrtnr
194 512 224 550 ex
237 498 312 563 seipso
323 497 361 550 rel
369 512 399 549 ex
412 500 505 550 materia
515 501 580 565 ejus3
597 501 630 552 sie
645 500 706 551 euim
722 501 852 553 dictumest
865 500 926 566 qudd

123 571 275 635 equalitatem
288 571 381 622 habent.

155 643 189 693 nd
199 644 324 694 seeundum
335 643 468 706 dicendum,
482 643 542 708 qudd
557 643 640 709 duplex
653 647 690 696 est
707 644 840 696 excellentia
859 662 866 698 :
881 659 927 696 una

124 714 217 778 quidem
227 715 252 764 in
265 714 427 780 temporalibus
439 715 523 778 mous,
538 715 582 766 alin
595 715 651 767 uerd
659 716 685 766 in
692 715 856 780 spiritualibus.
867 719 928 769 Con·

126 785 194 851 tingit
206 792 282 838 auum
298 788 433 851 quandoque
446 788 507 852 quod
521 788 605 852 aliquis
621 801 663 853 per
681 789 750 838 verta
764 789 879 841 erudera
892 790 928 841 uel

125 858 190 922 sigua
201 859 322 923 protendit
335 859 427 923 quidem
439 860 554 910 delectum
567 859 592 910 in
611 857 762 911 exterioribus
774 860 859 921 rebus,
873 860 929 926 puli

126 943 168 994 per
180 931 279 994 adquam
295 934 383 982 uestem
404 932 516 995 abjectam
531 935 571 982 aut
589 945 630 996 per
644 930 729 994 aliquid
745 932 891 997 huiusmodi,
906 937 929 984 et

127 1015 168 1065 per
183 1003 227 1052 lroc
244 1003 320 1067 ipsum
333 1001 435 1052 intendit
446 1004 565 1054 ostendere
580 1002 679 1066 aliquam
691 1002 849 1054 excellentiam
860 1004 929 1070 spiri-

127 1073 228 1138 tnaleuu3
246 1075 305 1125 slent
314 1073 424 1124 Dominus
435 1074 464 1124 de
472 1073 608 1137 quibusdan
618 1073 687 1135 dieii,
698 1073 801 1138 Marto„
815 1076 859 1139 Vl,
870 1077 929 1140 qurdd

129 1146 307 1197 «exterminant
327 1144 396 1195 laeies
407 1157 474 1209 suas,
493 1150 519 1195 nt
536 1149 662 1210 appareant
674 1145 806 1196 nominituo
821 1147 930 1212 jejunan-

128 1223 172 1270 teo.
186 1236 201 1268 u
215 1220 280 1269 Unde
293 1217 336 1268 isti
352 1216 422 1266 nmul
435 1217 554 1266 incurrunt
566 1217 647 1268 vitium
669 1217 747 1268 ironiae
760 1221 785 1268 et
796 1219 929 1283 jactantia,

128 1295 205 1342 lernen
213 1288 337 1344 oeeuudirm
345 1289 445 1350 diversa,
455 1292 479 1338 et
490 1293 583 1354 propter
593 1291 638 1340 hoe
649 1289 740 1353 grauidis
749 1294 855 1354 peream.
868 1293 931 1344 Unde

127 1366 153 1414 et
165 1363 317 1426 Philosophus
333 1361 390 1414 dieit
400 1360 425 1410 in
438 1360 468 1410 lV
483 1361 567 1412 orote.
585 1360 742 1427 (alienorde),
756 1361 816 1424 qudd
828 1379 842 1410 n
849 1369 876 1414 et
892 1378 930 1414 su·
953 1411 954 1418 ,

128 1434 307 1500 perabundantia
328 1437 352 1484 et
369 1432 437 1484 ualde
461 1433 563 1484 delectus
578 1433 713 1497 Jaetantlum
731 1437 782 1496 est3
803 1450 817 1482 u
837 1439 931 1500 propter

128 1508 189 1572 quod
199 1511 223 1557 et
233 1509 261 1558 de
276 1504 402 1568 Augustino
411 1503 560 1568 legiturqudd
572 1519 646 1569 neque
656 1508 733 1556 uestes
742 1504 931 1570 uimispretiosas
953 1527 954 1562 r

129 1592 204 1642 neque
215 1578 283 1630 niunis
297 1577 398 1640 abjectas
410 1576 494 1628 habere
505 1576 610 1640 uolebat,
620 1577 674 1641 quia
683 1577 709 1628 in
720 1579 816 1640 unoque
826 1579 930 1628 homines
953 1567 954 1597 ¹

130 1663 195 1704 auam
209 1650 302 1713 gloriani
316 1651 431 1713 querunt.

161 1724 196 1774 nd
216 1723 308 1773 tertium
329 1720 466 1787 dicendum,
480 1721 542 1786 qudd
562 1720 622 1770 siout
642 1719 724 1770 dieitur
743 1719 849 1781 Enetos„
867 1723 930 1784 XIX,

132 1793 247 1858 «estqui
262 1791 366 1857 nequiter
386 1807 410 1844 se
423 1794 541 1856 humiliat,
560 1796 583 1842 et
604 1791 713 1842 interiora
726 1792 777 1855 eJur
795 1791 866 1854 plena
882 1797 932 1842 sunt

130 1867 192 1919 dolo.
206 1866 261 1916 »ot
271 1863 396 1916 seeunddm
405 1867 449 1916 hoe
461 1866 569 1918 Selom
582 1863 681 1928 loquitur
690 1864 718 1915 do
727 1875 755 1913 eo
765 1861 805 1925 qui
815 1876 846 1912 ex
855 1864 931 1914 dolosa

131 1939 260 1990 humilitate
274 1936 377 2002 nequiter
389 1950 469 1989 renem
477 1949 543 1988 suam
557 1934 677 1986 submittit,

384 2283 551 2356 OUAESTIO
569 2283 673 2350 dxlv.

150 2395 323 2478 honnullis,
336 2439 389 2486 prro
402 2425 535 2485 affabiliter
549 2425 659 2478 dicitnr,
669 2427 697 2472 tn
710 2424 771 2472 deror
785 2425 907 2471 articulos

482 2498 574 2545 diotre.

158 2649 243 2700 Deinde
258 2649 449 2701 considerandum
467 2652 504 2699 est
521 2647 549 2698 de
564 2646 677 2710 annito,
691 2659 743 2710 que
757 2645 877 2698 affabilitas
890 2643 930 2694 di-

126 2721 199 2781 eitur,
217 2724 241 2770 et
251 2721 281 2772 de
297 2720 362 2772 vitiis
379 2719 506 2786 opponitis,
520 2732 572 2784 qua
586 2729 641 2770 sunt
652 2717 752 2778 adulatio
766 2720 790 2768 et
802 2717 910 2781 litigium.

157 2793 222 2842 Circa
238 2791 363 2842 amicitiam
378 2795 455 2843 autem
470 2805 512 2843 seu
532 2790 687 2840 affabilitatem
707 2794 842 2854 queruntur
863 2791 928 2840 duo:

126 2867 153 2914 l·
171 2861 296 2916 luriunt
309 2863 414 2925 speemo
428 2861 508 2917 dans.
521 2867 549 2912 2⁰
563 2861 643 2915 Uirium
656 2861 686 2918 eit
693 2875 746 2927 pars
753 2861 862 2926 inedito.
