1934 3284
377 132 408 172 nn
423 128 511 175 ww·
798 123 846 171 84¹1

18 208 163 261 videntium
177 209 204 259 ad
225 208 300 258 omnia
314 206 443 258 existentia.
460 206 612 272 uouemus,
627 208 719 259 etiamsi
737 208 846 273 expresse

20 286 76 333 hoo
91 280 211 331 diceretur
223 280 251 329 de
263 280 344 343 raptu,
359 291 406 339 nou
421 278 553 343 designatur
565 278 611 329 nisi
624 279 685 344 qubd
705 292 768 331 emor
781 283 842 331 esset

18 366 105 405 cansa
121 350 213 415 raptrls.

64 424 103 473 hd
113 422 239 475 seeundum
251 422 381 485 dieendum,
397 419 458 484 unbd
469 420 494 471 in
508 420 601 471 homine
616 424 652 471 est
662 422 746 486 duplex
756 424 844 487 appeti·

24 502 87 556 tus,
104 493 194 544 seilicet
207 493 375 555 intellectiuus,
385 492 424 555 qui
435 492 516 542 dieitur
532 492 656 553 uoluntas,
670 498 695 543 et
710 494 842 559 sensilium,

23 566 75 631 qui
96 565 181 615 dieitur
196 564 355 615 sensualitas.
370 564 500 615 dstantem
518 563 635 628 proprium
654 563 742 615 homini
761 569 787 616 ut
799 579 842 631 ep·

23 638 126 704 petitus
144 636 238 689 interior
250 638 357 687 subdetur
370 635 481 701 appetitui
495 634 620 700 superiori,
633 640 657 686 el
670 636 774 701 superior
789 651 844 689 moe

23 712 89 761 neat
108 706 249 759 interiorem.
269 708 393 772 Dupliciter
413 720 467 770 erpo
484 708 553 758 bomo
571 704 695 757 secundina
714 709 843 771 appetitum

23 784 115 846 potest
129 779 178 831 lieri
191 784 254 830 estre
267 779 377 842 seipsum.
392 780 441 829 lluo
451 779 527 839 modo,
541 778 631 841 quando
641 778 754 842 appetitus
768 779 839 831 intel-

23 852 135 904 lectivus
149 851 249 901 totaliter
263 849 287 901 in
302 850 380 901 diuina
393 850 465 901 tendit
479 848 636 913 pretermissis
646 849 683 901 bis
695 850 720 899 in
737 864 789 914 que
802 851 838 902 iu·

24 925 107 975 clinat
123 922 238 986 appetitus
257 922 397 985 sensitivus3
413 926 436 973 el
449 922 482 973 sie
495 921 616 985 hionpsius
627 922 683 972 dieit
695 922 720 974 in
731 923 771 971 lV.
785 936 837 987 oap.

26 999 72 1047 De
88 990 144 1043 div.
164 995 276 1049 Nomio„
295 994 353 1058 qubd
373 994 457 1044 Paulus
477 1006 508 1044 ex
520 992 602 1043 uirtute
616 993 687 1042 diuini
703 993 787 1046 amoris
801 1008 842 1045 ex·

29 1066 107 1118 basim
126 1064 223 1116 iaciente
237 1065 307 1115 dicit:
325 1066 467 1127 oblongo,
479 1065 530 1129 jam
544 1078 590 1114 non
602 1076 654 1128 ego,
669 1064 729 1115 uiuit
742 1064 798 1117 rerd
815 1066 842 1116 in

26 1152 72 1189 me
89 1136 203 1191 Christus.
218 1154 233 1183 n
246 1136 298 1186 Alio
317 1137 397 1199 nmdo,
411 1137 502 1201 quando
515 1133 668 1199 praetermisso
685 1136 789 1200 appetitu
803 1150 841 1186 su-

25 1208 121 1275 periori
131 1209 199 1259 homo
210 1208 308 1259 totaliter
320 1209 390 1257 lentur
402 1208 427 1257 in
440 1220 467 1257 ea
482 1221 533 1271 puae
545 1206 661 1271 pertinent
671 1208 700 1256 ad
710 1207 838 1271 appetitum

25 1281 183 1338 inferiorem
199 1281 266 1333 etsie
282 1298 295 1329 a
308 1280 346 1331 ille
361 1280 401 1345 qui
414 1292 495 1344 porcos
509 1279 586 1343 pavit,
602 1279 645 1329 sub
658 1279 781 1343 semetipso
798 1292 841 1329 ee-

26 1355 99 1406 eidit.
115 1368 130 1401 n
145 1352 173 1402 Et
186 1352 228 1403 iste
241 1365 351 1403 exeussus
366 1353 403 1403 uel
415 1351 500 1403 extasis
515 1351 567 1415 plus
581 1352 748 1415 appropinquat
760 1353 788 1401 ad
801 1365 838 1403 ra-

26 1427 124 1478 tionem
144 1422 222 1488 rapida
240 1423 307 1487 quim
324 1424 428 1487 primus,
443 1421 496 1486 qaia
508 1422 596 1473 seilicet
606 1420 721 1487 appetitus
737 1423 841 1487 superior

27 1502 69 1550 est
87 1495 161 1558 magis
178 1494 267 1545 homiui
285 1495 399 1559 proprius.
414 1494 479 1545 Unde
494 1494 585 1557 quaudo
598 1494 668 1544 homo
681 1506 711 1544 ex
728 1493 837 1545 violentie

26 1567 153 1635 appetitis
167 1566 279 1617 interioris
301 1567 439 1617 abstrahitur
457 1566 546 1619 dmotu
565 1566 680 1631 appetitis
699 1565 838 1631 superioris,

28 1639 112 1704 magis
132 1638 267 1689 abstrahitur
281 1638 308 1689 ab
328 1652 356 1690 eo
374 1640 435 1702 quod
448 1642 482 1691 est
495 1638 540 1691 sihi
552 1638 677 1703 proprium.
692 1638 751 1698 Quia
765 1642 840 1691 tamon

28 1727 83 1765 non
94 1714 131 1761 est
138 1708 169 1761 ihi
179 1709 298 1772 uiolentia,
308 1721 335 1760 eo
345 1709 405 1772 qudd
416 1709 521 1760 uoluntas
528 1713 603 1773 potest
611 1708 717 1760 resistere
725 1709 838 1774 passioni,

30 1782 140 1840 deliniti
156 1795 210 1833 uera
226 1780 314 1833 ratione
327 1780 406 1845 raptis
412 1818 421 1844 ,
437 1780 481 1833 nisi
496 1780 554 1832 lortb
567 1786 614 1832 laur
625 1784 749 1833 rebemens
762 1782 839 1845 passio

31 1860 81 1921 sit,
98 1853 159 1919 qubd
172 1867 239 1905 usum
259 1852 353 1903 rationis
365 1853 464 1903 totaliter
476 1852 554 1917 tollat,
569 1852 629 1903 sieut
639 1852 753 1915 contingit
763 1853 788 1902 in
801 1852 838 1905 hie

30 1931 77 1998 qui
92 1929 186 1991 propter
200 1923 367 1975 vehementiam
380 1924 419 1975 ira
433 1925 470 1975 uel
489 1923 574 1975 amoris
589 1924 715 1975 insaniunt.
731 1922 840 1976 Conside-

32 2002 136 2055 randum
152 2002 229 2050 tamen
247 1996 306 2061 qubd
326 2000 420 2059 uterque
443 2009 551 2047 excessus
571 1994 839 2059 seeunddmuppetiturn

33 2073 157 2132 existens,
175 2072 250 2134 potest
266 2081 360 2121 causare
378 2081 497 2119 excessum
509 2066 670 2130 mguossitiue
684 2066 789 2129 uirtutis,
802 2067 840 2120 uel

34 2146 95 2212 quia
108 2155 173 2194 mens
186 2143 215 2193 sd
230 2144 334 2205 quasdam
352 2140 503 2205 intelligibilia
516 2140 618 2205 rapiatur
624 2177 633 2204 ,
647 2140 747 2191 menate
759 2138 773 2190 t
785 2152 839 2191 sen·

35 2220 117 2277 sibus,
129 2213 165 2265 rel
177 2214 229 2277 quia
243 2213 343 2277 rapiatur
357 2214 385 2265 ad
398 2213 498 2278 aliquam
512 2211 667 2276 imaginariam
678 2210 789 2263 abionem
798 2224 840 2261 seu

35 2284 206 2353 phantasticam
219 2284 395 2349 apparitionem.

72 2357 106 2409 hd
124 2356 214 2407 tertium
226 2356 363 2419 dicendum,
374 2356 435 2419 quod
447 2354 508 2407 siout
521 2368 584 2407 amor
593 2357 629 2406 ost
642 2357 718 2407 motus
726 2354 842 2418 appetitis

35 2432 144 2495 respectu
160 2427 230 2491 honi,
241 2428 275 2479 ita
292 2427 360 2479 timor
375 2431 410 2481 est
425 2432 501 2481 motus
518 2427 635 2493 appetitis
652 2429 757 2490 respectu
776 2425 840 2476 unali.

36 2504 104 2554 Unde
113 2500 192 2551 uadem
200 2500 290 2550 ratione
299 2513 327 2550 ex
337 2504 432 2565 utroque
444 2504 519 2565 potest
532 2498 620 2551 causari
630 2510 737 2549 excessus
748 2498 840 2561 monde,

36 2572 165 2639 presertim
176 2570 227 2622 edm
237 2571 305 2622 timor
317 2585 347 2625 ert
359 2585 434 2623 aurore
444 2570 627 2635 nannetensium
637 2568 841 2636 heambuasdicit

37 2646 100 2697 xlv.
110 2644 146 2694 De
157 2644 234 2695 Civit.
252 2644 308 2697 Dei.
