1934 3284
187 231 219 268 ou
234 228 357 282 mmsis,
375 231 430 276 oua
447 229 719 270 murmurmurmur.
807 222 854 269 ιιι

60 306 194 371 Quandoque
215 310 292 358 mmou
312 312 405 374 propter
424 298 521 372 aliquod
537 309 621 359 bonum
645 321 799 374 consequeus,
817 310 854 362 uel

59 381 145 442 propter
158 379 252 443 aliquod
269 381 355 430 mulum
367 379 547 439 excludendum,
563 393 609 431 uou
622 381 722 444 refugiet
739 381 854 432 virtuosus

59 461 97 500 cos
111 449 194 512 quibus
213 450 318 501 conuiuii
330 451 481 514 contristare,
495 456 522 501 ut
539 449 690 516 Philosophus
711 452 766 502 dicit
785 451 810 502 iu
823 452 853 501 iv

59 521 140 572 didio.
154 522 197 584 (ut
205 521 273 586 supuda
284 526 309 586 ι,
325 524 384 575 uude
395 526 419 575 et
429 523 550 588 amiotus
560 523 625 582 dicio,
636 525 656 574 11
665 524 701 574 od
717 526 786 581 Cor„
797 524 853 574 Vit:

60 592 106 642 «Si
114 592 248 643 contristavi
259 607 301 644 uos
314 594 339 644 iu
350 595 459 658 epistola,
473 607 519 645 nou
528 607 565 645 me
578 595 673 659 pmuitet
681 612 688 659 ;
697 611 711 643 u
719 599 742 646 ot
755 597 834 660 postea
847 610 854 645 :

59 665 186 727 «Gaudeo,
201 665 311 729 nunquia
324 666 450 718 contristati
458 667 523 730 estis,
539 668 579 717 sed
592 667 645 730 quia
658 667 786 722 contristati
796 666 856 717 ostis

59 736 84 786 ad
95 735 264 800 pmuiteutiamss
275 753 289 784 o
303 737 333 786 Et
347 737 400 789 ideo
412 738 449 789 his
462 737 502 801 qui
516 743 570 788 suut
582 738 650 802 proni
663 737 689 788 ad
704 739 855 802 peccandum,

58 819 101 858 uon
114 807 227 858 dehemus
238 808 334 860 hilarem
349 810 436 859 ruituro
452 811 572 860 ostendero
589 811 616 861 ad
632 822 672 860 eos
689 809 854 869 delectandum,

58 891 85 929 uu
98 879 220 930 uideamur
232 892 309 930 eorum
327 884 419 945 peccam
431 881 575 944 consentire,
585 885 609 932 ot
622 882 786 944 quodammodo
798 893 855 944 pec·

58 950 121 1000 modi
132 950 253 1001 audaciam
267 951 407 1015 ministrare3
422 953 482 1002 undo
499 952 580 1002 dicitur
593 953 685 1002 ddccter.
700 966 751 1003 ru:
768 969 782 998 u
794 951 857 1002 Filiae

58 1021 98 1141 {ibi
107 1025 171 1144 sung,
179 1035 248 1143 affusa
259 1036 341 1087 corpus
346 1023 446 1097 idprum,
455 1028 479 1074 et
490 1037 537 1075 uou
547 1024 655 1076 ostendas
669 1023 762 1074 hilarem
773 1025 855 1074 taciem

68 1106 148 1144 uamu
178 1107 187 1142 ι
204 1107 240 1144 as.
250 1109 264 1140 ι)

354 1203 512 1255 duduconis
529 1205 557 1255 11.
644 1237 647 1244 ·

168 1326 254 1373 Uariam
266 1328 402 1385 eujusmodi
411 1329 520 1374 amicitia
529 1329 561 1373 sit
574 1329 747 1385 porsjustitim.

86 1457 122 1508 ad
138 1454 264 1506 secuudum
279 1453 313 1505 sio
325 1454 462 1518 proceditur.
478 1455 572 1506 Videtur
588 1454 648 1520 quod
661 1455 793 1520 hujusmodi
803 1455 859 1506 ami·
943 1485 946 1491 2

57 1528 109 1578 citio
126 1539 177 1577 nou
188 1526 218 1576 sit
228 1539 282 1589 pars
292 1525 396 1589 justitie.
412 1527 566 1593 adjustitiam
576 1527 637 1577 enim
652 1526 752 1591 pertinet
765 1527 858 1578 reddere

58 1599 160 1651 debitum
173 1598 307 1648 aiterioSed
325 1599 369 1648 troo
388 1599 547 1663 conpertinet
562 1599 662 1649 adhunc
679 1599 802 1661 uirtutem,
821 1601 860 1650 sed

58 1671 133 1722 sotium
143 1668 309 1721 detectabititer
317 1669 368 1720 aliis
378 1669 509 1720 couriuoro.
521 1671 580 1734 Ergo
590 1668 720 1734 hujusmodi
734 1669 806 1720 virtus
816 1683 862 1720 nou

59 1746 160 1806 estpars
173 1739 277 1804 justitie.
908 1736 910 1742 '

89 1820 113 1865 a.
131 1815 260 1877 Proteum,
279 1811 403 1864 secuudum
417 1813 580 1877 Podosophonu
595 1814 618 1863 in
632 1815 662 1862 tv
677 1814 761 1864 didio.
777 1812 863 1873 (utsu-

60 1888 130 1951 pra),
146 1884 280 1949 hujusmodi
295 1885 370 1935 uirtus
383 1885 558 1936 oousistitciroa
569 1885 739 1937 delectationem
755 1885 792 1936 uel
806 1885 862 1935 tris-

59 1959 148 2018 titiam,
165 1971 217 2021 qum
230 1961 267 2008 ost
280 1957 303 2006 io
317 1958 431 2009 convictu.
446 1959 491 2008 Sed
513 1958 624 2008 moderari
638 1958 748 2008 maximas
764 1957 862 2009 delectu-

59 2032 135 2082 tioues
146 2029 249 2095 pertinet
258 2031 286 2080 ad
295 2029 480 2094 temperantium,
493 2032 519 2080 ut
530 2029 598 2094 sopri
611 2029 713 2080 habitum
728 2032 763 2080 est
778 2029 825 2093 (t,
837 2033 861 2092 a,

60 2119 100 2168 qu.
115 2108 157 2164 ιιι,
170 2105 213 2152 art.
226 2106 250 2162 o,
265 2105 288 2153 et
300 2116 340 2167 qu.
352 2105 397 2166 61,
412 2105 455 2152 art.
467 2101 505 2165 a).
516 2102 577 2164 Ergo
590 2103 639 2152 traco
654 2101 726 2150 uirtus
740 2104 774 2151 est
792 2099 864 2164 magis

59 2189 113 2240 pars
128 2173 287 2238 temporariis
305 2173 373 2236 quim
385 2173 490 2237 justitia.
750 2173 754 2181 '

95 2252 117 2297 d.
134 2249 265 2306 Praeterea,
275 2245 371 2309 aqualia
381 2245 532 2312 inseparalibus
542 2242 649 2294 exhibere
662 2246 739 2294 contra
749 2243 862 2308 justitiam

63 2322 116 2382 ost,
131 2322 158 2368 ut
173 2315 242 2380 sopra
257 2315 358 2365 habitum
376 2320 411 2367 est
426 2318 475 2382 (qu.
490 2321 528 2377 to,
544 2319 587 2366 art.
598 2315 648 2377 dt).
661 2315 719 2378 Sed,
736 2316 795 2365 siout
808 2317 865 2365 Pht-

60 2391 170 2456 losopiuus
185 2386 243 2438 dicit
255 2386 281 2436 iu
293 2388 323 2437 tv
338 2388 422 2438 ditio.
436 2389 472 2453 (ut
481 2387 570 2454 supra).
585 2389 637 2438 heo
650 2386 723 2436 uirtus
739 2385 866 2437 «similitor

62 2465 90 2514 ad
104 2465 174 2512 notus
189 2462 213 2509 et
230 2458 334 2522 ignotos,
344 2463 368 2511 et
381 2463 503 2510 consuetos
521 2463 544 2510 et
562 2459 709 2508 inconsuetus
722 2461 862 2523 operatur.»

62 2533 120 2597 Ergo
137 2533 187 2581 haro
202 2529 274 2578 virtus
293 2542 338 2579 ooo
352 2533 388 2580 est
403 2543 456 2595 pars
467 2529 576 2594 justitie,
590 2529 630 2579 sed
649 2527 720 2590 magis
740 2529 762 2578 ei
774 2531 865 2580 coutra-

62 2603 141 2654 riatur.

91 2675 136 2736 sod
146 2675 277 2735 conticuit,
286 2672 346 2736 quod
358 2672 482 2724 Macrobius
493 2673 548 2738 (lib.
559 2673 569 2722 l
580 2672 663 2736 Super
670 2673 798 2722 somnium
813 2673 866 2722 Sci·

63 2749 154 2811 pionis,
169 2759 223 2810 cap.
234 2745 270 2810 ιι),
284 2745 349 2810 pouit
358 2745 482 2795 amicitiam
495 2749 584 2810 partem
596 2742 701 2808 justitie.

96 2819 259 2879 (Goumosuo.
268 2843 300 2853 -
310 2815 427 2876 Amicitia,
439 2815 491 2867 edm
501 2816 530 2867 sit
540 2816 567 2866 ad
577 2815 672 2866 alterum
686 2813 812 2866 secuudium
827 2813 868 2864 ali-

65 2901 129 2951 quam
148 2888 221 2939 debiti
241 2887 368 2952 rationum,
384 2892 420 2939 est
437 2901 490 2953 pars
510 2887 622 2953 justitia,
637 2891 661 2938 et
677 2887 736 2938 siout
749 2885 868 2950 principali
