1934 3284
144 176 190 226 ιιι
229 187 336 225 securum
351 186 478 237 securum,
494 186 586 232 ouum.
600 184 721 237 cmrnr,
734 186 789 224 rer.
802 186 853 223 mu.

176 268 198 313 t.
214 264 333 325 Praeterea,
343 263 416 327 majus
427 265 461 313 εει
471 263 545 313 lucere
553 261 621 326 qulm
631 262 771 327 promittere.
781 262 827 313 Sed
839 260 937 323 religiosi

143 336 181 399 qui
196 338 248 385 suut
261 334 303 385 sub
316 336 425 398 potestate
436 334 594 398 prelatorum,
609 338 704 397 possunt
717 333 792 397 aliqua
803 334 874 385 tacere
890 333 939 383 sino

143 406 232 456 licentio
247 418 337 457 suorum
354 406 510 467 prelatorum,
528 403 581 469 pull
595 404 671 456 dicere
688 404 775 468 aliquos
792 404 889 469 psalmos
903 406 937 454 uel

143 478 216 527 lacere
227 476 313 541 aliquas
324 475 477 526 abstinentias.
487 477 545 538 Erqo
554 474 642 525 uidetur
651 475 711 539 quon
725 474 796 526 mullo
806 476 877 539 mrqis
887 490 937 541 pos-

143 550 196 599 sunt
213 547 342 612 hujusmodi
356 548 399 598 lleo
413 548 517 597 uouenrlo
528 545 669 610 promittere.

176 622 197 668 ι.
213 610 339 681 Praeterea,
354 618 491 683 quicumque
507 617 561 668 tacit
575 618 634 682 quod
647 616 737 682 dejure
754 619 828 671 lacere
840 632 885 669 nou
898 632 938 683 po·

143 694 196 755 test,
209 695 296 755 peccat.
309 690 352 743 Sed
367 690 450 741 subditi
463 702 508 741 non
518 694 613 753 peccaut
625 690 745 753 vovendo,
758 689 871 753 quiahoc
885 704 940 739 uun-

143 777 211 827 quam
222 762 336 814 inuenitur
345 762 490 829 prohibitum.
506 762 565 826 Ergo
576 761 664 812 uidetur
673 760 735 825 quod
746 761 773 811 de
784 761 836 826 jure
847 767 940 826 possunt

144 847 236 886 vovere.

174 907 218 958 Sed
232 910 309 958 contra
324 910 371 969 est,
384 907 443 969 quud
457 906 575 961 Numer„
588 906 664 969 xxx,
681 904 801 955 mandatur
819 904 880 969 quod
895 923 909 953 u
925 908 941 955 si

145 980 263 1031 mulier-in
275 980 342 1031 doruo
359 977 430 1043 patris
448 977 483 1027 sni
501 980 525 1027 ει
538 978 611 1028 adlruc
624 977 647 1027 in
664 976 759 1040 puellari
775 982 844 1029 etate
860 979 940 1043 aliquit

143 1053 247 1117 roserit,
266 1066 311 1103 uon
325 1056 415 1102 tenetur
429 1064 467 1099 rea
483 1049 545 1113 uoti,
561 1049 606 1099 uisi
618 1052 682 1114 pater
696 1049 746 1112 ejus
757 1051 912 1114 consenserim
926 1071 938 1098 u

143 1128 165 1174 ot
173 1126 232 1174 idem
246 1124 301 1173 (licit
314 1124 341 1173 de
353 1121 444 1172 muliere
453 1121 550 1171 habente
563 1120 645 1171 uirum.
657 1122 730 1184 Ergo,
742 1120 792 1184 pari
801 1121 890 1173 ratione
902 1137 939 1172 ner

143 1196 192 1247 nliae
205 1208 305 1261 personae
320 1194 411 1245 alterius
428 1193 535 1259 potestati
545 1194 651 1256 subjecte
664 1198 761 1259 possunt
776 1207 802 1244 se
818 1199 875 1247 uoto
888 1194 941 1245 ohli-

143 1280 205 1329 qure.
794 1295 796 1298 -

175 1336 337 1403 (Conclusio.
347 1336 435 1386 -Non
450 1338 525 1400 polest
535 1334 648 1398 quispiam
664 1336 729 1385 alteri
738 1336 856 1399 sublectus
866 1353 892 1391 se
905 1352 941 1403 per

143 1412 220 1460 uotum
233 1408 324 1459 lrrmiter
338 1408 435 1473 obligare
447 1408 470 1457 in
482 1406 518 1457 lris
531 1406 556 1455 in
572 1406 654 1469 quihus
670 1406 734 1459 alteri
748 1408 885 1476 subjicitur,
895 1411 941 1462 siue

143 1482 179 1533 sui
192 1479 315 1544 superioris
330 1481 461 1541 consensu.)

175 1554 309 1617 Responleo
321 1552 447 1615 dicendum,
459 1549 519 1615 quoo
529 1550 588 1601 siout
602 1548 670 1614 supri
681 1549 766 1601 dictum
779 1555 828 1616 εει,
844 1571 859 1601 rr
868 1559 942 1606 uotum

143 1628 179 1676 est
196 1623 316 1689 promissio
334 1625 435 1688 quadam
455 1624 500 1675 lteo
514 1622 582 1674 lauta.
599 1638 613 1669 u
628 1622 708 1672 Nullus
725 1627 801 1673 eutem
816 1628 894 1689 potest
907 1640 942 1690 peu

142 1697 317 1763 promissionem
335 1709 358 1745 se
375 1693 469 1747 firmiter
482 1694 580 1757 obligare
594 1694 621 1744 aul
635 1694 658 1743 in
673 1694 733 1759 quod
743 1698 779 1745 cst
792 1694 815 1744 in
830 1700 942 1760 potestate

143 1769 250 1829 alterius,
266 1770 303 1819 εει]
319 1767 390 1817 solirm
406 1768 432 1816 nd
452 1766 474 1817 id
488 1767 547 1830 quod
559 1769 595 1815 est
608 1766 700 1817 omniuo
718 1766 742 1815 in
755 1780 796 1817 uua
809 1772 940 1831 potestate;

143 1841 279 1907 quicumque
294 1842 369 1889 autern
383 1841 418 1888 est
434 1837 548 1901 subjectus
561 1836 643 1899 alicui,
654 1840 763 1900 quantum
781 1838 809 1887 od
825 1837 849 1888 id
861 1840 885 1891 iu
899 1853 941 1903 quo

143 1917 178 1963 est
189 1912 313 1974 subjectus,
326 1924 370 1959 non
385 1912 419 1959 est
434 1922 481 1959 sue
491 1908 610 1971 potestatis
624 1909 698 1960 lacere
712 1910 771 1972 quorl
781 1910 840 1973 uult,
853 1913 895 1963 εει
905 1914 941 1962 de-

142 1984 227 2049 pendet
239 1995 267 2032 cr
281 1982 398 2031 uoluntate
413 1978 506 2031 alterius
515 1996 521 2029 z
530 1984 555 2031 et
565 1978 617 2031 ideo
630 1994 676 2031 non
685 1985 762 2045 potest
772 1995 798 2032 se
811 1988 941 2046 pernotum

143 2054 237 2105 tirmiter
253 2053 353 2116 obligare
364 2052 388 2101 in
406 2053 444 2103 tris
457 2052 481 2101 in
497 2051 579 2117 quibus
595 2052 660 2103 alteri
678 2052 812 2120 subjicitur,
825 2055 878 2107 sine
891 2069 942 2106 eou-

143 2138 211 2177 sensu
225 2124 260 2176 sul
277 2124 407 2190 superioris.

175 2196 314 2264 ltprimum
326 2210 380 2260 ergo
390 2196 523 2259 dicendum,
536 2194 595 2261 quod
606 2197 649 2247 sul
661 2196 812 2261 promissione
825 2199 874 2251 lleo
884 2201 941 2249 lacta

144 2283 188 2322 non
201 2269 260 2321 eadit
272 2268 317 2321 nisi
326 2270 386 2333 quorl
398 2270 433 2319 est
442 2268 576 2330 virtuosum,
585 2271 611 2319 ut
620 2268 687 2332 suprl
696 2268 782 2319 dictum
791 2272 827 2320 εει
842 2272 899 2335 (art.
910 2273 939 2331 ι).

142 2342 183 2391 Εει
200 2345 275 2391 autem
295 2345 374 2392 contra
392 2340 511 2400 virtutem,
524 2343 550 2388 ut
566 2339 589 2389 id
613 2341 674 2402 quod
695 2343 731 2390 εει
748 2340 859 2403 alterius,
876 2344 941 2393 homo

143 2412 223 2461 ollerat
232 2412 286 2470 lleo,
298 2415 322 2461 ut
332 2408 400 2474 suprl
412 2410 544 2459 dictumest
555 2410 607 2474 (qu.
627 2414 666 2471 ³2,
677 2412 720 2460 art.
739 2409 783 2471 l):
799 2415 823 2461 ει
834 2410 887 2463 ideo
899 2425 942 2461 non

142 2484 218 2546 potest
228 2482 320 2532 omnino
335 2482 418 2531 salvari
426 2481 483 2531 ratio
498 2481 555 2544 uoti,
569 2480 621 2531 clm
632 2481 683 2543 quis
694 2482 718 2531 iu
726 2484 840 2545 potestate
849 2482 940 2534 alterius

143 2552 291 2616 constitutus,
307 2556 375 2603 vovet
392 2553 490 2617 inquot
509 2557 544 2603 eet
557 2553 582 2602 in
599 2557 711 2617 potestate
725 2553 819 2603 alterius
836 2554 883 2605 nisi
900 2554 940 2603 suo

143 2622 308 2685 conditionem
318 2623 356 2673 ille
366 2626 393 2673 ud
402 2626 466 2687 eujus
475 2628 610 2688 potestatem
620 2626 729 2687 pertinet,
735 2638 782 2677 non
789 2625 938 2676 contradicat.

174 2696 207 2745 ild
221 2697 343 2745 secuudum
354 2696 488 2759 dicendum,
503 2694 562 2760 quoa
576 2709 604 2747 ex
613 2710 658 2759 quo
671 2698 740 2749 homo
751 2696 815 2747 uenit
826 2698 857 2747 ad
871 2709 940 2747 arruus

143 2765 280 2829 pubertate,
291 2766 311 2815 si
325 2766 353 2815 sit
366 2766 441 2817 liberae
454 2769 604 2830 conditionis,
619 2774 655 2819 est
663 2783 710 2819 sure
722 2768 856 2833 potestatis,
867 2783 937 2833 quan·

142 2840 190 2887 turn
202 2838 229 2887 ad
241 2851 268 2887 ea
278 2850 328 2901 que
339 2836 454 2901 pertinent
467 2841 495 2891 ad
503 2852 570 2894 surm
578 2852 710 2902 personam,
720 2839 777 2903 puta
785 2839 847 2903 qutrl
857 2842 941 2904 obliget

144 2920 167 2964 εε
181 2907 283 2979 religioni
294 2911 434 2980 pernotum,
448 2910 484 2959 vel
496 2908 558 2980 qutrt
571 2909 740 2980 matrimonium
752 2912 940 2979 mutretet3uon
