1934 3284
287 154 318 191 nu
333 150 422 191 enarre
437 153 587 193 emanatura.
789 148 836 197 Vos

18 226 130 279 ationis
139 227 239 291 Spiritus
249 228 321 279 sancti
333 230 432 293 pertinet
441 230 501 294 quod
512 243 558 282 uon
572 232 646 283 solium
664 233 759 297 impleat
771 247 836 285 mou-

17 313 70 349 ,em
83 296 181 349 lumine
191 300 323 363 prophetico
333 304 356 351 ct
363 303 507 365 phantasiam
516 303 648 367 imaginavit
659 304 747 355 visione
759 305 836 367 (seut

17 374 72 420 erat
91 369 121 419 in
135 371 211 421 veteri
222 371 367 424 Testamento
377 381 382 435 t
393 374 511 425 sedetiam
523 374 734 440 extorihslinguam
748 378 836 428 emdiat

17 445 44 492 nl
64 440 137 491 varia
151 442 219 505 sigua
233 442 371 493 locnhonum
383 446 526 509 proterenda.
538 448 602 505 Quod
615 449 690 497 totum
698 447 724 497 tit
734 447 759 497 in
772 462 832 500 novo

16 516 193 577 testamento,
210 514 334 565 secuudum
355 516 409 567 illud
424 517 442 566 l.
466 518 536 575 Cor„
556 517 606 567 XlV
621 534 628 567 a
646 535 660 566 a
675 519 834 584 Unusquisque

16 584 135 635 restrdm
156 586 264 649 psalmum
283 587 364 650 habet,
379 588 504 637 doctrinam
523 589 607 648 hahet,
624 589 725 653 linguam
745 590 831 654 hahet,

15 656 189 723 apocalypsim
202 657 243 723 (id
257 662 291 709 est
306 660 461 723 propheticam
474 661 650 723 revelationem)
660 662 738 713 hahet.
754 677 769 709 n

53 729 94 779 Ad
109 729 237 778 secuudum
251 728 385 791 dicendum,
400 728 459 793 quod
477 745 518 794 per
528 732 612 782 donum
625 731 751 797 prophetie
763 734 832 785 homo

15 800 151 852 ordinatur
160 798 188 849 ad
198 801 268 849 Deum
281 799 404 851 secundnm
414 806 527 863 mentem,
541 804 599 864 quod
607 806 642 854 est
656 803 754 854 nobilius
764 804 832 867 quim

14 870 133 923 ordinari
145 872 174 921 ad
188 884 239 921 eum
257 871 382 923 secundnm
399 872 509 936 linguam.
529 873 613 923 Dicitur
630 879 705 924 autem
720 873 781 938 quod
793 875 832 927 itte

14 946 64 1010 pui
82 943 188 1007 loquitur
199 941 290 1007 lingui,
309 943 495 1008 «conloquitur
511 944 659 1004 hominihus,
675 961 689 991 u
704 945 789 1007 idest,
804 948 832 997 ad

13 1014 174 1068 intellectam
187 1014 322 1078 homiuum,
335 1016 373 1065 vel
386 1015 507 1066 utilitatem
522 1028 616 1079 eorum3
632 1016 672 1066 sed
688 1017 716 1067 ad
728 1016 832 1069 intellec·

13 1096 74 1139 tum
91 1086 167 1137 solius
178 1087 226 1149 Dei,
237 1090 260 1137 et
274 1087 303 1136 ad
313 1087 402 1138 laudem
414 1088 472 1152 ojus.
483 1087 527 1137 Sed
540 1101 580 1151 per
589 1087 731 1151 prophetiam
744 1088 833 1139 ordina·
882 1149 887 1160 ¹

13 1169 60 1211 tur
79 1156 166 1221 aliquis
179 1162 202 1208 et
214 1159 241 1208 ad
258 1158 329 1208 heum
341 1162 364 1208 et
377 1159 406 1208 ad
423 1159 553 1222 proximum
568 1174 575 1208 ι
588 1159 648 1209 unde
660 1162 696 1209 est
708 1160 831 1223 perfectius

12 1236 130 1284 donum.

53 1302 95 1353 Ad
111 1298 204 1349 tertium
217 1299 350 1361 dicendum,
365 1300 425 1365 qrrdd
439 1301 549 1352 revelatio
561 1300 695 1366 prophetica
711 1314 736 1352 se
749 1304 830 1353 exten·

12 1379 56 1428 dit
75 1372 106 1422 ad
123 1371 200 1421 omnia
211 1372 389 1435 supernaturalia
406 1373 562 1435 cognoscenda
575 1389 581 1421 ε
596 1371 657 1422 unde
670 1381 699 1421 ex
712 1373 763 1437 ejus
774 1387 832 1437 per-

13 1444 135 1499 fectione
145 1442 256 1507 contingit
266 1442 326 1506 qudd
335 1444 360 1493 iu
371 1446 432 1493 statu
448 1443 625 1509 imperleetionis
637 1443 707 1508 hujus
717 1444 771 1495 vite
784 1459 831 1497 non

12 1518 110 1586 potest
121 1513 198 1563 haberi
212 1513 312 1577 perfecte
326 1528 367 1578 per
380 1515 470 1565 modum
484 1514 583 1579 trahitis,
595 1515 634 1566 sed
647 1514 779 1579 imperfecte
789 1529 831 1580 per

11 1588 126 1642 modum
139 1586 256 1649 cujusdam
265 1586 386 1648 passionis.
397 1586 440 1637 Sed
453 1587 538 1637 donum
549 1586 677 1650 linguamm
688 1599 713 1637 se
728 1587 830 1638 extendit

11 1665 49 1714 ad
69 1655 227 1721 coguitionem
240 1657 360 1721 quamdam
374 1658 547 1722 particularem,
560 1657 646 1708 scilicet
658 1671 740 1708 vocum
751 1660 830 1710 huma·

11 1740 133 1787 narum:
148 1729 171 1777 et
186 1729 237 1779 ideo
252 1741 297 1778 uon
311 1732 421 1791 repugnat
437 1728 605 1792 imperfectioni
620 1729 689 1793 hujus
702 1729 756 1781 vitae
769 1729 830 1795 qndd

13 1798 135 1874 perfecte
150 1803 173 1850 et
190 1799 335 1851 habitualiter
348 1800 466 1849 haheatm.

55 1873 98 1925 Ad
115 1872 219 1933 quartum
233 1870 365 1930 dicendum,
375 1869 435 1933 qnod
445 1869 602 1934 interpretatio
614 1877 745 1921 sermonum
754 1875 832 1935 potest

11 1943 111 2003 reduci
126 1942 154 1991 ad
163 1942 246 1991 donam
259 1941 398 2005 prophetie,
413 1940 436 1991 in
450 1944 560 2006 quantum
570 1941 657 1991 scilicet
670 1954 733 1992 mens
746 1942 832 1993 illumi·

14 2024 100 2075 natur
114 2013 145 2062 ad
166 2012 336 2078 intelligendum
354 2016 378 2063 et
400 2015 557 2077 exponendum
575 2026 723 2077 quecumque
740 2015 831 2065 suntin

14 2083 177 2146 sermonibus
192 2084 302 2147 obscura,
318 2084 366 2134 sive
381 2088 473 2149 propter
486 2083 642 2134 difficultatem
656 2096 730 2133 remm
743 2084 830 2148 signill-

14 2168 147 2219 catarum,
165 2155 213 2206 sive
228 2154 296 2206 etiam
311 2159 402 2219 propter
417 2155 479 2220 ipsas
492 2168 559 2207 voces
573 2155 662 2219 ignotas
678 2168 729 2217 que
750 2157 831 2219 prole·

14 2235 115 2290 suatur
126 2263 132 2286 ,
142 2226 191 2276 sive
204 2218 272 2277 etiam
286 2230 378 2292 propter
390 2225 548 2277 similitudines
564 2240 639 2277 rerum
653 2225 780 2289 adhibitam
794 2240 831 2278 se·

15 2302 135 2362 cundum
148 2298 201 2349 illud
220 2300 295 2356 Dan„
309 2301 328 2348 V
347 2314 352 2347 :
370 2316 384 2347 «
396 2298 477 2349 dudivi
491 2300 518 2349 de
532 2302 556 2349 te
568 2297 629 2363 quod
643 2297 718 2362 possis
734 2299 831 2351 obscura

15 2372 187 2437 interpretari,
202 2373 225 2420 et
238 2370 306 2433 ligata
317 2369 449 2421 dissolvere.
464 2387 478 2419 n
492 2370 556 2421 Unde
569 2370 724 2434 interpretatio
742 2383 828 2422 sermo-

16 2460 88 2506 num
100 2444 136 2495 est
145 2442 218 2505 potior
228 2441 295 2504 quam
307 2443 390 2493 donum
401 2442 528 2506 linguarum
536 2458 543 2506 ;
550 2446 576 2491 ut
583 2444 647 2506 patet
657 2454 698 2506 per
707 2441 762 2491 illud
769 2443 829 2505 qnod

15 2515 144 2589 ppotolus
161 2511 216 2563 dicit
231 2513 250 2562 1.
264 2513 299 2562 od
318 2514 388 2570 Gor„
403 2514 452 2563 XlV
468 2528 474 2561 :
491 2530 505 2561 a
518 2512 589 2575 tiator
601 2511 686 2576 estqui
698 2514 827 2577 prophetat,

15 2594 102 2664 qudm
117 2582 157 2647 qui
167 2583 265 2647 loquitur
275 2583 374 2648 linguis,
386 2584 433 2635 uisi
444 2583 502 2637 torte
514 2584 683 2648 interpretetur.
701 2600 715 2631 n
732 2584 829 2647 Postpo-

16 2672 95 2724 nitur
116 2658 191 2706 autem
213 2656 368 2721 interpretatio
389 2669 518 2707 sermonum
541 2657 600 2707 douo
617 2655 829 2720 linguarumque

15 2741 101 2796 etiam
114 2728 143 2778 ad
152 2726 342 2792 interpretandum
357 2726 445 2779 diversa
457 2726 585 2793 inguarum
598 2739 681 2791 genera
693 2727 829 2792 interpreta-

15 2817 58 2868 tio
82 2812 211 2855 sermonum
222 2812 246 2851 se
257 2798 369 2851 excudit.
