1934 3284
149 169 180 216 it
257 175 367 216 smunul
381 172 783 228 nunnnz,uu1ssr.nxm,lnr.
797 176 842 216 su.

147 255 207 308 libus
222 265 269 306 nou
284 252 423 305 conseninnt
431 264 458 302 ce
470 263 523 316 rpus
539 255 595 302 sunt
607 251 744 303 mireum.
758 253 802 303 Seri
815 254 867 304 hec
877 255 950 305 rnnltt

146 325 223 377 minis
232 325 372 378 mureniuut
388 326 436 375 beo
449 337 517 388 uero,
532 325 573 388 qui
585 327 622 376 est
637 339 652 371 u
665 323 769 375 excelms
783 336 854 389 super
868 337 950 377 umnec

146 398 214 448 licus.
235 413 250 444 n
266 396 333 448 Peol.
354 396 430 447 llel.
446 397 494 446 beo
507 396 598 448 violetur
613 395 793 459 reprehensibile
813 408 866 447 esse
889 398 949 459 unbr

146 468 227 532 niquis
243 468 396 533 corporalibus
405 467 574 520 unibuslleuun
585 468 709 531 culut3nun
719 479 775 532 erpo
786 467 950 532 hebeireligic

146 540 274 604 corporales
287 542 359 590 ectus.

177 611 221 662 sen
238 613 317 662 contre
336 613 386 674 est,
398 610 458 675 quun
478 611 504 660 in
524 610 592 662 Post.
612 610 738 675 lxxxiii,
751 611 854 661 licitur:
875 627 891 659 u
907 613 950 662 Cur

147 695 224 734 meum
238 686 260 732 el
275 695 327 734 cero
341 695 392 734 meu
402 683 562 734 exultaverunt
574 682 598 731 in
613 683 685 733 boun
695 681 783 734 visun.
796 698 812 731 n
826 683 872 733 Sed
890 682 950 733 sicu·

148 754 268 806 interiores
281 758 345 807 uetus
354 756 473 820 pertinent
483 755 514 805 erl
523 767 570 817 cur,
581 755 613 805 itu
625 755 738 806 exteriore
745 757 821 808 uuus
834 754 949 819 pertinen¹

150 827 177 878 ud
188 826 288 878 membru
305 828 387 878 cernis.
402 828 460 890 lingo
479 826 570 877 uidetur
581 825 643 890 qubu
659 828 721 878 lleus
734 826 765 877 sit
776 824 886 877 colendus
906 838 950 877 nur

150 897 223 950 solim
239 894 383 950 interioribus
396 897 501 960 actibus,
515 898 555 948 sert
568 896 637 948 etium
651 897 806 948 exterioribus.

184 969 377 1034 (Cunabula-
384 971 436 1021 Nun
445 969 513 1021 morlo
524 968 670 1020 interioribus
679 967 768 1019 nulibus
775 968 827 1033 ipsc
834 968 950 1033 religionis

151 1041 224 1092 uirtus
237 1041 367 1104 perficitur,
382 1041 424 1092 seri
437 1041 508 1091 mum
520 1039 677 1103 exterioribus,
685 1054 731 1092 non
739 1040 950 1106 quilemprincipa·

151 1112 212 1176 liter,
226 1113 266 1164 sed
282 1113 348 1176 quusi
361 1111 495 1166 secundarii
506 1115 531 1163 et
541 1115 567 1162 ut
577 1111 607 1162 eri
620 1111 740 1163 interiores
750 1111 889 1174 ordinetis.)

184 1185 319 1249 Respondeu
337 1183 470 1247 dicendum,
492 1183 553 1248 qubrl
572 1185 619 1236 ileu
637 1182 787 1235 reuerentiam
803 1187 827 1235 et
843 1185 950 1235 honoreus

153 1256 300 1319 exhibemus,
314 1268 361 1306 nun
378 1261 471 1321 propter
485 1255 598 1320 seipsum,
615 1255 669 1320 quie
688 1269 717 1306 er
732 1255 810 1319 seipso
829 1258 865 1306 est
882 1256 950 1320 glorie

152 1328 247 1392 plenus,
266 1325 303 1376 cui
317 1325 373 1377 nihil
388 1326 401 1377 l
415 1329 518 1377 creature
531 1326 600 1392 adjici
619 1329 710 1391 putest3
724 1326 764 1378 seri
782 1330 876 1391 prupter
896 1341 950 1394 nos·

153 1399 207 1463 quia
226 1397 331 1448 videlicet
342 1411 383 1463 per
397 1400 441 1448 hoc
452 1398 513 1462 uubu
531 1400 603 1449 benun
620 1408 751 1449 reveremur
762 1401 787 1448 et
801 1400 950 1463 hunurunnus=

153 1483 218 1520 mens
235 1472 310 1520 nuslru
331 1469 353 1519 ei
368 1469 488 1534 suincilur
503 1473 526 1521 el
539 1471 563 1520 in
576 1471 621 1520 hoc
634 1468 686 1532 ejus
704 1467 814 1532 perfectio
824 1469 932 1519 consistit
947 1485 950 1520 :

153 1540 261 1605 quelibet
274 1541 335 1590 enirn
345 1554 381 1591 res
391 1541 508 1605 perficitur
520 1555 561 1605 per
572 1542 616 1592 huc
628 1540 690 1603 quud
707 1538 811 1590 subditur
827 1553 869 1590 suu
886 1555 950 1604 supe

121 1674 127 1684 ἱ
153 1611 220 1676 riuri3
236 1611 295 1662 sicul
307 1625 388 1676 cuspus
401 1625 442 1677 per
452 1613 497 1664 hou
511 1611 572 1675 quibu
587 1611 712 1660 uiuiilcetur
728 1610 757 1661 eb
768 1611 859 1674 anime,
874 1615 899 1661 et
916 1618 949 1662 aet

153 1697 194 1748 per
207 1684 251 1738 huc
265 1682 327 1746 unul
343 1682 483 1734 illuminatur
497 1683 511 1733 h
525 1682 581 1735 sole.
597 1683 748 1733 humentem
758 1683 859 1733 hunnus
868 1683 949 1746 indigo

154 1754 182 1804 ud
192 1755 238 1804 huc
250 1753 310 1816 qubd
320 1757 469 1819 conjungetur
477 1755 544 1815 Dec,
554 1751 694 1803 sensibilium
703 1753 889 1815 manuductione,
902 1755 949 1818 quir

155 1824 301 1876 «inuisibilia
315 1826 359 1876 Dei
372 1839 413 1890 per
424 1837 453 1875 ee
464 1837 518 1888 que
529 1824 588 1873 lecte
599 1826 653 1873 sunt
668 1824 797 1886 intellectu,
810 1825 949 1889 eunspicinn·

155 1901 201 1956 tur,
215 1910 229 1942 u
245 1900 271 1946 ut
281 1896 404 1959 Apostolus
413 1895 467 1946 dicit
480 1895 517 1944 ud
529 1895 610 1950 llum„
622 1895 642 1943 i.
656 1895 686 1944 lit
694 1894 759 1957 ileu,
769 1895 795 1945 in
806 1896 949 1946 hunccine

156 1979 251 2020 necessu
267 1972 303 2018 est
316 1968 428 2031 aliquibus
439 1964 593 2030 corporalibus
603 1964 646 2027 nti,
657 1969 685 2015 ut
695 1965 729 2016 sis
741 1966 807 2030 quusi
818 1967 890 2030 signis
902 1968 949 2030 qui·

156 2038 250 2090 busdam
267 2051 332 2089 mens
340 2037 438 2088 huminis
446 2036 595 2087 excitetusurl
603 2038 732 2100 spirituales
743 2041 807 2087 ectus
817 2038 898 2101 quihus
908 2040 949 2090 bec

157 2111 312 2175 cunjungitur.
321 2113 351 2161 lit
358 2110 408 2160 ideo
418 2108 498 2171 religio
510 2108 579 2158 behet
588 2108 679 2172 quinon
688 2108 807 2159 mteriores
815 2111 878 2160 ectus
889 2111 949 2174 quasi

45 2185 47 2189 '
157 2181 294 2247 principales
304 2185 327 2232 et
338 2194 378 2245 per
387 2192 412 2230 se
426 2178 593 2242 udrclipiunern
601 2179 757 2244 pertinentes3
769 2179 890 2232 exerimus
900 2181 949 2233 veri

156 2256 232 2314 echis,
247 2253 312 2317 qussi
324 2249 470 2302 mundanos
479 2254 503 2300 et
514 2251 543 2300 erl
554 2249 676 2302 interimus
691 2253 755 2302 ectus
771 2251 894 2303 munte.

189 2323 222 2372 hu
240 2324 337 2387 primurn
351 2333 404 2385 ergu
419 2318 554 2383 dicendum,
569 2319 630 2383 uubrl
646 2321 755 2372 Dominus
769 2320 871 2384 loquitur
880 2334 949 2385 quun-

157 2397 206 2444 lum
224 2394 252 2445 ud
269 2394 293 2444 iri
310 2391 370 2456 quud
388 2393 423 2442 est
439 2390 563 2456 principale
582 2395 606 2442 ct
620 2405 663 2456 pur
677 2403 704 2442 se
720 2391 834 2442 inertum
851 2392 876 2443 in
893 2394 949 2443 cultr

157 2464 242 2516 divine
312 2507 314 2514 ,
692 2496 694 2499 ·

188 2537 223 2586 ld
243 2535 367 2586 mundum
389 2533 525 2598 dicendum,
541 2533 603 2600 quiri
624 2532 756 2598 hujusmodi
773 2535 887 2586 exteriora
908 2549 948 2586 nun

158 2607 292 2658 exhibentur
305 2607 352 2656 ileu
362 2605 428 2670 quusi
436 2605 472 2656 his
481 2606 591 2670 indigent,
598 2605 723 2657 secundini
731 2604 948 2657 illuuPsel.ilLlll:

159 2696 173 2727 u
184 2677 297 2740 Numquid
315 2677 454 2729 manducabo
473 2691 554 2730 munes
567 2682 695 2741 neuun,
709 2681 751 2728 eut
764 2677 895 2741 sepum
907 2680 948 2729 hir-

158 2761 236 2800 corum
248 2748 370 2811 potebuin
386 2750 426 2801 sed
439 2750 575 2813 exhibentur
584 2750 632 2800 ileo
646 2752 754 2812 unquam
768 2747 834 2810 εἰμι
850 2751 948 2812 quedam

158 2817 292 2870 interiorum
303 2823 325 2870 et
337 2820 488 2884 spiribneliuru
502 2833 597 2885 operum
608 2834 659 2884 que
674 2832 716 2883 per
731 2832 758 2870 se
771 2820 831 2870 ileos
843 2824 948 2884 receptat.

160 2889 226 2942 Unde
243 2891 381 2954 lwuslinus
393 2891 447 2945 riou
461 2892 488 2944 iu
497 2893 526 2944 lt.
536 2893 574 2944 ue
587 2891 665 2943 cuer.
680 2891 730 2942 Dei
743 2891 813 2956 (erp.
827 2890 873 2956 ll:
888 2907 902 2941 e
914 2892 948 2942 Se·
