1934 3284
356 216 567 274 memoriast
686 236 690 242 ¹
791 225 838 273 ati

31 312 194 375 necessitatis,
212 309 273 362 siend
293 309 316 362 et
333 311 362 361 de
378 311 472 362 momnis
492 321 608 363 sacmrnm
625 322 732 362 nasorum
753 311 839 364 dictum

31 392 68 437 ecl.
83 387 128 437 Vel
146 386 274 436 excusatur
288 383 398 433 lllnraham
411 382 464 446 quia
478 381 504 432 iu
520 384 564 434 lroe
580 382 676 434 redemit
687 397 752 434 suam
762 398 839 435 rera-

32 459 130 520 tionem3
146 453 257 519 wamiis
273 453 334 504 enim
349 455 441 518 Ephron
458 455 530 518 gratis
542 454 564 504 ei
576 455 714 518 sepulturam
727 455 837 518 edomet,

32 527 152 595 perpendit
165 529 246 576 tamen
255 525 365 576 lineum
375 525 435 588 pudd
447 526 517 588 gratis
524 526 625 590 recipere
633 526 682 577 siue
691 528 837 592 ejnsoilcusu

33 616 73 652 non
83 601 178 665 posset.
190 597 232 647 tus
250 599 326 646 autem
339 597 523 661 primogenitura
537 597 662 648 dematur
674 599 742 649 iacob
755 611 785 649 ex
797 599 836 649 di-

33 673 83 722 vina
95 669 232 732 electione,
249 667 374 718 semunldm
390 666 445 718 illud
460 668 580 724 Mataei..
596 670 623 718 l:
640 685 654 719 o
670 669 742 721 taool
753 669 837 734 dilexi,

36 745 94 794 Esau
107 745 191 794 autem
204 739 257 790 odio
267 737 353 802 habui;
368 755 382 786 n
396 742 421 788 et
431 739 483 789 idco
497 740 557 788 Esau
570 740 672 803 peccarit
688 742 838 804 primogenita

35 815 153 876 neudens;
169 811 326 862 semitutum
341 823 387 860 nou
404 810 511 874 peccavit
519 810 615 860 emendo
623 847 631 874 ,
646 809 699 874 quia
707 811 840 874 intelligitur

35 882 255 936 snnmsexaiiouem
264 881 395 934 redemisse.
407 883 447 932 ins
460 885 538 932 autem
547 882 728 946 patrouotdsper
737 895 763 932 se
771 883 841 934 vendi
859 875 871 894 ⁸

35 970 77 1007 non
95 957 190 1022 potest,
205 965 249 1003 nec
271 951 296 1002 in
313 952 405 1003 mudum
419 953 482 1016 dari3
498 953 538 1003 sed
558 953 706 1003 transituum
723 954 777 1004 iilia
791 969 841 1018 quae

35 1028 141 1079 venditur
156 1025 197 1076 vel
210 1024 352 1074 conceditur.
363 1026 403 1074 lus
417 1027 493 1074 autern
506 1024 624 1088 spirituale
637 1025 763 1089 accipiendi
780 1026 842 1076 deoi-

35 1115 81 1150 mas
98 1111 149 1150 non
165 1095 301 1147 conceditur
316 1095 393 1159 laicis,
412 1097 453 1146 sed
474 1096 630 1147 tautummodo
648 1109 685 1146 rss
706 1096 842 1160 temporales

37 1185 84 1234 que
104 1168 203 1228 nomine
218 1167 311 1218 deduc
328 1167 420 1230 dantur,
434 1171 460 1217 ut
481 1167 550 1230 suprt
567 1167 652 1218 domm
666 1172 702 1219 est
721 1169 776 1232 (qu.
794 1172 840 1230 88,

37 1247 77 1292 art.
88 1241 131 1304 i).
141 1239 210 1290 Circa
221 1237 364 1289 collationem
375 1237 430 1290 ieri
442 1237 602 1290 beneficiorum
610 1238 727 1290 sciendum
737 1242 773 1290 est
781 1238 841 1302 qnod

37 1314 55 1364 si
68 1313 196 1377 episcopus
205 1349 212 1373 ,
221 1313 344 1373 antequam
355 1309 490 1360 heneficium
502 1309 572 1360 alicui
581 1310 696 1372 mutarat,
706 1311 735 1361 oi
744 1311 843 1374 adquam

37 1397 128 1436 canem
143 1380 285 1433 ordinaverit
294 1379 379 1444 aliquid
392 1380 606 1432 subtrahendum‘de
614 1381 726 1431 fructibus
739 1381 844 1432 beneficii

39 1453 181 1518 mulerendi,
197 1455 222 1505 et
235 1452 259 1503 in
273 1452 325 1516 pios
338 1463 395 1503 usus
405 1453 594 1516 expendendum,
612 1466 659 1504 non
675 1457 711 1504 cst
720 1452 841 1516 illicitum3

39 1529 56 1578 si
66 1528 122 1578 rard
136 1527 204 1576 abeo
214 1524 251 1574 cui
262 1524 395 1574 beneficium
409 1525 511 1585 conieci,
524 1523 618 1588 requirit
627 1523 711 1587 aliquid
721 1525 766 1575 sihi
779 1523 845 1576 onii-

40 1599 87 1650 ieri
98 1599 130 1650 de
143 1596 257 1648 fructibus
267 1595 330 1646 illios
339 1595 455 1659 beneficii,
471 1595 532 1646 idem
540 1598 576 1647 est
585 1608 613 1646 ec
624 1596 645 1647 si
655 1595 745 1661 aliquod
760 1609 843 1647 munus

41 1673 67 1721 ab
81 1683 111 1722 eo
130 1668 250 1734 exigeret,
265 1671 288 1719 et
300 1680 347 1718 non
365 1671 428 1718 carel
442 1667 501 1718 sitio
513 1667 625 1720 simonis:

343 1845 504 1898 ARTICULUS
519 1847 548 1897 V.

42 1976 127 2022 [lirim
136 1975 209 2022 {icccc
216 1971 356 2030 spiritualia
363 1971 470 2079 deslrgpzro
476 1981 576 2015 munere
582 1971 645 2028 pecori
653 1975 687 2016 est
696 1973 726 2016 ad
735 1972 843 2029 obsequio

361 2046 388 2078 oe
442 2046 525 2091 tepeo.

71 2166 106 2217 ld
116 2163 226 2229 quintum
237 2160 272 2216 sic
280 2159 410 2224 proceditur
418 2159 461 2224 (t).
470 2159 564 2210 Videtur
571 2158 633 2222 qnod
641 2159 711 2209 licead
719 2159 846 2223 spiritualia

41 2239 93 2288 dere
108 2247 154 2300 pio
165 2245 260 2284 munere
271 2230 333 2294 quod
342 2233 377 2297 esi
390 2231 419 2282 ab
427 2231 582 2294 obsequiovel
594 2230 608 2280 i
620 2231 707 2294 lingua.
717 2230 776 2280 llicit
784 2231 846 2281 enim

41 2305 165 2372 Gregorius
175 2305 200 2354 in
208 2304 341 2368 llcpn'ctro:
353 2302 543 2353 «Ecclesiasticis
550 2301 686 2354 utilitatibus
693 2302 848 2354 deservientes
868 2342 872 2348 .

41 2375 198 2430 c·.clesiastici
210 2375 306 2438 dignum
320 2377 357 2424 est
365 2372 547 2425 commeratione
563 2373 670 2437 gaudere.
682 2389 696 2420 s
709 2373 755 2424 Sed
771 2374 848 2425 doser-

42 2452 90 2502 vire
105 2445 272 2502 ecclesiasticis
287 2444 425 2496 utilitatibus
438 2444 539 2508 pertinet
550 2445 579 2494 ad
589 2457 674 2494 munus
689 2444 717 2494 alr
726 2445 847 2508 obsequio.

42 2523 103 2586 Ergo
115 2521 207 2571 ridetur
220 2518 281 2582 qnod
294 2517 383 2568 licitum
398 2517 428 2568 sii
443 2529 484 2580 pno
498 2515 608 2580 obsequio
619 2520 713 2581 accepto
724 2516 845 2568 ecclesiae

43 2595 86 2646 tica
97 2589 216 2646 beneficia
229 2588 315 2654 largii.

74 2671 97 2718 a.
120 2665 253 2724 preces,
273 2661 333 2712 sicut
349 2660 445 2712 carnalis
459 2659 549 2712 videtur
566 2672 617 2711 csse
640 2659 737 2710 intentio
760 2659 850 2724 siquis

43 2737 165 2790 dionides
181 2731 318 2784 beneficiam
332 2731 509 2787 ecelesiasticam
524 2744 567 2793 pro
576 2735 683 2794 suscepto
698 2730 803 2790 servitio,
818 2731 851 2782 ita

43 2811 113 2862 eliam
127 2804 215 2870 siquis
225 2804 263 2854 del
272 2801 356 2854 intuitu
369 2801 637 2866 consanguinitatisiied
646 2803 691 2852 lnce
701 2815 749 2852 nou
760 2801 850 2851 videtur

5 2979 6 3024 ζ
76 2966 110 3029 (l)
127 2967 164 3013 Dc
173 2961 212 3040 tris
225 2959 297 3006 silem
306 2959 349 3017 li,
360 2955 438 3006 Soet„
454 2955 508 3002 dist.
518 2953 558 3015 ai,
571 2967 611 3012 eu.
623 2955 648 3014 d,
659 2961 703 3000 one.
716 2953 740 2997 3.
