1934 3284
310 160 350 199 na
363 157 569 201 mmmmm:
794 152 839 203 Μ

43 236 138 301 uuae,
149 252 165 285 a
177 234 301 289 ntdicitaa
314 235 558 301 inil.Etta‘e.(cap.
574 236 840 305 t,vela).1>eenpua
916 292 920 306 ,

42 312 115 361 tanum
130 309 240 359 landatur
252 308 297 359 tace
308 308 334 359 in
345 307 466 361 uirtutibus
477 321 529 373 qun
543 307 568 359 iu
581 308 777 374 aiqncdarcuam
789 316 841 363 ten·

43 381 108 442 dunt,
119 380 148 431 in
159 379 245 445 putam
260 379 420 438 difficillimum
434 383 472 431 eat
487 377 616 431 firmitatem
631 394 738 445 sarvam
754 383 841 439 ntideo

41 452 125 516 quinat
137 451 256 503 mannum
270 456 308 506 est
319 452 344 502 iu
351 452 427 516 aliqua
439 453 510 503 ardue
522 451 616 503 firmiter
629 466 655 505 aa
665 454 762 520 hahere,
776 456 841 508 tanta

41 523 311 589 principalinreaamma
318 537 368 588 pun
379 523 440 575 cium
446 523 504 574 iliud
513 522 643 575 firmitatem
653 528 744 589 prestat
752 527 840 579 anime.

40 595 161 646 Difficilius
171 597 252 645 autem
267 597 304 647 est
311 594 405 649 tirmiter
414 609 441 647 aa
453 595 537 647 habete
549 592 575 645 in
588 594 695 659 periculis
707 597 802 659 marna,
816 596 842 649 in

40 666 123 731 quitum
140 666 261 717 confirmat
278 665 379 717 animum
393 666 517 729 inmitando,
531 665 599 730 quam
612 664 636 717 iu
649 666 754 717 maximis
773 669 841 721 bunia

40 737 162 802 sperandis
175 737 214 788 vet
227 736 389 801 adipiaeeudin,
402 738 431 788 ad
441 751 492 802 qnae
505 736 622 787 confirmat
631 736 734 788 animam
742 750 840 803 magm-

40 809 143 873 nimitaa3
151 808 207 874 qnia
214 809 274 861 aient
281 810 350 861 hemo
356 809 455 861 maxima
462 809 536 874 diligit
542 809 613 859 eitam
620 821 695 871 auam,
703 809 736 861 ita
743 810 842 865 maximi

40 879 126 945 refugit
136 878 218 935 mertia
225 879 335 945 pericula.
346 881 447 945 Sicergc
455 884 518 946 patet
530 880 591 945 qued
603 880 779 945 magnanimitas
788 896 842 934 ecn-

39 952 104 1005 veuit
121 966 176 1003 enm
199 952 346 1017 tcrttudiua,
359 953 384 1004 in
405 957 516 1017 qnantum
536 952 654 1004 confirmat
670 952 772 1003 animum
784 954 843 1007 cinca

40 1022 126 1088 aliquid
140 1024 237 1075 arduum
251 1025 352 1087 :ndeiicit
369 1027 444 1075 antem
458 1025 488 1075 ab
501 1038 529 1076 ea
539 1024 563 1075 in
575 1025 619 1075 hcc
629 1022 689 1087 quta
705 1023 780 1075 firmat
793 1024 842 1075 ani·

40 1094 138 1145 mumin
147 1108 176 1145 ee
185 1093 245 1146 circa
253 1098 314 1159 pund
327 1096 415 1148 facilins
426 1098 462 1147 eat
472 1095 601 1147 firmitatem
610 1107 710 1147 seruarc.
719 1096 784 1147 Unda
794 1110 844 1147 ma-

41 1165 181 1229 gnanimitas
195 1166 287 1231 ponitur
306 1181 359 1232 pam
372 1166 526 1231 fortitudinia,
540 1166 579 1233 qui
599 1166 729 1233 adjungitur
742 1166 765 1217 ei
785 1167 843 1221 sieut

42 1238 177 1289 mandaria
188 1238 316 1303 principaii.

72 1310 106 1360 td
123 1310 224 1375 primum
238 1322 292 1373 ergo
309 1310 444 1375 dicandum,
459 1309 521 1375 qnid
538 1310 598 1362 sient
617 1310 769 1375 Philosophus
787 1309 844 1362 dicit

43 1380 66 1431 in
78 1382 108 1432 V.
121 1380 225 1432 Eiteia:
237 1381 341 1433 «Carere
356 1382 410 1432 mali
420 1382 531 1447 accipitur
543 1382 567 1433 iu
577 1382 666 1435 ratione
674 1381 742 1445 bcni3
756 1400 770 1430 u
784 1383 844 1435 unda

41 1456 64 1503 et
72 1466 120 1504 ncn
133 1452 277 1518 superarint
290 1453 363 1519 aliquo
375 1454 439 1517 gravi
456 1454 529 1517 malo,
545 1453 600 1518 puta
611 1453 624 1503 a
639 1452 746 1518 periculis
756 1453 843 1517 martin,

41 1523 153 1589 accipitur
169 1524 334 1589 quedammodo
352 1538 394 1590 pm
404 1538 432 1577 eo
445 1526 506 1590 qnod
525 1530 560 1577 est
572 1525 683 1591 attingere
699 1526 727 1577 ad
739 1539 845 1589 magnum

40 1597 125 1647 bonum
141 1608 256 1668 :quorum
269 1596 368 1661 primum
376 1596 474 1662 pertinet
488 1597 517 1648 ad
527 1597 701 1661 fortitudinem,
712 1598 752 1649 scd
766 1610 845 1649 secun·
953 1586 954 1601 ¹

42 1669 96 1719 dum
112 1668 144 1719 ad
160 1666 381 1734 magnanimitatem
396 1672 420 1719 et
431 1666 557 1721 secundim
571 1670 616 1721 hcc
629 1668 740 1721 tortitudo
758 1672 782 1721 et
797 1682 844 1721 ma-

41 1738 180 1802 gnanimitas
199 1753 241 1803 pm
255 1740 337 1791 ecdem
354 1740 430 1805 accipi
441 1744 546 1804 pansant.
563 1739 621 1801 Quia
636 1745 713 1792 tamen
726 1742 770 1793 alia
785 1741 843 1793 ratic

41 1811 182 1864 difficultatis
195 1812 262 1862 estin
273 1814 368 1875 utroque
379 1813 548 1876 predictarum,
557 1812 610 1865 iden
623 1812 713 1879 proprie
726 1813 843 1878 loquendo

40 1882 218 1948 magnanimitas
232 1880 397 1948 &Philosophia
411 1884 503 1948 ponitur
516 1883 615 1935 viitusi
633 1884 773 1937 fortitudine.
882 1896 892 1929 .’

69 1954 248 2007 insectandum
263 1953 476 2019 dicendum,an
491 1958 578 2007 amator
593 1956 688 2021 periculi
708 1956 791 2009 dicitur
805 1956 844 2020 qui

40 2026 197 2077 indifferenter
211 2038 237 2076 aa
254 2024 360 2090 periculis
377 2026 485 2091 expauit;
501 2027 560 2091 qued
578 2028 666 2077 uidetur
683 2028 797 2093 pertinere
816 2029 844 2079 ad

40 2112 91 2149 cum
103 2097 145 2162 qni
159 2096 318 2149 indifferenter
330 2098 402 2149 multa
411 2098 477 2162 qnasi
491 2112 573 2161 magna
586 2100 702 2150 existimat
717 2100 794 2163 :qued
809 2104 844 2151 eat

40 2165 122 2221 mntra'
138 2169 253 2221 rationem
271 2169 419 2233 magnanimi.
435 2170 516 2221 Nullus
529 2168 592 2220 enim
604 2170 694 2220 uidetur
711 2183 752 2234 pm
769 2169 844 2234 aliquo

41 2256 63 2293 se
77 2241 189 2307 periculis
206 2254 335 2306 exponere,
347 2241 393 2291 nisi
407 2241 462 2292 iliud
477 2254 584 2306 magnum
601 2240 724 2293 existimet.
739 2241 783 2292 Sed
796 2255 842 2307 pro

41 2315 76 2365 his
89 2326 142 2378 qnae
154 2307 211 2365 nere
226 2316 282 2364 sunt
299 2325 381 2377 magna
393 2313 551 2378 magnanimus
563 2312 731 2378 promptissima
743 2326 767 2364 aa
784 2312 844 2377 peni-

41 2385 95 2435 cnlis
105 2384 212 2449 expauit3
220 2384 275 2450 quia
283 2387 388 2449 operatur
399 2400 521 2449 mappam
532 2384 615 2435 inactn
624 2384 771 2447 fortitudinis,
783 2386 845 2437 sicut

41 2456 165 2507 inactibus
175 2456 272 2506 aliarum
284 2456 395 2507 uirtutum
405 2472 411 2506 :
421 2458 482 2512 unae
495 2460 518 2507 et
531 2457 682 2523 Philosophus
696 2457 780 2508 ibidem
791 2457 846 2509 dicit

42 2528 100 2591 qnid
113 2546 128 2577 a
136 2528 298 2592 magnanimus
306 2539 353 2580 nnn
361 2531 397 2579 est
407 2528 605 2593 microkindpuas,
619 2528 648 2579 id
659 2534 707 2585 eat,
717 2542 758 2593 pm
768 2528 846 2593 paruis

43 2599 190 2664 periclitans,
203 2598 249 2649 sed
260 2602 298 2649 eet
309 2600 519 2665 megalnkiudpnca,
532 2600 620 2657 idest,
630 2613 671 2665 pio
684 2598 773 2665 magnis
784 2600 845 2665 peri·
953 2594 954 2605 ¹

43 2670 129 2723 titana
149 2667 209 2721 »m
223 2671 309 2723 Seneca
326 2671 382 2741 dicit
397 2671 422 2723 in
441 2672 481 2722 lib.
501 2672 539 2722 De
556 2680 665 2738 quatuor
681 2672 843 2723 virtutibus:
887 2700 888 2704 =

45 2743 119 2795 «Eris
137 2740 314 2808 magnanimus,
330 2743 352 2795 ai
366 2743 465 2809 pericula
479 2754 523 2794 nec
545 2748 640 2809 appetas
655 2748 681 2795 ut
695 2743 844 2807 temerarius,

44 2828 83 2866 uec
101 2815 212 2868 formiana
228 2813 333 2868 timidae
348 2832 369 2863 u
383 2817 441 2867 Nam
456 2814 515 2865 nihii
530 2816 634 2869 timidum
656 2817 710 2871 facit
727 2815 841 2877 animum,

45 2884 85 2937 uisi
102 2884 359 2953 repreheuaihitinuitn
371 2886 522 2942 conscicntia.
