1934 3284
124 98 171 147 vll
231 103 340 145 aacurna
357 104 486 157 nonnula,
501 104 594 150 oum.
611 102 709 153 cumr,
723 104 785 143 aar.
802 105 838 143 vr.

120 188 169 237 arte
180 182 267 247 magica
279 194 443 243 nonuunquam
454 172 530 231 lotur‘a
543 192 727 243 praenoscens.»
740 181 790 231 Sed
799 182 848 247 ipae
860 184 919 231 multa

120 254 280 322 prenuntiavit
290 266 356 315 vera,
372 253 430 303 siem
443 258 479 303 est
488 252 511 301 id
520 252 581 315 quod
594 252 690 301 liabetur
704 252 834 309 Numer..
843 254 918 305 nri:

121 346 136 377 ιι
150 328 240 379 Urietur
251 326 314 377 stella
329 338 359 375 ex
368 325 444 385 Jacob,
456 328 479 373 et
493 327 615 387 musurget
626 322 691 387 virga
702 324 734 375 de
745 325 834 376 lsrael.
848 327 919 391 oligo

119 400 189 453 etiarn
203 399 320 463 pmptretae
331 399 460 449 damonum
471 396 627 461 praenuntiant
641 408 707 447 vera.

152 472 343 533 depressero—
354 470 472 533 Prophetae
491 468 621 519 demonum
637 482 816 531 nonnunquam
834 472 921 522 venali

120 548 191 607 euul3
204 557 256 608 que
274 548 349 593 tamen
364 554 411 593 non
425 541 516 605 proprie
528 542 558 591 alo
572 538 644 605 ipsis,
660 540 703 591 sed
716 541 803 606 puliirs
821 543 837 595 a
851 545 921 609 Spiritu

120 621 199 668 saneto
214 614 416 679 proficiscuntur.)

153 688 286 751 llespondeo
298 686 419 737 dicendum
426 722 435 749 ,
446 684 508 748 qudd
521 683 581 733 siem
589 698 614 735 se
626 684 695 733 hahet
708 683 813 737 boarum
823 688 848 739 iu
861 691 920 746 reiro,

120 760 153 811 ila
162 774 250 809 uerum
261 760 284 809 iu
296 756 434 821 cognitione.
448 755 591 818 Impossibile
600 760 634 805 est
641 759 721 805 auteur
732 756 843 809 inveniri
855 761 922 822 aliquid

122 832 147 882 iu
164 832 245 893 relius,
261 831 320 894 quod
332 828 431 879 totaliter
446 828 507 877 bono
522 826 642 891 privetur:
656 827 721 877 unde
739 829 818 879 etiarn
836 831 923 893 inpom-

121 902 167 953 lrile
176 906 211 952 est
224 914 276 952 esse
287 901 385 963 aliquam
395 897 609 960 cognitionemque
617 896 720 948 totaliter
732 898 766 948 sit
780 901 844 951 falsa
856 902 924 963 absque

122 974 260 1025 admixtione
273 974 369 1037 alicujus
383 970 496 1021 veritatis.
509 971 574 1021 Unde
585 973 609 1020 et
622 970 685 1019 Beda
699 970 762 1021 dicit
778 973 847 1035 quod
856 992 870 1022 r
879 974 925 1021 nula

121 1050 158 1096 est
171 1045 226 1095 lalsa
237 1044 339 1095 doctriua
352 1057 404 1108 qum
422 1055 468 1092 non
483 1042 605 1105 aliquando
614 1042 691 1104 aliqua
707 1054 769 1092 vera
785 1045 854 1097 lalsis
866 1046 926 1095 inirr-

121 1118 224 1169 misueal.
241 1133 255 1165 o
277 1117 341 1168 Unde
361 1122 384 1167 et
403 1116 453 1179 ipsa
469 1113 571 1165 doctrina
586 1114 734 1177 munuum,
750 1129 804 1178 qua
820 1132 874 1168 suos
887 1131 925 1180 pro

121 1190 203 1255 phetas
219 1189 349 1248 instruunt,
368 1188 442 1251 aliqrra
457 1199 510 1239 vera
528 1186 646 1249 eontinet,
660 1199 702 1249 per
720 1200 779 1249 quae
800 1190 927 1255 receptibilis

120 1263 229 1314 redditur.
244 1262 284 1311 Sir
296 1260 358 1311 enim
370 1260 503 1309 intellectus
517 1259 546 1308 ad
559 1257 641 1307 falsum
651 1257 797 1322 deducitur,
813 1276 858 1325 per
874 1276 927 1324 appa-

120 1335 214 1388 rentiam
231 1332 349 1393 veritatis,
364 1332 423 1383 sieut
443 1330 550 1381 voluutas
566 1330 597 1381 ad
616 1330 703 1379 malurn
717 1344 764 1394 per
778 1337 927 1399 apparentian

121 1405 237 1457 bonitatis.
252 1404 317 1455 Unde
330 1408 354 1455 et
365 1405 540 1469 chrysostomus
550 1400 605 1452 dicit
616 1415 693 1463 rupea
705 1403 814 1456 Mallo.
832 1406 888 1471 (ulii
897 1421 927 1455 su·
945 1431 947 1442 =

120 1478 176 1543 prl)
190 1492 196 1527 :
210 1494 224 1527 ιι
238 1479 377 1529 Concessum
386 1478 422 1527 est
431 1475 520 1527 diabolo
529 1474 642 1523 interdum
654 1486 711 1523 vert
723 1474 809 1529 dicere
819 1517 828 1540 ,
840 1483 867 1529 nt
877 1491 928 1527 men·

121 1550 211 1601 dacium
224 1561 291 1598 suum
304 1546 354 1597 rard
368 1546 463 1598 veritate
477 1546 628 1597 commendet.
643 1562 657 1592 o

152 1620 185 1669 ild
198 1619 295 1684 primum
310 1631 364 1682 ergo
379 1618 516 1680 dicendum,
530 1615 591 1681 quod
604 1617 725 1680 prophete
742 1619 885 1675 daemonum
897 1637 929 1673 uu

120 1706 211 1757 semper
224 1693 346 1754 loquuntur
359 1704 387 1741 ex
406 1692 534 1742 demonum
549 1689 703 1752 revelatione,
714 1692 759 1741 sed
777 1693 898 1746 interdurn
910 1709 929 1744 er

122 1763 269 1829 inspiratione
290 1763 385 1825 divina,
401 1763 460 1813 sieut
474 1759 595 1811 manifeste
610 1760 699 1823 legitur
714 1762 746 1813 de
768 1764 886 1829 Balaam,
903 1766 929 1815 ui

122 1838 204 1889 dicitur
218 1835 327 1886 [lominus
336 1848 386 1885 esse
398 1836 501 1895 loeutus,
514 1834 633 1893 Numer„
647 1832 726 1895 XXll,
737 1833 798 1885 lieet
814 1844 881 1889 esset
891 1852 929 1902 prr*

122 1911 192 1973 plreta
211 1908 354 1969 damonum,
368 1907 423 1971 quia
435 1908 496 1955 lleus
509 1905 579 1954 utitur
592 1902 661 1953 etiam
677 1905 746 1957 malis
761 1909 794 1959 ad
818 1911 929 1961 ulilitaleu

122 1981 241 2031 bonorum.
255 1981 318 2030 Unde
332 1984 355 2030 et
367 1992 408 2043 per
422 1978 545 2041 prophetas
562 1976 691 2027 demonum
705 1976 789 2041 aliqua
808 1996 867 2033 vera
885 1996 930 2045 prr

122 2052 226 2113 uuutial,
243 2056 291 2102 tum
297 2055 331 2101 ut
343 2049 471 2103 credibilior
485 2050 524 2098 liat
538 2048 637 2110 veritas,
651 2062 704 2111 quae
721 2051 801 2101 etiam
814 2068 848 2104 ex
860 2055 931 2106 advor-

122 2124 187 2177 sariis
199 2123 356 2175 testimonium
371 2124 454 2185 habeb,
467 2125 517 2171 tum
533 2120 602 2171 etiam
615 2119 669 2183 quia
682 2118 736 2169 edm
753 2124 872 2177 homines
890 2126 931 2176 talin

121 2198 230 2257 credunt,
250 2210 291 2259 per
307 2209 385 2246 eorum
401 2196 463 2245 diota
480 2194 554 2257 magis
574 2194 603 2242 ad
623 2191 746 2243 veritatem
763 2194 930 2248 inducuntur:

120 2269 181 2319 unda
199 2268 267 2319 aliam
282 2267 374 2332 Sibylla
391 2267 461 2315 ruulta
478 2277 532 2315 vera
548 2264 703 2328 predixerunt
718 2264 748 2315 de
771 2266 883 2321 Christo.
897 2267 931 2317 Sei

119 2340 188 2392 eliam
205 2339 296 2403 quando
308 2339 431 2402 ,propheta
449 2338 578 2388 demonum
592 2334 605 2385 t
618 2336 765 2386 amoribus
776 2338 931 2390 instruunlm.

120 2412 195 2475 aliqua
210 2422 263 2460 vera
275 2409 401 2474 predicunt
407 2446 416 2472 ,
427 2409 562 2473 quandoque
575 2406 667 2471 quidem
680 2406 767 2459 virtute
778 2412 887 2475 propriae
899 2424 931 2459 na·

121 2487 191 2545 ture,
206 2482 271 2545 eujus
283 2484 407 2531 auctorest
420 2480 519 2545 Spiritus
533 2482 642 2541 sanetus3
655 2479 799 2543 quandoque
816 2482 890 2533 etiarn
902 2495 931 2530 re-

121 2554 235 2603 velatione
249 2554 361 2603 bonorum
375 2552 503 2616 spirituum,
520 2556 547 2602 ut
560 2555 623 2615 patet
634 2564 676 2615 per
692 2552 871 2615 dogvrstinum,
888 2553 929 2603 §ll

121 2624 204 2685 Super
217 2626 302 2673 Genus.
322 2624 357 2673 ad
377 2624 419 2675 lit.
434 2626 500 2688 (cap.
516 2624 571 2688 17).
590 2624 620 2673 Et
634 2623 669 2673 siu
683 2622 756 2671 eriam
774 2622 838 2675 illud
854 2638 930 2675 umaro

120 2692 180 2753 quod
191 2694 295 2745 damone
309 2696 443 2758 enuntiant,
459 2694 473 2745 l
487 2694 573 2758 Spiritu
583 2697 662 2744 sancto
675 2696 719 2743 est.

153 2763 188 2839 dd
205 2766 330 2815 seeundum
345 2766 483 2827 dicendum,
499 2766 560 2829 quod
573 2779 643 2817 verus
658 2766 774 2829 propheta
787 2780 887 2833 semper
898 2767 930 2815 iu-

124 2833 221 2892 spnatur
239 2832 252 2882 l
267 2836 349 2897 spiritu
362 2838 465 2889 veritatis
478 2838 504 2889 iu
519 2850 565 2903 quo
578 2836 637 2890 uilril
648 2840 684 2889 eat
697 2835 831 2904 imitatis,
846 2844 871 2891 et
885 2838 930 2889 ideo
