1934 3284
132 155 179 205 tit
227 164 333 204 sacerna
349 164 478 215 muana,
494 162 589 209 oum.
606 160 709 213 canna,
731 160 788 200 aar.
808 162 852 198 un.

133 241 230 295 inanimi
247 241 375 293 intellectus
393 241 510 303 elevatus,
524 244 549 290 et
561 238 690 289 intenditur
701 240 728 288 in
748 251 792 289 san
808 240 873 287 actu.
884 236 932 285 [ruo

134 316 223 365 videtur
236 313 297 377 quiid
311 326 402 377 semper
412 313 451 362 liat
465 326 516 361 cum
527 311 681 361 abstractione
696 309 845 360 amasius.

166 391 190 435 a.
204 383 477 449 Preterea,impossibile
490 386 526 434 est
537 384 598 434 idem
608 382 677 432 simul
691 383 720 431 acl
734 382 863 446 oppositas
872 383 932 444 parte:

132 456 297 507 convertisset
311 456 437 507 invisione
451 454 585 519 prophetica
596 468 664 504 mena
676 454 825 504 murentur
844 457 872 503 ao
886 465 935 500 acci-

133 528 242 592 piendum
255 528 268 578 l
282 528 400 592 superiori.
416 528 475 590 Ergo
490 540 536 577 non
548 529 626 590 potest
639 525 710 575 simu
727 526 840 575 converti
853 526 881 573 ad
894 537 933 571 seir·

134 599 220 663 sibilia;
245 600 397 651 urcmmriuui
416 612 469 662 ergo
489 599 579 648 videtur
595 597 658 661 pubal
679 596 794 648 revelatio
813 597 934 661 prophetica

134 684 224 735 semper
235 672 276 721 iat
285 686 337 722 cum
348 673 501 722 abstractione
512 670 524 718 a
536 670 650 720 sensibus.

167 744 209 794 Sed
224 748 303 794 contra
318 748 364 807 est,
379 745 438 807 qriod
453 741 536 793 dicitur
553 743 570 791 Ι.
587 742 623 791 ud
641 742 715 802 Gor„
729 742 786 792 xlv
802 739 935 804 :caspinus

135 818 297 879 prophetarum
313 815 432 881 prophetis
456 813 553 877 subjecti
577 817 640 863 sont.
657 830 672 861 a
691 814 739 864 Seri
757 816 805 865 boc
831 828 884 865 esse
903 823 935 860 nu

136 892 229 949 posset,
244 887 263 936 si
274 889 383 951 propbeta
398 899 443 937 non
456 889 519 936 esset
532 884 569 934 sui
582 898 676 948 compos
691 885 831 936 usensibus
841 886 937 935 abeuntes

136 957 247 1008 existens.
263 960 319 1021 Ergo
333 958 422 1007 muctar
431 956 493 1021 qubcl
503 956 636 1021 prophetica
644 956 705 1007 visio
716 970 766 1006 non
781 958 824 1007 liat
836 971 889 1007 cnm
898 956 950 1003 atie·

137 1030 228 1079 natione
241 1029 255 1080 a
268 1030 379 1079 sensibus.
948 997 950 1052 Ι

169 1100 608 1165 (coruncano-Euaisiopr'opbetica,
617 1112 664 1162 qua
672 1112 740 1149 mens
748 1101 876 1164 propbeta
887 1099 934 1147 illus-

137 1175 209 1221 tratur
227 1172 312 1223 lumine
332 1172 482 1236 intelligibili,
497 1175 536 1222 ant
556 1171 678 1235 speciebus
695 1170 887 1234 intelligibilibus
906 1170 937 1217 lur-

138 1247 225 1307 matur,
241 1258 285 1295 non
303 1246 327 1294 lit
338 1259 388 1295 cum
409 1244 561 1295 abstractione
578 1244 591 1292 l
607 1242 730 1304 sensibas3
749 1244 796 1292 sod
812 1256 843 1293 ea
863 1245 933 1293 aieniu-v

139 1328 189 1377 qua
207 1315 308 1379 rapiente
324 1316 402 1367 divim
416 1316 500 1366 virtute
516 1316 539 1365 in
552 1326 633 1365 somam
644 1314 682 1363 vel
696 1315 899 1379 contemplatione
911 1326 935 1361 rr·

138 1400 188 1435 rum
201 1387 328 1438 divinarum
344 1402 384 1453 per
398 1388 545 1451 imaginarias
556 1388 640 1436 lormas
652 1385 764 1436 ellicitnr.

170 1460 303 1522 Respondeo
315 1460 450 1521 dicendum,
464 1458 525 1523 qubd
538 1457 598 1508 sient
611 1457 698 1506 dietum
709 1462 749 1506 est
764 1460 773 1519 (
785 1463 833 1508 art.
845 1460 889 1523 a),
902 1468 938 1521 pn

139 1530 229 1593 pbetica
246 1532 354 1581 revelatio
367 1532 392 1579 lit
402 1530 527 1581 seeundum
538 1534 652 1593 quatuor:
666 1528 756 1578 scilicet
770 1532 903 1580 secundum
916 1531 938 1576 ir·

140 1602 225 1649 lluxum
240 1602 389 1665 intelligibilis
401 1602 509 1663 luminis,
520 1600 646 1651 secundum
656 1599 834 1651 immissionem
846 1604 937 1661 intelligi·

140 1672 218 1723 billum
232 1675 374 1738 specierum,
394 1674 520 1725 secandum
534 1673 710 1738 impressionem
728 1674 769 1723 aet
783 1675 936 1725 ordinationes

139 1742 317 1808 imaginabilium
343 1749 482 1808 formarum,
504 1750 528 1795 et
555 1744 680 1795 secundun
701 1746 884 1808 expressionem
904 1747 937 1793 lu-

141 1829 229 1866 marum
251 1820 402 1869 sensibilium.
413 1818 555 1869 Manifestum
571 1822 606 1867 est
619 1821 695 1866 autem
714 1816 780 1881 qubd
796 1833 848 1869 non
866 1819 891 1867 lit
903 1818 937 1864 ais

141 1888 241 1939 tractioa
250 1890 461 1953 sensibus,quando
470 1888 555 1953 aliquid
563 1892 741 1953 representatur
751 1891 831 1939 menti
838 1893 935 1955 propheti

142 1974 183 2023 per
198 1963 286 2027 species
304 1960 437 2024 sensibiles,
451 1960 501 2011 siue
514 1961 542 2010 ad
559 1962 603 2010 boc
616 1960 749 2023 specialiter
763 1960 881 2012 formatas
896 1959 937 2010 oiri·

142 2032 221 2093 uitus,
235 2034 292 2083 sicut
308 2035 376 2084 rubus
392 2036 497 2083 ostensus
508 2033 579 2096 blopsi
591 2032 601 2094 (
613 2031 712 2089 Enod„
721 2031 754 2081 lll
765 2033 786 2096 t,
800 2039 826 2084 et
842 2036 950 2097 scriptun-

142 2107 234 2154 ostersa
247 2105 334 2155 Danieli
348 2105 436 2169 (Dan,
449 2103 501 2167 V);
517 2102 565 2153 sive
585 2102 654 2153 etiam
667 2114 710 2166 per
721 2104 782 2153 alias
803 2110 887 2156 causas
902 2117 936 2168 pm

143 2176 236 2240 (luctas,
255 2178 287 2227 ita
305 2182 383 2228 tameo
402 2176 461 2241 qubd
478 2175 604 2226 secundum
617 2174 718 2225 divinam
736 2177 908 2238 providentiam
920 2189 936 2222 ac

142 2245 227 2310 aliquid
244 2248 377 2315 prophetice
391 2248 564 2311 significandum
584 2247 716 2317 ordinetur,
731 2248 796 2297 sicut
817 2264 863 2313 per
880 2261 935 2299 arran

142 2316 190 2368 Noe
204 2319 372 2383 significabatur
384 2320 494 2370 Ecclesia.
508 2319 621 2371 Similiter
630 2318 698 2369 etiam
711 2325 811 2369 nonest
824 2336 913 2373 necesse
922 2327 935 2364 c:

143 2388 183 2438 liat
198 2391 305 2441 alienatio
315 2391 328 2441 l
339 2392 443 2442 sensibus
452 2391 615 2453 artemonibus,
629 2404 671 2454 per
684 2391 729 2440 boc
742 2391 807 2453 quon
824 2407 889 2444 mens
900 2403 936 2455 pua-

143 2461 218 2524 phetaa
231 2463 354 2513 illustratur
367 2464 504 2527 intelligibili
514 2462 601 2513 lumine
608 2500 617 2525 ‚
636 2466 676 2511 ant
689 2462 807 2512 formatur
821 2463 937 2527 intelligibi-

143 2532 202 2583 libus
216 2535 348 2600 speciebus,
363 2536 415 2599 quia
430 2536 454 2585 in
470 2536 536 2586 uobis
549 2535 676 2601 perlectum
687 2535 806 2599 judicium
822 2537 936 2587 intellectis

143 2603 238 2654 babetur
246 2620 287 2669 per
294 2606 465 2657 conversionem
476 2609 504 2657 ad
514 2607 646 2671 sensibilia,
656 2620 707 2671 que
720 2610 776 2657 sunt
784 2608 863 2671 prima
871 2613 935 2658 nostra

143 2676 281 2736 cognitionis
291 2678 417 2743 principia,
426 2683 451 2727 nt
465 2680 490 2728 in
498 2680 516 2728 l.
528 2678 632 2728 habitum
646 2682 682 2729 est
693 2680 742 2739 (qu.
752 2682 795 2741 at,
807 2683 853 2730 art.
863 2686 893 2738 7,.
904 2682 926 2728 Su

32 2806 35 2814 1
143 2746 233 2805 mendo
245 2747 271 2795 fit
285 2750 393 2808 revelatio
404 2750 539 2813 prophetice
550 2749 677 2799 secandum
691 2749 780 2799 lormas
794 2750 934 2815 imaginarias,

112 2858 114 2863 ,
143 2824 237 2863 necesse
252 2821 286 2865 est
304 2818 353 2868 lieri
374 2820 550 2871 abstractionem
563 2819 576 2869 l
594 2819 716 2882 sensibus,
730 2824 759 2869 ut
771 2822 826 2872 talis
842 2820 933 2887 apparitu

142 2882 327 2945 phantasmatum
344 2902 392 2941 non
410 2891 522 2943 ualemus
532 2890 563 2942 acl
576 2903 605 2941 ea
620 2904 674 2955 quan
688 2889 796 2943 mortus
809 2894 932 2946 murno.
