1934 3284
370 158 403 196 on
419 156 542 196 temris.
811 147 855 196 ebt

53 232 102 284 uitia
114 246 166 284 non
178 237 216 284 est
228 233 328 298 pericle
341 239 466 299 poenituro.
483 237 514 286 nt
530 237 574 286 hoc
586 235 658 288 etiarn
675 235 741 286 modu
757 233 858 300 imponi

52 303 193 368 hugmtinns
208 307 237 356 de
250 307 345 357 arentia
359 308 385 358 in
395 307 531 360 rucwntate
542 308 645 358 indocta.

80 377 148 442 Unde
158 380 224 441 patet
235 378 353 441 responsio
364 381 392 430 ad
403 380 512 444 priunum.

80 449 115 499 hd
128 449 256 500 oeconlnm
265 448 393 514 molum,
406 451 467 516 qubd
477 465 558 502 omncs
568 465 605 502 res
615 452 739 503 exteriores
754 465 806 516 que
819 465 857 503 ve·

52 519 117 570 nient
135 519 162 569 in
178 533 246 570 omn
262 522 369 574 humana
375 523 449 586 uitae,
465 523 557 574 nomine
571 523 673 588 mcuniae
683 523 856 587 intelliguntur,

51 591 198 655 inquantum
216 593 421 646 habentrationenn
438 595 494 646 boni
504 595 576 645 utilis.
595 596 653 645 Sunt
666 597 742 645 autem
754 595 856 659 padam

52 663 167 714 exteriora
183 664 307 727 bonaque
319 669 395 728 potest
409 666 491 730 aliquis
503 665 600 731 pecnnit
611 669 737 729 consequi,
751 667 810 716 sicut
818 679 858 716 vo·

52 734 152 797 loptntes
166 738 191 784 et
199 737 332 786 bonoreset
341 737 533 803 aliahojosmodi‚
548 751 600 801 qus
613 737 698 787 habent
711 737 778 786 aliam
787 735 859 787 ratio·

52 819 105 856 nem
114 807 293 870 appetibititatis
302 813 337 859 :et
344 807 492 860 ileoillcrurn
500 809 616 873 appetitus
625 821 670 858 nou
678 807 769 871 proprie
776 808 859 858 elicitur

52 877 158 935 nunna,
171 877 296 929 mundium
306 879 366 943 qubd
379 885 414 932 est
424 881 505 930 uitium
519 879 629 944 speciale.

81 951 117 1000 hut
127 950 225 1000 tertium
234 951 364 1016 dicendum,
376 952 437 1016 qubd
446 953 528 1002 Glossa
537 952 576 1001 illa
586 949 686 1014 loquitur
697 951 725 1000 de
740 951 859 1015 concupis·

52 1023 129 1072 centia
138 1021 270 1073 inordinato
285 1024 451 1088 cojuscunque
460 1023 511 1086 rei3
523 1026 600 1088 potest
613 1022 674 1073 enirn
687 1021 784 1084 intelligi
798 1023 859 1084 quibui

51 1107 90 1155 per
105 1094 288 1157 prohibitionem
308 1095 499 1160 concupiscentie
515 1109 592 1146 rerum
605 1105 770 1159 possessarum,
782 1094 860 1156 prohi-

52 1164 150 1216 beantor
169 1178 364 1231 quarumcumque
385 1180 460 1218 rerum
473 1165 683 1230 concupiscentis,
698 1177 748 1228 quae
768 1177 810 1228 per
823 1177 859 1216 res

54 1248 177 1296 possessas
189 1238 270 1288 haberi
283 1243 388 1303 possunt.

352 1413 515 1466 runcones
531 1413 569 1465 111.

211 1539 297 1584 Uti-rim
306 1540 413 1585 avaritia
422 1543 556 1597 opponatur
566 1539 714 1585 liberalitati.

83 1667 118 1718 hd
132 1666 230 1717 tertium
243 1668 277 1717 sic
288 1668 424 1731 proceditur.
440 1668 535 1718 Videtur
546 1667 605 1732 qubd
619 1667 714 1718 auaritia
724 1679 769 1716 non
788 1677 861 1729 oppo-

54 1743 121 1789 natur
130 1738 271 1788 liberalitati.
282 1739 339 1798 Quia
348 1740 480 1804 superitlod
493 1740 597 1797 Matilo„
607 1740 643 1788 V:
658 1738 744 1788 ulteati
756 1738 796 1800 qui
810 1751 862 1788 esu·

53 1809 115 1860 riunt
129 1813 154 1860 et
163 1809 244 1860 sitiunt
252 1809 397 1874 justitian·
409 1811 585 1875 chrysostomus
601 1809 664 1872 dicit,
679 1808 741 1873 qobd
754 1809 861 1872 «duplex

53 1885 87 1930 est
105 1881 216 1946 justitia,
234 1894 280 1931 una
295 1882 421 1946 generalis,
436 1886 460 1933 et
479 1882 524 1932 alia
541 1881 660 1945 specialis,
678 1879 717 1930 cni
735 1880 862 1943 opponitur

54 1951 162 2003 ovantia.
177 1969 191 1999 n
206 1953 237 2001 Et
250 1954 293 2003 hoc
307 1952 369 2003 ineu
383 1954 537 2017 Philosophus
550 1952 606 2003 dicit
622 1952 647 2002 iu
666 1953 685 2000 V
700 1952 784 2002 llllu'c.
801 1951 862 2014 Ergo

54 2023 150 2073 ouantia
164 2036 212 2073 nou
226 2023 351 2087 opponitur
364 2024 501 2075 liberalitati.

85 2099 112 2144 Ξ.
126 2096 250 2157 neom,
262 2098 381 2159 peccnm
395 2095 498 2145 ancittae
511 2095 535 2144 iu
543 2097 587 2144 troc
599 2093 706 2144 consistit
718 2091 778 2155 qubtl
788 2093 859 2142 homo

56 2165 198 2216 transcendit
208 2179 340 2216 mensuram
352 2167 379 2217 in
388 2167 456 2217 rebus
464 2165 588 2230 possessis.
600 2165 647 2214 Sed
657 2163 788 2227 hujusmodi
797 2175 863 2213 men·

58 2250 108 2287 sura
127 2237 237 2287 stathtur
257 2251 298 2302 per
313 2238 433 2302 justitiam.
454 2240 513 2302 Ergo
527 2236 622 2287 ouantia
637 2233 722 2285 directe
741 2234 864 2298 opponitur
888 2283 891 2295 ,

56 2306 165 2371 justitia,
181 2310 206 2359 et
215 2321 262 2359 non
275 2309 413 2361 liberalitati.

88 2384 113 2429 3.
128 2380 254 2442 Praeterea,
267 2380 392 2431 liberalitas
398 2385 434 2433 est
442 2381 515 2431 unus
525 2379 598 2431 media
607 2379 667 2429 inter
681 2377 726 2427 doc
736 2377 793 2427 uitia
808 2389 863 2427 cco-

60 2450 144 2512 caua,
159 2454 185 2500 ut
196 2454 262 2515 patet
274 2465 316 2516 per
328 2453 491 2517 Philosophum
506 2452 531 2502 in
542 2453 563 2501 ll
578 2455 601 2501 et
613 2450 643 2500 tv
657 2449 740 2498 Etbic.
753 2450 798 2498 Sed
811 2461 865 2498 aua·

59 2520 110 2572 uitio
124 2535 172 2572 nou
191 2523 261 2573 habet
278 2528 397 2586 peccaturo
414 2523 550 2575 contrarium
569 2525 592 2573 ct
605 2520 749 2585 oppositum,
764 2524 790 2570 ut
802 2525 865 2585 patet

60 2605 99 2653 per
119 2593 286 2657 Philosophum
306 2593 328 2643 in
348 2595 465 2645 Vlltbr'c.
484 2596 543 2658 Ergo
559 2593 653 2644 ovantia
673 2605 721 2642 uon
742 2593 865 2655 opponitur

61 2661 199 2714 liberalitati.

90 2734 134 2786 Sed
148 2738 230 2785 contra
242 2741 290 2796 est,
301 2737 363 2800 qubd
373 2738 433 2788 sicut
445 2737 529 2788 dicitur
539 2737 641 2792 llccleo.¹
651 2737 683 2797 V,
696 2752 710 2784 u
724 2701 807 2785 auarus
817 2747 863 2784 nou

62 2801 188 2869 implebitur
202 2806 315 2870 pecuuil3
332 2812 356 2859 et
368 2808 409 2872 qui
422 2806 602 2876 amatldiuitias,
612 2807 712 2856 lructunn
725 2819 772 2856 non
788 2805 865 2868 capiet

62 2887 88 2926 cx
98 2878 141 2929 eis.
158 2894 174 2926 u
188 2877 233 2929 Sed
251 2892 298 2931 nou
308 2880 399 2946 impleri
410 2878 523 2945 pecunia,
538 2882 561 2929 et
574 2877 702 2931 iuouliualb
714 2891 754 2929 eas
769 2889 862 2939 amare,
