1934 3284
228 183 380 224 namucno
395 186 462 223 rrum
478 185 586 226 anninus.
760 179 805 228 ula

29 262 111 311 oretur
124 260 240 325 appetitus
252 262 275 312 io
298 263 383 323 tinem,
398 263 465 326 quin
480 263 503 313 id
518 263 576 328 quod
591 264 699 328 quaeritur
715 273 808 334 propter

29 346 92 382 uem:
107 337 131 383 et
140 332 192 383 idco
204 333 235 383 illi
250 333 293 384 tuit
306 334 403 399 primum
418 340 536 398 peccatum
550 337 648 388 hominis
656 375 664 401 ‚
682 338 720 388 uni
734 340 808 403 potuit

29 417 54 453 se
68 405 158 468 primus
170 405 283 469 appetitus
298 405 420 456 inordinati
431 407 491 457 linis.
505 407 626 460 sinautem
638 409 706 460 nomo
722 416 769 462 crat
782 411 807 460 in

29 482 63 525 utu
81 479 217 527 innocentia
233 477 369 540 institutus,
386 476 485 529 utnulla
507 484 568 530 esset
580 480 673 531 rebellio
689 483 762 534 carnis
779 485 807 534 ad

29 547 111 598 iritum
123 564 131 598 t
145 550 203 599 oudo
213 562 258 599 nou
269 550 342 614 potuit
351 563 402 601 esse
412 551 483 614 priora
494 551 630 602 inordinatio
640 555 753 616 appetitds
765 549 820 605 tru-¹

29 620 65 668 mi
80 633 111 670 ex
122 622 165 671 hoc
178 620 239 685 quid
251 621 371 685 appetierit
382 622 471 686 aliquod
484 623 590 674 sensibile
602 624 698 684 bonrum,
711 626 734 675 in
748 627 808 690 quod

29 692 657 756 mismnonpisceutiatenditpratcrordinemratioots.
666 696 809 760 Relinquitur

32 768 72 812 tur
81 763 144 827 qndd
153 765 224 828 prima
234 763 371 817 inordinatio
381 766 498 829 appetitus
505 768 599 817 humani
608 767 651 817 luit
660 782 687 818 er
696 771 739 819 troc
748 769 808 832 quod

29 838 97 898 quod
111 836 195 886 bouum
209 835 325 900 spirituale
339 837 466 888 inordinate
479 840 585 903 appetiit.
600 841 650 890 Non
661 845 736 891 antem
749 841 809 894 inor-

29 907 81 959 rate
92 908 252 972 appetivisset,
261 910 388 972 appetendo
398 910 420 959 id
433 910 557 960 secundnm
569 925 633 962 suam
644 925 771 963 mansuram
779 927 808 964 ex

29 979 78 1030 uiua
90 981 169 1044 regula
176 981 336 1044 praestitutam:
347 980 407 1032 unde¹
416 983 614 1047 relinquitorqudd
624 984 720 1048 primum
730 999 808 1048 pecca-

29 1066 46 1102 n
56 1052 162 1106 hominis
173 1052 216 1102 luit
224 1053 249 1102 in
260 1053 304 1103 lioc
316 1052 376 1116 qudo
390 1053 488 1118 appetiit
497 1055 609 1118 quoddam
620 1055 713 1119 spiritds
724 1057 808 1107 bonum

29 1139 67 1174 nra
80 1137 147 1175 suam
159 1138 302 1188 mensuram3
312 1127 372 1188 quod
382 1127 480 1189 pertinet
491 1127 518 1177 ad
530 1127 666 1192 superbiam.
682 1129 745 1180 Unde
756 1143 807 1180 ma·

29 1199 113 1246 'estum
122 1196 806 1268 estquddprimumpeccatumprimihuminisluiteuperbia.

29 1269 64 1318 nd
80 1269 183 1333 primurn
197 1283 251 1333 crgo
264 1269 384 1319 dicendum
394 1308 400 1333 ‚
412 1269 472 1333 qudd
486 1272 530 1321 troc
539 1270 598 1334 qudd
612 1273 680 1322 homo
695 1286 740 1323 non
754 1274 808 1336 obe

29 1342 68 1391 erit
90 1342 171 1392 diuino
195 1345 323 1406 praeopto,
337 1355 382 1392 non
396 1343 439 1393 luit
452 1348 546 1407 propter
560 1356 584 1394 se
599 1344 628 1394 ab
650 1357 677 1396 eo
693 1345 806 1410 solitum3

29 1412 50 1464 ia
67 1416 117 1465 hoc
134 1427 181 1465 nou
194 1419 272 1477 posset
291 1415 424 1478 contingere
439 1415 484 1465 uisi
504 1416 671 1481 praesupposita
690 1417 807 1468 inordina-

29 1501 59 1538 ne
75 1487 215 1536 uoluntatis.
228 1485 374 1550 Relinquitur
381 1500 435 1551 ergo
444 1487 504 1550 qnod
515 1489 609 1538 uoluerit
620 1493 711 1554 propter
724 1489 809 1556 aliquid

29 1561 68 1610 ud.
98 1559 199 1609 Primum
218 1563 296 1609 autem
317 1559 378 1623 quod
398 1559 526 1610 inordinate
546 1561 631 1622 votuit,
653 1562 697 1612 init
718 1564 809 1628 propria
881 1591 886 1596 ·

29 1632 159 1684 :ellenliar
181 1635 205 1681 et
215 1632 267 1682 ideo
281 1632 434 1682 inobedientia
446 1630 470 1680 io
485 1645 512 1683 eo
526 1633 675 1684 causataiuit
689 1648 717 1685 ex
731 1647 809 1698 super·

33 1743 40 1755 .
56 1706 90 1754 Et
107 1705 151 1753 hnc
166 1705 203 1754 est
222 1703 282 1767 qnod
297 1703 437 1766 Augustinus
451 1703 506 1754 dicit
522 1704 556 1754 od
573 1705 690 1756 Ornsa'nm
706 1712 762 1770 (qu.
778 1704 810 1770 t)

30 1776 57 1825 td
83 1792 100 1823 «
119 1773 187 1825 homo
205 1774 279 1825 elatus
300 1773 420 1838 superbit,
437 1774 539 1825 suasioni
554 1776 667 1840 serpentis
684 1777 808 1840 obediens,

30 1851 122 1911 {cepta
134 1845 174 1897 llei
190 1846 359 1911 contempsit.»

30 1923 63 1970 to
74 1918 206 1970 secundum
221 1920 358 1980 dicendum,
371 1917 431 1981 qnod
444 1919 470 1968 in
483 1922 578 1982 peccato
592 1918 716 1983 primorum
729 1931 811 1984 paren-

30 2007 40 2042 ι
56 1991 135 2043 eliam
150 1990 202 2053 gula
211 1991 286 2041 locum
296 1990 382 2040 habuit.
393 1989 478 2040 dicitur
488 1989 656 2046 enichnes..
667 1991 714 2041 tlt:
728 1990 811 2040 «uiuit

31 2066 85 2116 tier
101 2061 164 2127 qudd
176 2063 262 2125 lignum
281 2065 341 2112 esset
351 2063 435 2112 bonum
450 2063 477 2111 ad
494 2063 676 2126 vescendum‚el
693 2063 810 2126 pulchrum

30 2139 73 2188 rtis
91 2136 236 2197 aspectuque
256 2133 404 2198 delectabile3
420 2137 443 2184 ct
460 2133 513 2184 tulit
526 2134 553 2183 de
568 2135 641 2184 tractu
656 2133 722 2198 ejus,
737 2138 760 2184 et
773 2145 812 2183 co·

30 2211 81 2262 dit.
101 2225 115 2256 u
129 2207 180 2256 Non
192 2208 269 2256 nmen
284 2205 333 2270 ipsa
353 2206 442 2256 bonitas
458 2209 481 2257 et
495 2206 639 2270 pulchritudo
652 2206 695 2256 cibi
709 2204 752 2256 luit
765 2205 812 2270 pri-

31 2296 59 2331 m
75 2277 194 2329 motivum
208 2279 234 2326 ad
249 2277 404 2340 peccandum,
414 2277 456 2328 scd
467 2275 544 2341 potitus
554 2277 627 2328 suasio
639 2276 760 2341 serpentis,
773 2275 813 2340 qui

30 2354 53 2402 it
78 2367 87 2400 :
106 2347 271 2412 «aperientur
291 2348 352 2398 oculi
374 2350 445 2399 uestri
458 2354 481 2401 et
500 2349 564 2399 eritis
578 2348 638 2398 sicut
654 2348 702 2411 dii;
723 2363 736 2394 u
752 2346 815 2411 quod

30 2421 155 2484 notendo,
171 2421 299 2484 superbiam
312 2421 392 2471 mulier
405 2420 510 2474 incurrit.
520 2421 548 2471 Et
561 2420 612 2473 ideo
626 2425 744 2486 peccatum
755 2418 814 2482 gulae

31 2499 140 2547 ivatunr
155 2496 191 2543 est
205 2505 234 2542 ex
251 2495 344 2556 peccato
356 2492 478 2557 superbia.

31 2570 64 2622 td
86 2565 186 2616 tertium
198 2564 318 2616 dicendum
327 2600 334 2624 ‚
342 2564 402 2628 qu'od
414 2566 530 2631 appetitus
540 2561 641 2616 scientia
655 2567 761 2615 causatus
773 2561 817 2612 tuit

31 2637 130 2706 primis
145 2636 277 2701 parentinus
288 2649 318 2686 ex
331 2635 457 2688 inordinato
471 2637 574 2701 appetitu
586 2636 735 2688 excellentia.
752 2635 816 2686 Unde

31 2715 61 2764 Ιιιι
86 2708 168 2759 uerbis
182 2707 294 2771 serpentis
310 2708 456 2772 premittitur
475 2723 481 2758 :
499 2723 513 2755 u
527 2708 597 2760 Eritis
618 2707 676 2758 sicut
695 2707 747 2757 dli:
762 2722 776 2753 u
794 2707 819 2755 et

33 2791 90 2836 tea
100 2780 206 2831 subditur
216 2794 223 2828 τ
235 2795 253 2827 cr
261 2779 366 2830 scientes
375 2779 460 2828 bonnm
469 2782 494 2830 ct
502 2780 595 2829 malum.
605 2795 618 2827 n

31 2858 68 2910 td
84 2851 330 2918 qnartnm'dieendnm,
338 2850 400 2917 qudd
409 2851 620 2918 sicutnugunruus
631 2849 685 2901 dicit
692 2851 732 2902 ltl.
742 2863 821 2915 super

31 2943 99 2982 aes.
111 2925 148 2976 ad
163 2921 205 2974 ttt.
217 2923 282 2988 (cap.
297 2923 353 2988 tt),
366 2937 382 2972 n
393 2923 471 2976 remis
483 2923 598 2989 serpends
614 2923 697 2976 mulier
710 2932 757 2974 non
770 2931 821 2972 cre·

109 3038 140 3080 r.
696 3024 728 3078 at
