1934 3284
291 154 321 190 on
336 150 416 190 coust
432 152 581 191 rnornnrrur.
790 142 836 190 913

31 230 105 282 Unde
123 228 175 281 dioit
192 228 368 295 chrysostomus
387 230 570 293 supermitte.
588 227 644 289 (ubi
662 229 763 295 sopri),
777 228 837 293 quod

32 322 49 353 u
62 302 155 366 quidam
165 302 301 365 prophetant
315 301 338 350 iu
353 300 432 364 spiritu
446 300 545 363 diaboti,
561 302 639 364 quates
652 305 705 352 suut
721 301 836 352 divinato·

29 388 87 435 ros3
100 374 138 423 sod
155 373 187 422 sic
208 373 380 432 discernuntur,
395 370 502 435 quoniam
516 371 617 422 diabotus
628 373 742 424 interdum
758 386 837 423 rerum

28 444 101 506 dicit,
109 443 202 509 Spiritus
212 446 303 494 sanutus
310 456 425 506 nunquam
437 444 554 494 mentitur.
564 460 578 491 u
588 446 652 495 Unio
663 445 742 495 dicitur
749 446 835 501 Dent,

28 514 110 567 xvnt
125 530 130 564 :
148 532 161 563 u
174 514 200 565 Si
210 513 279 565 taciti
292 514 428 577 cogitatione
446 514 607 578 responderis,
619 517 731 579 quomodo
744 530 837 579 possum
883 546 892 569 ·

27 587 163 650 intelligere
182 588 274 637 verbum
293 587 352 650 quod
373 587 482 637 Dominus
502 601 547 637 nou
564 592 600 638 est
615 588 719 638 locutus?
733 590 781 638 iioo
794 589 837 637 in-

28 660 103 713 bebis
112 661 199 723 siguum
211 676 217 710 ι
227 660 320 720 Οεοᾱὶε
328 659 420 709 nomino
429 659 519 710 Domini
529 662 640 725 propheta
653 660 692 710 itto
700 660 835 725 prodirent,

28 740 55 788 nt
75 744 124 781 non
140 732 257 795 evenerit,
274 733 318 781 troo
336 732 445 782 Dominus
462 743 507 782 nou
527 734 562 783 est
576 733 697 782 locutus.»

325 910 484 961 unricunus
501 911 540 961 vr.
575 875 578 881 ’

64 1038 153 1085 Utrum
165 1036 282 1094 propheto
292 1036 424 1082 domomum
433 1036 564 1095 aliquonoio
579 1037 708 1094 prodinunt
718 1011 810 1085 oerum.

62 1166 100 1217 Ad
117 1165 205 1213 sexium
222 1162 256 1213 sio
274 1162 404 1229 proceditur
415 1162 460 1227 (t).
475 1163 571 1212 Videtur
589 1162 649 1225 quoi
662 1165 780 1228 propheto
794 1166 839 1217 dae·

27 1252 130 1293 monum
143 1248 256 1299 uunquam
268 1248 322 1285 roro
336 1234 468 1299 praedicant.
480 1234 540 1285 Dicit
549 1234 611 1284 onim
621 1236 766 1299 Ambrosius,
778 1238 839 1300 quod

27 1333 39 1362 u
55 1321 130 1364 omne
145 1320 222 1356 verum
238 1306 404 1370 tonorumque
421 1306 517 1367 dicatur,
531 1306 544 1356 t
560 1306 644 1370 Spiritu
663 1319 741 1357 sancto
760 1312 804 1358 ost.
823 1326 839 1355 n

27 1386 74 1437 Sed
93 1381 210 1446 prophotae
224 1379 350 1429 daemouum
365 1390 409 1427 nou
426 1377 572 1443 loquunturi
583 1377 670 1442 Spiritu
683 1383 770 1440 sancto,
787 1379 840 1443 quia

27 1476 39 1505 u
53 1466 107 1506 non
127 1454 161 1500 est
176 1450 298 1501 conventio
315 1447 398 1499 Christi
416 1450 443 1499 ad
465 1449 551 1511 Belial,
574 1466 588 1497 u
610 1452 636 1499 ut
653 1450 735 1499 dicitur
756 1451 784 1499 n.
804 1450 840 1500 ud

26 1533 103 1582 Cor„
121 1522 159 1572 Vl.
173 1524 232 1585 Ergo
245 1521 331 1571 videtur
340 1521 400 1585 quod
413 1522 469 1572 tates
481 1535 597 1585 nunquam
608 1534 661 1572 uera
672 1522 837 1585 pronuntiant.

59 1606 88 1650 2.
106 1598 230 1655 Praeterea,
246 1594 305 1644 sicut
322 1594 368 1644 veri
379 1596 496 1659 prophetae
506 1594 646 1659 inspirantur
657 1593 670 1644 i
682 1594 768 1658 Spiritu
779 1597 840 1645 vori-

26 1673 103 1733 ἱεῑίε,
118 1668 152 1717 itu
165 1669 280 1732 propheto
295 1667 423 1717 domomum
436 1667 578 1731 inspirantur
595 1664 702 1730 tsptritu
717 1666 838 1729 mendacii,

26 1737 160 1798 secundum
173 1738 228 1789 iliud
245 1739 280 1787 111.
302 1740 368 1801 Rep,
388 1738 430 1788 ult.
451 1754 488 1786 z«
501 1737 624 1801 tigroniur,
642 1740 666 1787 et
684 1751 723 1788 ero
744 1738 840 1801 spiritus

26 1815 134 1868 mendax
155 1811 179 1861 in
196 1824 234 1861 ore
249 1804 352 1861 omnium*
368 1810 530 1872 prophetarum
544 1808 604 1872 ejus.
624 1824 637 1854 u
656 1808 701 1858 Sed
720 1810 838 1871 proptetn

26 1882 141 1951 inspirati
154 1882 167 1933 ὲ
180 1883 264 1947 Spiritu
273 1886 351 1932 sancto
361 1893 475 1942 uunquam
488 1878 612 1943 loquuntur
620 1879 701 1929 iatsum
711 1917 717 1938 ,
728 1883 753 1928 ut
768 1879 840 1941 snprtt

26 1959 138 2011 nubitum
160 1958 194 2003 est
213 1956 266 2018 (qu.
288 1954 348 2015 itt,
372 1954 414 2001 art.
432 1950 473 2014 6).
495 1952 555 2013 Ergo
574 1951 693 2015 propheto
712 1949 840 2000 daemouum

26 2040 151 2093 :uunquam
167 2026 291 2088 loquuntur
302 2036 391 2074 uorum.

59 2108 87 2151 3.
105 2098 238 2158 Praeterou,
252 2095 414 2155 toou.,vt11‚
432 2092 516 2145 dicitur
526 2093 554 2143 do
565 2092 669 2152 diabolo,
685 2092 745 2156 quod
761 2090 840 2143 uoirm

26 2172 137 2238 ¹oquitur
158 2167 314 2230 mendacium,
331 2182 358 2217 ex
375 2165 472 2231 propriis
486 2164 598 2228 loquitur,
612 2164 665 2227 quia
683 2163 784 2214 Diabolus
805 2168 842 2215 est

26 2242 133 2296 mendax
149 2244 172 2289 ot
187 2243 249 2303 pater
263 2238 328 2302 ojus,
340 2254 353 2285 o
369 2238 440 2288 idest
454 2237 574 2286 mendacii.
589 2236 634 2286 Sed
649 2235 781 2298 inspirando
790 2249 842 2299 pro·
861 2238 869 2252 ”

26 2320 115 2369 strutus
126 2324 182 2362 suos
196 2311 298 2362 diabotus
315 2323 359 2359 uun
374 2310 475 2372 loquitur
487 2307 534 2357 nisi
548 2319 577 2357 or
591 2307 703 2371 propriis3
717 2320 763 2357 non
780 2308 842 2357 enim

26 2378 183 2440 ¹toustituitur
193 2382 345 2433 ministorDei
360 2383 387 2431 ud
396 2380 516 2431 veritatem
525 2380 697 2440 enuntiandum,
710 2379 763 2442 quia
772 2396 787 2426 u
796 2392 842 2430 uon

26 2464 61 2510 {st
81 2456 187 2506 societas
200 2453 283 2503 tucind
301 2454 442 2515 tunebrus‚u
457 2461 483 2500 ut
494 2450 576 2500 uiuitur
595 2451 623 2499 li.
644 2450 713 2506 Cor„
731 2450 771 2498 vt.
784 2451 843 2513 Ergo

26 2530 155 2594 rrophetae
171 2524 299 2575 daemouum
312 2538 428 2587 nunquam
439 2535 493 2573 vera
507 2522 639 2587 prodinunt.

56 2601 109 2651 Sed
128 2601 211 2648 contra
221 2602 256 2647 est
264 2634 272 2661 ‚
286 2597 345 2659 quod
359 2597 478 2655 Numer„
489 2595 559 2657 xxti,
570 2594 625 2644 (tioit
637 2594 740 2657 quodam
753 2593 841 2653 Gtossn,

27 2672 92 2739 prod
110 2686 125 2717 (ι
141 2670 233 2719 Balaam
247 2668 337 2719 divinus
352 2672 414 2729 erut,
431 2666 557 2717 Daemouum
576 2665 662 2715 soitioot
675 2662 803 2713 ministerio
819 2666 843 2713 ot

59 2822 98 2883 (t)
116 2824 152 2867 De
164 2822 200 2867 tris
219 2820 368 2879 retinniunt,
381 2833 421 2877 qu.
437 2818 483 2865 tut
493 2849 502 2877 ,
514 2825 558 2865 ort.
574 2818 599 2878 5,
620 2818 648 2864 out
667 2817 697 2873 43
713 2818 843 2864 utcontra

26 2891 119 2937 Dent„
129 2886 174 2933 no.
185 2888 216 2945 V,
229 2898 281 2945 nup.
292 2884 347 2944 tbi,
359 2885 405 2931 noi.
417 2881 497 2931 toto.
