1934 3284
115 101 161 152 tlt
246 111 356 148 arcuum
370 110 498 157 sucurram,
513 109 606 154 ouusr.
620 108 682 155 ccu,
696 107 752 145 aar.
766 108 784 144 r.

381 299 549 374 tumulto
566 299 652 366 tull.

212 445 247 490 na
260 444 420 503 sarpa-rius,
432 443 462 490 ss
478 445 587 504 quim
599 445 718 492 anemo·
733 445 831 496 orosa.

150 595 236 647 Deinde
248 594 435 646 considerandum
449 592 527 651 estole
540 594 678 657 virginitate.

151 667 182 719 Et
195 668 254 717 circa
264 669 310 717 hoc
321 672 453 729 quaeruntur
465 667 583 730 quinque:
596 670 622 716 l·
632 669 658 718 ln
670 680 717 731 quo
727 668 844 720 coadstat
855 671 924 735 virgi-

121 740 189 792 nitas.
202 737 352 790 ordinasti
365 737 435 788 licita.
445 742 471 787 ³⁰
479 737 558 790 Utrum
570 739 601 788 sit
611 738 692 790 uirtus.
703 743 730 790 t⁰
740 740 774 791 lle
789 743 926 793 excellentia

122 812 173 877 ejus
194 815 299 875 respectu
320 809 466 862 matrimonii.
489 814 516 859 5⁰
536 811 569 860 lie
586 809 720 862 excellentia
744 811 798 876 ejus
819 818 926 878 respectu

122 885 216 938 aliarum
227 883 345 934 virtutum.

429 989 589 1042 All'l'lCULUS
607 991 626 1040 l.

203 1117 288 1163 Utrdm
300 1115 430 1173 virginitas
442 1116 557 1162 comiatut
565 1117 593 1160 tn
608 1115 749 1173 integritate
757 1118 852 1164 eurem.

156 1245 188 1296 Ad
204 1244 302 1308 primum
316 1243 349 1293 sic
356 1241 495 1308 proceditur.
507 1241 601 1293 vinctu
611 1241 671 1306 qndd
679 1242 803 1306 uuginitas
815 1257 866 1296 nou
876 1260 930 1297 oon·

126 1318 192 1369 sistat
203 1317 227 1366 in
241 1315 370 1380 integritate
389 1315 470 1366 carnis.
487 1314 546 1365 llicit
565 1316 627 1367 euim
642 1315 784 1378 Augustinus
796 1316 823 1366 in
835 1317 880 1370 lib.
895 1321 929 1369 De

126 1389 226 1454 nuptiis
235 1391 261 1437 et
274 1388 481 1451 eoncupiscentia,
494 1386 554 1451 qudd
566 1387 707 1449 «uirginitas
717 1391 753 1438 est
763 1387 789 1438 in
800 1402 875 1440 carne
884 1405 930 1441 cor-

125 1459 227 1526 ruptibili
243 1459 419 1522 incorruptionis
435 1464 552 1524 perpetue
567 1458 693 1509 meditatio.
715 1475 730 1505 u
743 1458 791 1510 Sed
809 1463 930 1513 meditatio

127 1545 174 1583 nou
191 1531 290 1595 pertinet
299 1530 327 1580 ad
339 1543 438 1582 carnem.
449 1531 509 1594 Ergo
518 1529 636 1593 uirginitas
643 1543 690 1582 non
697 1530 805 1582 consistit
817 1533 843 1584 in
854 1547 930 1586 carue.

160 1607 183 1652 2.
199 1603 326 1661 Praeterea,
340 1601 460 1665 virginitas
474 1601 604 1666 pudicitiam
617 1601 737 1665 quamdam
751 1601 875 1667 importat.
890 1608 931 1656 Sed

128 1673 267 1738 Augustinus
281 1673 336 1724 dicit
354 1673 379 1722 iu
393 1675 411 1723 1.
430 1675 467 1724 De
484 1674 564 1725 Giur't.
579 1675 627 1724 Dei
640 1677 682 1735 (ut
696 1675 746 1738 jam
757 1676 863 1742 supra),
874 1678 931 1742 qudd

129 1746 264 1811 «pudicitia
278 1745 382 1798 consistit
394 1746 419 1796 in
432 1745 516 1797 anima.
528 1762 543 1794 u
555 1746 615 1810 Ergo
631 1746 750 1810 uirginitas
764 1761 814 1798 nou
825 1751 931 1802 consuti

127 1818 153 1868 in
165 1817 239 1868 carnis
252 1816 429 1882 incorruptione.

159 1894 182 1940 a.
197 1891 324 1951 Praemrca,
339 1889 412 1939 urnis
430 1889 549 1953 integritas
564 1889 655 1940 ridetur
670 1889 797 1942 consistere
812 1889 841 1940 in
856 1892 931 1956 signa-

127 1961 179 2012 culo
200 1960 317 2024 virginalis
334 1961 435 2025 pudoris.
457 1962 501 2012 Sed
526 1960 664 2025 quaudoque
685 1963 771 2025 absone
792 1962 931 2026 uirginitatis

126 2032 261 2098 prejudicio
274 2033 385 2095 frangitur
398 2033 454 2082 illud
467 2032 618 2096 signaculum.
633 2035 692 2084 llicit
705 2033 768 2085 enim
787 2035 931 2098 Augustinus

127 2105 151 2156 in
164 2107 183 2156 l.
198 2105 235 2156 De
253 2107 332 2157 civit.
345 2105 394 2154 Dei
404 2106 444 2166 (ut
451 2104 500 2168 jam
514 2108 608 2171 supra),
617 2107 678 2172 qudd
691 2125 706 2154 u
716 2107 756 2156 illa
767 2108 932 2174 membrapos

128 2182 182 2228 sunt
193 2177 287 2226 diversis
299 2176 388 2226 casibus
401 2175 520 2226 uulnerata
534 2177 580 2227 uim
593 2178 684 2242 perpeti
694 2182 718 2228 et
726 2178 811 2228 medici
828 2182 932 2244 quaudo

128 2259 172 2312 quc
191 2245 259 2296 saluti
273 2245 410 2310 opitulantes
426 2246 476 2296 heo
492 2246 525 2296 ibi
544 2248 634 2298 iaciunt
651 2261 702 2312 qua
718 2249 797 2298 uomet
809 2255 930 2314 aspectus,

128 2317 240 2369 obstetrix
261 2317 331 2367 etiam
350 2315 446 2379 uirginis
464 2318 583 2381 cujusdam
601 2318 756 2381 iutegritatem
778 2331 854 2368 manu
872 2321 933 2372 velut

128 2391 265 2453 explorans,
278 2390 332 2439 dum
344 2385 451 2450 inspicit,
464 2389 572 2450 perdidit.
584 2407 599 2436 s
610 2391 640 2440 tlt
650 2389 727 2442 subdit
741 2404 773 2436 :a
783 2391 836 2440 Nou
851 2392 932 2455 opinor

127 2474 264 2526 quemquam
276 2464 321 2511 mun
331 2457 400 2510 stultd
413 2471 502 2523 sapere,
513 2464 540 2510 ut
550 2461 604 2512 huic
615 2462 700 2526 perisse
711 2460 797 2524 atquin
806 2462 933 2521 existimet,

129 2533 199 2583 etiam
212 2534 240 2583 ds
253 2533 324 2597 ipsius
335 2531 435 2594 corporis
449 2533 578 2594 sanctitate,
588 2531 694 2597 quamuis
707 2531 804 2582 membri
818 2531 885 2584 illius
900 2535 933 2583 in·

127 2603 232 2664 tegritate
247 2605 296 2668 jam
306 2601 403 2669 perditi.
413 2618 427 2650 u
438 2605 497 2664 Ergo
506 2603 624 2668 uirginitas
635 2618 682 2656 non
695 2602 803 2654 consistit
813 2604 842 2654 in
856 2607 932 2656 carnis

128 2671 303 2736 incorruptione.

161 2744 183 2791 t.
197 2745 322 2808 Praeterea,
336 2744 449 2808 corruptio
458 2715 532 2795 munis
543 2745 642 2797 maximd
651 2746 677 2796 in
687 2745 782 2798 seminis
790 2748 932 2798 resolutione

128 2811 246 2878 consistit3
260 2829 310 2878 qua
322 2818 398 2880 potest
409 2814 459 2905 fleri
471 2815 522 2869 sine
536 2817 673 2887 concubitu,
689 2818 727 2870 uel
738 2817 765 2873 iu
777 2817 930 2885 dormiendo,
