1934 3284
107 148 154 199 tta
233 160 342 201 mourut
358 156 590 207 neminemnam.
605 160 665 210 xor,
679 160 735 201 ιιι.
753 161 779 200 ι.

107 236 186 289 dirim
194 236 278 289 moute
291 240 367 302 potest
380 237 484 303 rompotti
501 239 529 289 ad
541 248 595 288 vora
605 238 726 302 ffioeooat3
739 242 764 289 et
783 238 858 291 aliud
875 250 942 310 est,

108 309 233 360 demonem
247 307 354 360 iorooare
373 309 402 359 ad
419 309 571 374 cognitionem
587 311 728 361 ooeoltoron
746 310 943 375 acquirendam

106 378 208 443 abipso.

137 450 171 501 td
194 450 318 501 minutum
334 442 468 513 diuinorum,
483 450 543 515 quoa
564 450 624 502 siout
646 452 785 516 Augustinus
805 450 876 508 dicit
895 463 944 512 ad

106 520 304 585 simplicianum
316 520 372 585 (tito.
383 522 415 582 u,
427 534 467 587 on.
478 526 492 571 a
502 522 520 586 ),
532 540 547 571 a
558 534 603 573 nou
615 526 650 574 est
663 522 785 575 absurdum
800 530 942 597 eredere,

107 591 182 656 aliqua
197 592 366 657 dispensatione
379 593 516 657 permissum
529 592 607 657 inisse,
620 597 646 643 ut
659 607 705 645 oon
714 594 854 650 dominante
872 610 941 656 arte

107 664 194 729 nepos
208 665 245 715 vel
259 666 368 729 potentia,
380 666 419 716 sed
429 664 601 729 dispensatione
609 666 706 729 monita,
717 679 769 731 qun
782 668 940 732 Pythonis.

107 746 156 787 sam
169 741 193 785 et
203 735 293 786 Saulem
304 736 400 797 luunt,
415 750 439 788 se
452 737 582 787 ostenderet
597 737 690 801 spiritus
699 737 756 801 justi
775 745 940 804 aspectibus

108 807 179 873 regio,
191 807 269 859 divini
284 822 335 861 aum
349 809 462 861 senonia
476 822 633 873 percussurus.
647 826 662 857 ι
677 810 718 860 vet
731 823 779 862 uoo
789 812 854 865 veri
874 822 942 883 spi·

108 878 167 929 ritus
174 881 394 943 Sommtisireqaie
403 894 444 932 sua
453 880 762 945 exnutmnioeoatiqmo
771 882 940 946 phantasma

109 951 146 1001 ret
166 952 243 1003 illusio
263 951 397 1015 imaginaria
422 950 505 1003 inbuti
527 951 731 1010 nominationibus
749 953 827 1016 uota,
845 970 939 1023 quam

107 1020 225 1088 Scriptura
240 1022 383 1075 Samuelem
403 1023 518 1087 appellat,
534 1022 594 1074 noui
609 1024 683 1075 soient
704 1024 818 1089 imagines
837 1041 940 1085 rerum

110 1106 200 1145 ιιιιιιιιιιι
215 1093 345 1145 nominibus
359 1094 477 1158 appellari.

141 1165 175 1215 td
188 1164 277 1215 tertium
291 1164 423 1226 dicendum,
437 1164 498 1228 quio
511 1165 573 1215 uuita
583 1165 674 1217 utititas
685 1166 820 1231 temperatis
833 1176 938 1234 potest

109 1234 234 1300 mummi
257 1236 391 1287 detrimento
412 1224 537 1301 spiriiuutio
558 1236 653 1298 nouos,
675 1238 734 1301 qood
754 1236 869 1293 imminet
900 1260 937 1299 ex

108 1304 257 1370 inquisitione
266 1308 408 1359 meatorum
420 1322 463 1373 por
475 1309 609 1360 damonum
623 1307 798 1361 iurooationem.

404 1486 564 1539 sanemus
579 1486 608 1537 V.

211 1610 296 1657 viriam
306 1610 422 1659 diuinatio
433 1612 519 1671 punflt
528 1612 808 1670 presumptionem.

140 1739 173 1789 od
190 1736 293 1803 quintum
308 1738 341 1789 sio
356 1737 487 1803 proceditur
497 1737 542 1803 (t).
559 1738 652 1790 Videtur
660 1739 721 1804 quod
734 1736 849 1795 divinatio
866 1760 932 1811 quae

109 1809 135 1860 or
148 1822 190 1873 per
200 1811 276 1872 astra,
288 1821 334 1860 oon
347 1808 378 1859 sit
387 1806 476 1859 illicita.
492 1810 590 1860 Lioitum
607 1810 668 1861 euim
684 1814 719 1861 est
736 1824 765 1861 ex
779 1814 931 1872 oousioera-

109 1880 171 1932 tiooe
188 1892 303 1930 oausamm
317 1880 469 1948 presentiens
483 1882 593 1945 eiectos,
606 1881 666 1932 siout
678 1882 760 1932 mutiet
773 1895 801 1933 ex
814 1884 930 1950 disposi-

109 1952 173 2003 tione
188 1950 326 2015 agritudinis
347 1950 503 2017 pronuntiant
516 1957 621 2004 mortem
638 1954 683 2004 sed
697 1966 792 2019 corpora
809 1956 930 2014 colestia

110 2026 163 2073 suot
175 2034 244 2073 orosa
261 2034 404 2085 eorumque
422 2023 480 2073 tunt
493 2023 517 2073 in
531 2025 575 2074 troo
592 2023 690 2087 muodo,
702 2028 729 2074 ut
738 2025 809 2075 etiam
824 2027 925 2098 Diony-

111 2095 161 2146 sius
174 2093 244 2157 dieii,
257 2094 296 2143 tv.
308 2106 360 2157 oap.
376 2094 413 2143 De
428 2094 480 2144 diu.
498 2096 602 2145 Nomio.
616 2094 675 2159 Ergo
687 2094 804 2148 nrinaoo
823 2112 881 2163 qua>
897 2104 927 2154 at

111 2175 154 2232 per
162 2170 232 2228 naua,
246 2178 292 2216 uon
305 2167 341 2215 est
353 2164 442 2215 ittioita.

143 2242 167 2288 a.
187 2239 315 2299 Pretorio,
327 2237 421 2287 seientia
446 2239 546 2287 humana
565 2248 595 2287 ex
617 2238 779 2303 experimentis
799 2240 925 2306 originem

113 2309 197 2373 sunit,
216 2312 242 2359 ut
253 2311 318 2375 patet
337 2321 379 2373 per
395 2309 559 2373 Philosophum
578 2309 603 2359 in
623 2310 633 2359 i
651 2308 790 2375 Meiopiyo.
805 2310 852 2363 Sed
875 2329 925 2381 per

111 2380 182 2431 uuita
201 2381 354 2446 experimenta
367 2380 438 2446 aliqui
449 2383 621 2445 compererunt,
633 2394 662 2431 ex
675 2380 858 2435 ooosideratioue
885 2388 923 2438 si-

109 2452 189 2502 derum
207 2451 281 2515 atiqoa
300 2452 374 2502 futore
390 2464 457 2517 posse
477 2450 596 2516 prooosoi.
611 2452 669 2515 ugo
688 2464 733 2503 ooo
754 2451 922 2510 videturesse

111 2522 215 2573 illicitum
229 2522 268 2573 tati
277 2522 417 2577 divinatione
427 2522 471 2573 uti.

144 2598 167 2643 t.
183 2596 305 2657 arsuros,
318 2592 425 2646 dianatio
436 2594 520 2645 dieitur
532 2593 673 2645 essaittioita
686 2594 711 2645 in
725 2596 838 2659 quantum
850 2597 919 2650 iuni-

110 2666 166 2717 iitor
180 2668 247 2730 pacto
261 2678 313 2716 oon
330 2662 470 2717 demonibus
483 2666 549 2717 inito.
563 2665 609 2717 Sed
621 2667 666 2718 hoo
678 2678 725 2718 uon
741 2666 766 2717 iit
781 2667 807 2719 iu
823 2668 919 2722 divina-

142 2815 175 2880 (1)
190 2820 223 2865 Ite
233 2818 268 2864 tris
279 2816 349 2864 etiam
362 2812 383 2873 1,
392 2820 470 2871 Serti..
486 2820 541 2866 dist.
560 2818 600 2880 15,
614 2832 655 2879 qn.
671 2818 696 2878 1,
712 2827 756 2869 art.
768 2820 793 2880 3,
804 2821 833 2869 od
845 2822 874 2878 ις
892 2833 919 2872 et

117 2876 353 2940 contrectavimus.
366 2883 410 2944 111,
421 2896 476 2943 capt
494 2880 552 2945 ati,
567 2890 592 2931 ot
604 2883 637 2931 od
650 2884 744 2937 Galat..
756 2885 805 2947 iil,
818 2886 876 2934 tent.
887 2884 915 2935 ὃ.
