1934 3284
388 128 504 189 unione.
801 144 847 193 ist

2 270 4 281 s
43 224 84 276 lis:
101 224 167 278 crim
180 225 218 275 od
231 226 439 285 monesterium,
454 224 536 277 dieitur
553 241 559 278 :
576 241 590 275 c
604 226 720 279 Abdicatio
740 232 848 295 proprie·

2 292 4 299 ’
43 298 105 362 talis,
118 298 178 349 sicut
193 297 265 349 etiam
280 296 383 349 custodia
401 296 526 361 castitatis,
540 298 597 350 adeo
615 312 704 351 annexa
719 306 755 354 est
767 302 850 367 regulae

43 370 181 431 monachali,
198 372 319 421 utcontra
335 382 388 423 cem
402 381 445 419 neo
459 382 560 421 summus
573 370 680 422 Pontifex
693 374 765 437 possit
778 374 849 425 licen·

43 441 91 491 tiam
105 441 263 505 inungere.»
455 500 457 505 y

2 516 3 521 ’
69 515 77 575 l'
84 514 234 566 fflncnusro.
243 540 275 549 -
287 514 338 565 Non
349 516 427 577 potest
437 515 462 563 in
474 512 572 563 solemni
585 516 637 565 roto
649 516 796 569 continentias
808 532 849 583 per

2 584 4 611 r
41 585 204 646 professionem
223 583 340 647 religionis
357 588 505 648 consecrato,
519 585 568 635 lieri
586 586 655 637 etiam
675 602 716 654 per
733 603 848 641 summum

41 657 172 709 Pontificem
186 656 344 722 dispensatim
364 657 389 706 in
405 661 460 707 uoto
474 661 550 709 autem
568 658 714 711 solemniaco
734 676 775 724 per
792 662 849 713 sacri

41 729 123 779 ordinis
137 728 313 793 susceptionem
324 730 418 793 ,potest
428 727 537 780 Ecclesin
549 730 684 780 authoritate
695 730 744 781 lieri
756 733 849 797 dispen·

41 800 119 865 satio.)

2 872 3 881 ’
69 873 210 937 Respondes
223 871 357 931 dicendum,
368 870 428 935 qulud
438 870 462 920 iu
474 871 568 921 solemni
580 873 634 923 uoto
643 872 791 925 coutinentia
805 877 848 929 tria

41 948 133 1007 possunt
148 944 292 995 considerari
308 943 397 1009 :primi
412 944 512 1008 quidem,
523 944 617 995 materia
631 946 688 1006 uoti,
699 946 785 998 scilicet
797 949 847 1013 ipsa

40 1016 192 1081 continentia3
210 1015 327 1079 secundo,
343 1016 487 1081 perpetuitas
507 1017 571 1080 uoti,
589 1017 677 1067 scilicet
695 1016 746 1067 cium
765 1020 847 1083 aliquis

41 1093 89 1136 roto
107 1102 133 1139 se
154 1087 266 1150 astringit
289 1088 318 1137 ad
334 1090 468 1151 perpetuam
492 1088 660 1140 observantiam
683 1087 847 1157 continentiae3

2 1216 3 1225 ἵ
41 1159 109 1219 terlio,
125 1160 178 1225 ipsa
189 1158 327 1209 solemnitas
338 1158 397 1209 voti.
878 1209 882 1215 .

2 1230 3 1277 l
68 1230 148 1285 Dicunt
161 1244 219 1296 ergo
232 1230 327 1294 qnidam
340 1230 402 1295 quod
416 1232 493 1281 uotum
507 1232 608 1282 solemne
626 1234 662 1282 est
674 1230 849 1297 indispensabile

41 1302 122 1354 ratione
134 1303 211 1367 ipsius
228 1302 392 1363 continentie,
404 1315 454 1365 qum
469 1316 515 1353 non
523 1302 606 1367 recipit
616 1303 750 1367 condignam
759 1318 848 1356 recom-

2 1434 3 1447 ἵ
42 1377 212 1439 pausationem,
229 1379 256 1426 ut
270 1378 334 1439 patet
347 1388 378 1425 en
391 1374 528 1425 authoritate
540 1373 640 1424 inuncta.
651 1376 723 1440 Cujus
737 1377 849 1430 rationem

42 1450 126 1509 quidam
140 1449 280 1512 assignant,
292 1446 346 1511 qnia
362 1461 405 1513 per
424 1446 587 1498 continentiam
602 1449 670 1499 tromo
685 1449 808 1513 triumphat
821 1452 849 1503 cle

47 1520 163 1571 nonestioo
180 1518 291 1579 inimico,
308 1520 346 1569 rel
359 1518 415 1581 qnia
431 1531 471 1583 por
482 1517 649 1571 ¹continentiam
666 1520 735 1570 homo
748 1520 849 1583 perferte

50 1590 195 1643 mulormatur
211 1589 304 1641 Christo
318 1588 445 1641 secundum
459 1589 580 1653 puritatum
599 1590 680 1641 animae
696 1595 719 1641 et
739 1592 848 1656 eorporis.

2 1708 4 1735 r
46 1662 134 1715 Socim
146 1678 195 1715 non
214 1662 306 1713 videtur
319 1660 448 1713 eilicaeiter
464 1661 517 1712 dici.
526 1662 584 1721 Quia
596 1663 656 1713 bona
666 1663 747 1714 animae
758 1664 848 1727 (utpote

44 1735 203 1800 contemplatio
215 1737 240 1785 et
252 1734 325 1785 oratio
335 1734 343 1797 )
355 1736 412 1785 sunt
424 1733 495 1793 multo
510 1734 602 1786 meliora
612 1734 680 1785 bonis
694 1736 809 1799 corporis,
824 1741 849 1787 et

45 1807 110 1869 magis
124 1820 170 1857 nos
181 1809 230 1857 lieo
244 1808 404 1869 conlormant;
413 1808 436 1855 et
447 1808 523 1855 tamen
536 1809 611 1869 potest
621 1805 746 1869 dispensari
760 1805 784 1856 in
795 1811 848 1857 uoto

44 1878 147 1930 orrtionis
165 1878 202 1929 rel
217 1876 421 1942 contemplationis
441 1892 446 1927 :
467 1860 526 1929 unic
545 1891 591 1928 non
609 1876 767 1927 videturesse
788 1876 846 1928 ratio

46 1962 107 2010 quare
120 1962 170 1999 non
183 1947 260 2012 possit
268 1948 399 2013 dispensari
410 1947 434 1997 in
442 1951 497 1999 roto
506 1947 669 2010 continentie,
682 1948 702 1998 si
713 1948 848 2012 respiciatur

45 2021 143 2073 absolute
166 2021 196 2071 ari
218 2020 291 2083 ipsam
315 2019 464 2071 continentis
489 2019 634 2083 dignitatem
651 2020 776 2084 presertim
796 2020 847 2071 clun

45 2093 175 2155 Apostolus,
189 2093 199 2141 l
212 2092 250 2141 od
263 2092 338 2152 Cor„
353 2091 407 2153 llll,
423 2092 450 2141 ad
465 2090 629 2142 continentiam
641 2091 735 2141 inducat
754 2097 846 2155 propter

45 2162 270 2229 ronmmplnlionern‚
286 2163 370 2213 dicens
383 2161 441 2227 qulrl
456 2180 468 2209 rr
486 2163 568 2212 mulier
582 2162 680 2227 innupta
699 2162 782 2225 cogitat
797 2177 848 2225 qna

46 2236 79 2284 liei
87 2242 151 2297 sunt3
162 2252 177 2281 n
186 2234 240 2285 linis
249 2240 326 2287 antem
336 2233 413 2299 potior
421 2234 502 2289 estiis
511 2250 562 2299 qum
570 2238 625 2284 sunt
634 2234 663 2283 ad
672 2234 750 2283 linem.
762 2235 790 2283 Et
798 2233 849 2284 irleo

45 2308 77 2356 olii
91 2309 207 2357 rationem
223 2307 292 2371 liujus
305 2306 465 2369 assignanter
479 2307 630 2371 perpetuitate
644 2307 669 2355 et
682 2304 849 2360 universalitate

46 2378 105 2442 liujus
115 2378 183 2442 uoti3
199 2377 279 2427 dicunt
297 2378 359 2429 enim
376 2376 436 2439 quil
453 2382 533 2429 votnm
547 2376 695 2428 continentie
710 2389 757 2427 uon
773 2383 849 2443 potest

45 2449 197 2513 praetermitti,
218 2448 263 2499 nisi
278 2462 319 2513 per
337 2449 361 2499 id
378 2448 437 2513 quod
458 2453 496 2501 est
514 2448 607 2500 omnino
621 2448 757 2499 contrarium
765 2486 774 2513 ,
788 2452 849 2515 quot

45 2536 156 2585 nunquam
171 2520 228 2571 licet
241 2520 266 2570 in
278 2521 356 2584 aliquo
374 2523 436 2571 voto.
451 2521 496 2571 Sed
514 2523 559 2571 lroc
573 2524 609 2570 est
622 2519 740 2572 manifesti
754 2522 845 2573 falsum.

44 2594 96 2651 Quia
112 2595 177 2645 sicut
190 2593 225 2643 nti
239 2593 325 2647 carnali
338 2592 419 2657 oopuli
434 2596 470 2643 est
483 2591 629 2643 continentis
647 2594 785 2644 contrarium
792 2632 802 2659 ,
816 2595 848 2644 itn

45 2666 158 2717 comedere
174 2678 257 2717 carnes
270 2664 308 2715 uel
318 2664 398 2717 bibere
409 2665 489 2715 vinum
503 2668 540 2715 cst
552 2665 689 2715 oontrnrium
704 2666 847 2717 abstinentiae

45 2734 55 2784 i
71 2738 168 2801 lalibm3
183 2740 208 2788 et
221 2740 300 2789 canen
314 2736 340 2785 in
357 2735 488 2800 hujusmodi
501 2736 562 2789 rotis
573 2741 649 2800 potest
662 2737 798 2800 dispensari.

72 2811 99 2861 Et
115 2810 168 2861 ideo
180 2809 233 2860 aliis
242 2809 333 2860 villelm
343 2807 400 2873 quiri
414 2810 482 2863 etiam
494 2809 518 2859 in
532 2812 585 2861 uoto
595 2809 691 2861 solemni
700 2806 846 2861 continentis

45 2882 111 2942 possit
131 2881 262 2946 dispensari
275 2884 370 2947 propter
384 2881 481 2945 alipilum
500 2894 642 2931 communem
656 2879 776 2930 utilitatem
783 2914 791 2940 ,
805 2889 845 2929 sou
