1934 3284
104 158 150 206 ets
229 167 339 207 escuem
351 167 481 218 meusne,
497 167 592 214 eumer.
607 167 647 219 cr,
664 169 718 208 ser.
737 171 771 209 rr.

104 244 173 295 edam
185 247 223 295 est
230 247 348 308 peccatum
358 245 527 308 mortete3ci1m
536 259 617 297 nocere
631 245 734 310 proximo
747 247 778 297 stt
786 251 908 312 peceatum

103 316 212 379 mortale,
221 330 250 366 ex
258 317 306 367 sola
319 320 395 368 autem
404 317 531 368 intendere
539 317 629 382 peccati
638 317 740 370 mortalis
749 318 832 383 aliquis
841 333 906 371 mor-

104 387 180 440 taliter
188 395 275 451 peuut.
289 387 314 438 Si
327 387 382 440 verb
393 389 446 440 duis
457 389 560 439 intentus
573 402 619 439 non
635 389 665 440 sit
677 390 802 440 contrarius
822 391 901 442 chari-

105 459 159 520 tati,
178 472 221 510 nec
233 459 375 510 mendacium
388 460 512 512 secundum
525 462 585 511 banc
599 460 711 511 rationem
727 460 769 512 erit
784 466 906 525 peccatum

102 529 196 582 mortale
212 547 218 582 ε
233 531 294 582 dont
308 536 402 596 apparet
413 532 440 583 in
448 532 568 583 mendacio
579 533 674 596 peroso,
685 532 710 582 in
723 545 767 596 quo
780 534 910 586 intenditur

103 603 179 666 aliqua
196 603 254 654 levis
271 604 408 668 delectatio,
423 609 447 656 et
460 605 486 654 in
501 605 620 656 mendacio
633 605 748 665 officioso,
763 603 787 654 iu
801 619 847 669 quo
863 607 909 659 in-

102 675 202 728 tenditur
223 675 292 726 etiam
315 676 403 727 utilitas
421 675 527 740 proximi.
546 677 590 727 Per
606 675 712 726 accidens
731 679 808 726 autem
830 681 912 740 potest

103 746 237 796 contrariari
248 746 367 808 charitati,
381 747 469 798 radone
482 747 582 798 scandali
594 747 632 797 rel
647 747 810 810 cujuscumque
824 749 907 800 damni

103 817 278 881 consequentis:
294 818 359 869 etsie
368 818 490 870 eritetiam
506 822 624 883 peccatum
636 817 742 881 mortale,
752 819 805 868 dum
815 818 907 870 scilicet

102 887 184 951 aliquis
196 903 243 939 non
251 891 344 940 veretur
353 893 445 953 propter
455 889 585 940 scandalum
597 889 686 953 publice
704 888 806 939 mentiri.

134 961 168 1011 ld
186 961 285 1025 primum
301 974 355 1024 ergo
372 962 506 1024 duendum,
521 961 581 1026 qudd
595 961 639 1012 ills
657 960 804 1012 auctoritates
817 961 910 1013 intelli-

102 1038 186 1096 guntur
197 1034 225 1084 de
243 1033 360 1084 mendacio
373 1032 513 1097 pernicioso,
529 1035 555 1082 ut
567 1031 661 1096 exponit
673 1033 753 1084 Glossa
764 1045 833 1096 snper
844 1033 905 1086 illud

102 1107 144 1156 Pe.
154 1106 191 1154 V:
209 1122 223 1152 ι
235 1104 320 1154 Perdes
331 1117 410 1154 omnes
422 1104 463 1168 qui
476 1105 599 1166 loquuntur
610 1103 760 1154 mendacium.
776 1119 790 1150 u

133 1177 168 1227 nd
181 1175 305 1226 secundnm
323 1175 456 1236 dicendum,
470 1173 532 1238 uudd
546 1175 599 1224 edm
618 1175 695 1226 omnia
708 1179 822 1238 praecepta
836 1177 907 1227 deca-

103 1249 150 1312 logi
164 1248 296 1299 ordinentur
313 1249 342 1297 ad
362 1247 504 1299 dilectionem
522 1247 564 1298 ιιι
581 1249 605 1298 ιι
625 1245 738 1311 proximi,
753 1247 814 1298 sicut
834 1247 909 1312 suprlr

102 1319 248 1382 dictumest,
259 1318 285 1368 in
297 1321 386 1369 tantum
397 1319 540 1370 mendacium
549 1321 584 1368 est
596 1321 675 1369 contra
685 1321 825 1382 preceptum
835 1319 907 1369 deca·

102 1391 161 1454 logi,
175 1389 204 1440 iu
215 1394 324 1454 quantum
339 1393 376 1441 est
386 1394 464 1441 contra
476 1389 620 1442 dilectionem
633 1390 674 1440 bei
686 1393 710 1442 et
720 1389 826 1454 proximi.
837 1390 906 1442 Unde

102 1461 219 1524 sudanter
229 1463 363 1526 prohibetur
375 1466 453 1514 contra
469 1461 600 1526 proximum
612 1463 696 1512 salsum
706 1460 872 1520 testimonium.

134 1535 168 1584 ιι
188 1533 279 1584 tertium
292 1535 425 1597 dicendum,
440 1532 501 1597 qnbd
519 1533 588 1584 etiam
605 1537 723 1598 peccatum
736 1533 826 1583 reamle
841 1531 909 1598 largo

103 1603 170 1655 modo
180 1609 256 1669 potest
270 1605 315 1656 dici
328 1605 501 1670 triquetrum
512 1609 621 1667 qmrbrm
632 1609 667 1656 est
680 1608 764 1668 preter
773 1605 907 1669 equitatem

99 1675 204 1740 juncte.
223 1677 288 1728 llnde
302 1677 501 1742 diodoridem„
518 1677 550 1726 ιιι
562 1692 568 1726 :
581 1694 595 1726 u
604 1677 675 1728 Omne
684 1680 803 1740 peccatum
813 1679 849 1727 est
857 1676 907 1728 ini-

101 1748 208 1812 quitus.»
222 1749 252 1798 ιιι
262 1751 306 1801 ιιι
317 1749 383 1798 modo
397 1748 496 1811 loquitur
509 1749 656 1812 Augustinus,

132 1820 167 1870 ιι
177 1824 281 1883 quadum
295 1819 426 1879 dicendum,
436 1819 497 1884 qubd
507 1820 649 1870 mendacium
665 1819 810 1870 obstetricum
825 1825 906 1886 potest

101 1889 220 1954 dupliciter
233 1889 381 1941 musiderari.
394 1891 444 1942 Uno
455 1891 535 1952 modo,
547 1895 656 1954 quantum
672 1892 700 1942 ad
711 1890 818 1943 edoctum
829 1891 904 1944 bene-

101 1961 206 2012 volentia
222 1960 359 2024 inludens,
375 1965 399 2012 et
414 1953 528 2026 quantum'
538 1963 565 2012 nd
580 1963 730 2014 reuerentiam
746 1962 820 2012 diuini
833 1963 904 2015 timo-

101 2031 147 2093 ris,
158 2045 187 2083 ex
202 2032 284 2096 quibus
297 2033 467 2084 commendatur
479 2033 506 2084 in
515 2033 550 2084 eis
563 2034 651 2084 indoles
663 2033 770 2084 ubiuis:
784 2033 852 2084 etsie
862 2036 906 2086 de-

102 2103 167 2154 betur
180 2105 214 2156 eis
226 2105 379 2156 remuneratio
391 2109 489 2169 aeterna3
507 2105 566 2156 unde
580 2105 731 2169 Hieronymus
739 2106 834 2169 exponit
841 2105 903 2171 quod

101 2177 186 2228 Deus«
201 2177 321 2229 mdidcarit
336 2177 383 2228 illis
405 2177 484 2229 domos
497 2176 635 2242 spirituales.
649 2193 663 2225 u
679 2177 728 2227 lllio
746 2179 813 2228 modo
827 2183 903 2242 potest

8 2259 10 2264 ·
101 2249 238 2301 considerari
259 2253 369 2313 quantum
387 2249 509 2312 adipsum
528 2249 664 2299 subderem
679 2251 753 2298 actum
773 2250 899 2316 mendacii,

102 2335 147 2385 quo
159 2322 251 2385 quidem
264 2335 310 2374 non
318 2324 444 2386 potuerunt
456 2324 565 2372 eternam
582 2319 788 2372 remunerationem
800 2323 900 2387 mereri,

101 2393 141 2442 sed
152 2392 209 2443 torte
222 2394 321 2457 aliqrmm
333 2392 538 2443 remunerationem
555 2393 719 2456 tempomlem3
737 2389 802 2456 cujus
818 2395 900 2445 merite

102 2475 147 2513 non
159 2465 301 2526 repugnabat
317 2463 449 2515 deformitas
466 2463 529 2514 illius
545 2462 671 2526 mendacii,
686 2463 746 2513 sicut
759 2465 900 2528 repugnabat

101 2533 182 2586 merito
198 2535 386 2587 remunerationis
400 2539 500 2586 ceterum
514 2535 544 2584 nt
557 2535 591 2585 sic
604 2535 751 2598 intelligenda
764 2538 817 2585 stunt
831 2535 900 2586 rerba

101 2605 216 2668 Gregorii,
229 2619 276 2656 non
290 2606 352 2670 cuod
364 2620 404 2670 per
413 2606 468 2657 illud
481 2605 623 2658 mendacium
639 2607 778 2668 mererentur
796 2606 899 2658 amittere

101 2676 305 2728 remunerationem
315 2681 424 2729 eternum
433 2691 501 2741 quam
512 2677 560 2742 jem
573 2689 603 2727 ex
613 2675 750 2740 precedenti
759 2677 841 2728 ellectu
852 2689 900 2728 me·-

101 2748 200 2809 rue'rant,
213 2750 240 2798 ut
249 2749 307 2800 ratio
320 2749 466 2813 procedebat.

132 2818 168 2868 dd
179 2818 284 2882 quintum
297 2820 432 2881 dicendum,
446 2819 507 2884 qudd
520 2818 613 2883 quidem
625 2819 703 2870 dicurd
716 2819 776 2884 qubd
793 2819 897 2884 perlectis

63 2889 71 2895 ’
101 2887 158 2946 ruis
171 2903 239 2947 omne
251 2891 392 2944 meudedum
405 2894 442 2943 cst
454 2893 572 2963 peceatum
581 2892 692 2956 ιιιιιιιι·τ
702 2892 742 2944 sed
752 2893 797 2944 troc
805 2891 895 2942 untio-
