1934 3284
124 195 170 252 itt
235 206 342 250 monna
355 207 486 262 sncrrna,
500 208 598 256 nostr.
612 207 696 266 norim,
709 209 763 248 arr.
777 209 813 248 m.

126 290 282 352 contemptum
296 285 338 338 llei
356 285 470 352 importet,
484 285 606 338 manilosttl
617 285 711 338 mmhle
725 289 761 337 est
775 285 929 351 peccatum.)

157 359 294 424 ltesponcloo
308 358 441 420 dicendum,
450 358 511 421 qood
521 357 645 410 secontiam
654 358 780 410 doctrinam
793 359 931 424 Philosophi

128 430 184 495 (tib.
202 433 212 482 l
228 433 336 492 Postea,
355 433 412 481 tent.
428 429 474 495 5),
489 431 675 496 «propterquod
689 431 866 494 unumquodque
873 433 932 494 lale,

126 503 182 556 illul
196 501 278 565 magis.
297 517 311 549 n
329 501 437 552 violemus
450 505 527 552 autem
542 500 603 564 quod
618 515 646 553 ea
656 515 707 566 qnae
719 515 749 552 ex
763 514 789 552 se
802 505 856 554 sont
871 517 934 568 pec-

129 576 180 623 cata
192 572 305 638 reninis,
315 573 352 624 vel
360 573 428 624 etiam
439 573 499 624 hona
510 585 541 622 ex
549 583 646 635 genere,
656 574 677 624 si
688 574 712 623 in
721 577 878 637 contemptum
889 575 934 624 llei

129 645 198 706 fiant,
211 647 265 697 sunt
279 647 373 709 peccata
387 643 507 696 mortalia:
523 643 583 695 node
597 644 668 696 mutto
678 646 751 709 magis
763 643 872 710 quicquid
884 651 932 709 est,

129 717 189 780 qnod
208 717 236 766 lo
250 717 385 768 spiratione
399 716 497 780 pertinet
509 715 538 767 acl
551 718 706 780 contemptum
720 717 774 780 liei,
793 720 829 768 est
842 731 933 781 pecca-

131 792 180 838 turo
196 789 298 842 momnis.
313 787 441 854 Perjminm
462 791 539 838 antem
555 788 583 840 de
600 785 636 838 sni
651 788 738 840 ratione
751 788 859 853 importat
876 803 935 840 con-

131 863 242 926 temptum
255 859 308 924 llei3
323 873 353 911 ex
369 861 414 910 hoc
426 859 488 910 enirn
499 859 569 910 hahet
585 859 694 911 rationem
708 861 794 925 culpa,
808 863 833 910 nt
843 859 933 912 motum

131 935 183 996 cst,
197 932 250 998 qnia
265 934 293 984 ad
303 931 472 986 irreverentiam
483 931 525 982 llei
538 932 720 998 pertinacitate
734 931 884 984 manifestum
896 937 934 987 est

131 1003 190 1069 quod
202 1003 343 1068 perjurium,
359 1016 387 1054 er
399 1003 435 1054 sni
449 1002 551 1065 ratione,
567 1005 601 1053 est
616 1006 734 1068 peccatum
746 1001 854 1055 mortalet

162 1077 195 1126 tt
210 1075 307 1140 primurn
324 1089 378 1140 ergo
395 1074 530 1135 dicentium,
545 1073 606 1138 quot
619 1074 678 1125 sicot
700 1073 768 1138 suprl
785 1074 873 1126 dictum
899 1081 936 1127 est

132 1147 190 1212 (qu.
201 1151 239 1208 89,
255 1150 297 1197 art.
308 1149 332 1208 t,
346 1146 374 1196 ad
389 1145 430 1209 3),
443 1145 528 1196 coactio
542 1157 588 1195 non
601 1143 675 1195 aufert
686 1143 815 1208 juramento
833 1147 936 1208 promis·

83 1230 89 1236 ’
131 1217 192 1270 sorio
209 1218 257 1268 rim
273 1216 385 1281 obligandi
396 1220 503 1280 respectu
516 1217 567 1281 ejus
580 1216 641 1280 qnod
654 1214 716 1266 licitt
733 1216 782 1266 lieri
797 1219 892 1283 potest3
911 1223 935 1270 et

131 1289 183 1341 ilco
196 1290 216 1340 si
231 1289 313 1354 aliquis
327 1301 373 1339 non
384 1287 477 1352 impleat
492 1289 551 1351 quod
563 1291 654 1338 coactus
666 1287 766 1352 juravit,
782 1287 936 1342 nihilominus

131 1360 256 1424 perjurium
276 1359 370 1410 incurrit
396 1362 420 1410 et
443 1358 567 1410 mortaliter
588 1362 675 1423 peccat.
694 1359 774 1410 Potest
795 1363 874 1412 tamem
894 1378 937 1427 per

132 1433 291 1486 auctoritatem
309 1431 391 1483 summi
403 1430 522 1482 Pontificio
536 1431 564 1483 ah
577 1431 714 1495 obligatione
725 1431 794 1482 otiam
806 1431 937 1496 juramenti

133 1503 220 1554 absolvi
230 1503 355 1567 presertim
369 1503 388 1553 si
399 1508 492 1554 coactus
501 1500 569 1552 luent
581 1501 621 1552 tall
635 1502 747 1566 metnqni
758 1503 838 1554 cadere
853 1512 937 1568 posset

132 1576 156 1632 in
171 1577 313 1628 constantem
322 1574 405 1626 virum.
421 1575 484 1634 Quod
495 1577 571 1624 antem
583 1573 666 1626 dicitnr
678 1573 738 1638 qnod
750 1573 808 1625 tales
821 1587 869 1625 non
880 1582 938 1630 sunt

132 1646 243 1712 puniendi
257 1650 364 1710 tanquam
382 1658 423 1710 pro
437 1645 526 1696 mortali
541 1645 651 1708 crimine,
666 1658 712 1696 non
726 1647 769 1696 hoc
784 1645 836 1696 idco
849 1647 937 1700 dicitnr

133 1717 187 1782 quin
201 1731 248 1768 non
264 1720 358 1783 parent
374 1714 509 1780 mortaliter,
529 1716 570 1768 oet
582 1717 635 1780 qnia
652 1729 720 1781 poena
734 1715 769 1767 eis
784 1717 860 1769 minor
874 1719 938 1771 intll-

148 1789 203 1841 itur.

133 1804 147 1856 Β
164 1861 198 1911 ll
210 1861 334 1912 secundnm
346 1859 474 1924 dicendum,
487 1859 548 1924 qnid
564 1860 602 1911 illc
612 1860 652 1925 qui
662 1859 741 1924 locosi
754 1861 873 1926 perjurat,
891 1878 939 1915 non

133 1932 204 1986 evitat
225 1931 326 1982 divinam
335 1930 507 1981 irreverentiam
515 1968 525 1994 ‚
539 1931 579 1982 sed
593 1934 703 1995 quantum
716 1932 745 1983 ad
760 1931 848 1995 aliquid
861 1936 941 2000 magis

133 2007 216 2067 anget,
227 2007 250 2054 et
261 2003 312 2054 ideo
328 2015 375 2054 non
384 2004 506 2054 excusatur
517 2002 531 2054 l
541 2007 633 2068 peccato
649 2001 746 2054 mortali.
758 2003 799 2054 tlle
807 2008 888 2056 antem
898 2008 940 2070 qni

133 2089 162 2130 ex
170 2075 235 2141 lapsu
248 2075 332 2144 lingue
342 2073 422 2126 ialsnrn
434 2075 509 2139 jurat,
525 2076 546 2126 si
554 2076 648 2139 quidem
659 2074 761 2126 advertat
774 2087 799 2126 se
812 2075 895 2140 jurare
914 2083 939 2129 et

132 2147 214 2199 falsum
237 2161 287 2199 esse
309 2149 368 2212 quoi
386 2148 461 2212 jurat,
481 2160 527 2198 non
547 2150 669 2198 excusatur
684 2146 698 2196 t
713 2150 806 2212 peccato
824 2151 938 2215 mortali,

133 2221 192 2274 sicot
206 2220 276 2274 nect
291 2220 332 2274 liei
346 2223 493 2285 contemptu;
508 2221 528 2270 si
541 2223 617 2270 auom
629 2221 674 2270 hoc
686 2233 733 2271 non
753 2219 875 2283 advertat,
892 2237 940 2273 noo

133 2293 223 2346 ridetur
233 2293 316 2344 habero
329 2291 477 2342 intentionem
486 2290 577 2356 jurandi
583 2327 592 2354 ,
605 2295 629 2340 et
638 2289 689 2342 idco
702 2289 716 2341 l
729 2289 826 2340 crimine
840 2295 940 2358 perjurii

134 2368 262 2416 excusatur.
273 2365 314 2415 Est
324 2377 377 2426 crgo
390 2361 481 2426 gravius
492 2366 610 2426 peccatum
616 2399 625 2426 ,
634 2361 655 2413 si
665 2361 716 2427 quis
730 2361 866 2414 solemniter
873 2366 940 2430 juret

134 2449 175 2499 per
196 2435 356 2499 Evangelinm,
371 2433 439 2498 quim
456 2433 476 2484 si
497 2446 538 2498 per
559 2434 632 2484 lleum
648 2433 673 2483 in
695 2433 813 2504 commoni
828 2449 940 2489 sermono

131 2505 204 2569 joret,
219 2508 368 2570 tnmproptor
378 2503 519 2568 scandalum,
531 2508 579 2554 tum
588 2509 680 2570 propter
695 2505 809 2570 majorem
823 2506 939 2560 delibera·

133 2577 235 2639 tionem3
246 2575 327 2638 quihus
335 2575 449 2640 equaliter
458 2577 514 2626 hinc
525 2575 577 2626 inde
586 2576 696 2640 pensatis,
708 2577 798 2639 parius
807 2581 844 2628 cst
854 2579 874 2628 si
884 2581 939 2644 quis

134 2661 174 2712 per
182 2650 252 2699 Deum
263 2647 343 2712 jurans
356 2648 471 2713 perjuret,
485 2647 554 2712 quam
564 2647 585 2698 si
595 2647 698 2712 perjuret
709 2649 790 2713 jurans
800 2661 842 2713 per
855 2651 939 2702 Eran-

135 2719 229 2783 getium.

165 2791 199 2840 ll
209 2789 299 2840 tertium
314 2789 442 2852 hiandum,
457 2791 519 2856 quill
531 2804 577 2842 non
586 2793 678 2856 propter
688 2789 804 2856 quodlibet
816 2798 939 2857 peccatum

134 2862 229 2912 mortale
244 2861 324 2925 aliquis
336 2862 430 2915 infamis
443 2864 540 2914 efficitur
551 2864 600 2928 ipso
611 2863 680 2928 jure3
694 2864 753 2914 nnnc
767 2869 940 2932 nonseqnitnr,

133 2933 153 2988 si
166 2932 204 2986 ille
217 2933 257 2999 qul
269 2934 331 3004 jurat
345 2935 428 2992 falsum
441 2936 570 3005 juramento
582 2935 718 3003 assertorio,
727 2949 775 2989 non
792 2940 828 2989 cst
841 2937 940 2993 infamis
