1934 3284
136 128 184 177 ton
239 138 347 177 recount
361 136 489 189 nemon,
504 136 597 182 ooner.
615 136 728 188 cnnrn,
744 138 802 175 m.
819 137 847 173 ιι.

167 216 199 271 lt
224 216 322 283 primurn
340 226 394 279 erpo
413 212 547 276 dicendum,
561 211 623 277 qnod
643 211 705 263 nient
724 212 862 265 mnaoulosl
883 214 932 263 lteua

136 288 270 355 quandoque
280 290 386 351 operatur
399 284 496 349 quodam
510 284 668 334 excellentiori
678 284 759 345 modo,
770 286 843 336 etiam
854 299 880 335 ea
892 298 933 345 qne

136 364 216 411 natura
233 362 309 423 potest
321 357 409 421 operari
416 392 425 421 ,
441 358 473 406 ita
486 356 556 407 etiam
570 355 671 420 spiritua
683 360 782 408 sanmuro
795 358 904 406 exoellent
914 356 936 403 las

136 435 243 497 operetur
257 444 297 494 per
311 430 408 494 gratiam
425 428 537 479 sermonis
548 429 571 480 it
583 428 648 492 qnod
658 431 738 493 polest
752 442 792 479 ars
801 428 890 493 operari
903 429 932 475 in·

137 502 214 554 teriori
229 504 305 554 modo.

167 574 202 625 ild
216 574 338 625 secundnm
353 572 481 634 dicendum,
494 568 554 634 quod
568 570 885 635 Apostolnoibiloquitnrtle
896 583 936 618 ser-

137 659 205 697 mone
219 646 258 710 qui
273 643 376 696 inuititur
385 645 490 693 hnmanae
499 642 637 701 eloquentia
648 642 735 706 absque
747 643 838 693 virtute
847 643 934 706 Spiritus

137 721 226 781 sanctl3
241 719 300 769 undu
316 716 425 783 praemisit
442 730 448 764 :
471 731 486 762 o
501 715 642 777 cognoscam
660 727 708 765 non
721 728 858 766 sermonem
871 728 937 765 eornm

139 792 178 857 qui
188 788 259 841 inlati
275 792 342 851 unt,
356 787 395 837 aed
412 786 528 837 virtutem.
543 802 557 831 o
571 786 639 836 Etrle
655 786 734 849 seipso
746 789 895 850 premiserat
905 800 936 833 en-

139 874 180 926 pra
197 864 264 927 (cap.
276 860 295 911 ll
306 860 315 923 )
327 874 333 907 :
347 876 361 907 a
373 860 452 909 Sermo
467 871 531 907 urens
547 859 571 906 et
584 857 718 920 predicatio
733 871 789 909 mea
806 873 856 911 non
870 859 908 908 luit
922 859 938 904 i=

139 930 326 999 persuasibilius
339 931 445 981 humanm
464 928 580 993 sapientiae
600 928 692 991 uerbis,
707 930 748 979 sed
773 930 800 980 in
820 931 939 983 ostensiori:

140 1004 235 1067 apiritun
251 1008 274 1053 et
288 1002 412 1053 uirtutis.»

173 1076 206 1125 ld
219 1075 309 1125 tertium
320 1073 449 1135 dicendum,
457 1069 518 1133 quod
533 1070 591 1121 sicut
599 1070 685 1121 dietum
696 1075 742 1133 est,
752 1074 835 1136 gratia
843 1086 940 1125 sermonis

141 1146 207 1199 datur
215 1146 283 1196 alieni
291 1146 318 1197 ad
333 1145 453 1196 utilitatem
464 1143 559 1195 aliorum
569 1158 575 1193 :
586 1144 646 1193 unde
658 1145 802 1207 quandoque
813 1147 940 1197 subtrahite

141 1223 233 1285 propter
251 1218 361 1269 auditoris
381 1216 486 1281 culpam3
499 1214 634 1279 quandoque
652 1220 730 1266 antem
749 1223 855 1281 propter
868 1219 942 1279 culpan

141 1288 212 1355 ipsius
233 1290 355 1352 loquentis.
370 1288 433 1339 Bona
452 1289 529 1337 autem
545 1300 615 1351 opera
631 1286 753 1352 utriusque
773 1302 824 1339 nou
841 1295 940 1340 merente.

140 1360 227 1413 directe
249 1361 307 1409 hano
321 1359 430 1423 gratiam,
445 1358 485 1407 sed
501 1356 574 1407 solun
588 1358 717 1421 impediunt
729 1359 806 1423 hujus
819 1361 899 1423 gratiae
912 1360 941 1405 in·

141 1433 278 1499 polimenta.
295 1432 351 1483 Nan
374 1431 441 1481 etiarn
467 1428 539 1492 pratia
561 1431 667 1494 protum
688 1431 790 1493 tociens
815 1435 943 1483 suotralrln

141 1509 232 1569 propter
250 1503 354 1567 culpam,
368 1515 412 1552 nou
432 1504 510 1551 lamen
532 1513 582 1550 eam
605 1504 704 1550 moretm
722 1503 813 1566 aliquis
841 1518 886 1569 per
899 1505 943 1551 lien

142 1588 225 1639 opera.
241 1588 282 1639 per
294 1588 344 1637 quae
358 1574 445 1623 tollitur
458 1572 547 1623 tantum
561 1573 640 1635 gratim
651 1572 864 1637 impedimentum.

174 1648 206 1695 llll
220 1649 323 1709 quartum
349 1644 486 1705 dicendum,
501 1643 562 1707 quod
576 1643 635 1693 siout
648 1643 737 1695 dietum
753 1649 806 1709 est,
818 1648 895 1710 gratia
909 1658 945 1693 eer-

142 1717 217 1770 mouis
228 1717 343 1769 ordinatur
353 1716 380 1766 ad
390 1716 510 1767 utilitatem
518 1714 621 1767 aliorum.
630 1714 695 1774 ouon
703 1721 785 1767 antem
795 1719 884 1785 aliquis
892 1719 927 1767 tile
935 1735 943 1754 a

142 1804 207 1843 suam
226 1790 277 1839 aliia
293 1788 459 1851 communicet,
475 1788 501 1837 tit
516 1800 557 1851 per
572 1800 701 1838 sermonem
720 1790 833 1843 scientiae
848 1792 896 1842 sire
915 1802 943 1838 aa·

142 1861 234 1927 pientiae
249 1876 256 1910 :
270 1860 330 1911 unde
344 1859 483 1923 lltrgustinus
492 1858 545 1909 uicit
554 1860 614 1909 XlV.
627 1860 663 1909 De
676 1860 788 1919 Trinit„
797 1864 865 1929 qnod
875 1882 888 1912 n
900 1861 943 1911 sein>

143 1933 332 2055 Puemadmorlnm
351 1932 405 1981 llllee
421 1939 444 1981 et
458 1931 504 1995 piis
520 1929 653 1995 opituletur,
666 1935 692 1981 et
710 1939 796 1984 eontra
817 1936 903 2001 impios
914 1935 944 1980 le-

154 2006 264 2067 undatur,
284 2004 374 2057 uidetur
393 2004 513 2067 llpostolne
530 2004 664 2053 scientiam
682 2005 817 2068 appellare.
835 2025 849 2055 r
868 2011 894 2058 lit
906 2006 945 2054 ide¹

144 2088 191 2129 non
204 2077 302 2141 oportuit
314 2074 375 2141 qnod
392 2078 486 2139 poneret
498 2088 635 2123 sermonem
653 2075 720 2138 fidei
728 2115 737 2133 ,
754 2080 797 2129 sed
819 2081 903 2131 sufficit
916 2091 946 2141 pr

144 2163 198 2211 uere
212 2164 350 2203 sermonem
363 2150 476 2201 rcr'eotr'oe
487 2150 512 2197 et
525 2149 668 2212 rapierrtioe.

438 2326 598 2380 tumultis
612 2329 642 2379 ll.

147 2458 232 2505 Utritm
242 2458 323 2515 prolia
332 2458 447 2509 remouit
461 2458 584 2566 ᾖμιηῑιὶρ
596 2461 619 2502 ei
632 2458 738 2505 orientia
746 2464 881 2518 pertimeat
889 2465 946 2509 etiae>

510 2534 551 2566 mo
561 2532 630 2566 rerer.

176 2652 210 2705 tt
228 2652 351 2705 meandum
365 2650 399 2703 sie
411 2651 548 2717 proneditnr.
562 2650 656 2702 Videtur
668 2650 730 2721 quod
744 2657 827 2717 gratia
843 2672 945 2710 sermone

144 2722 262 2787 rapientia
276 2727 300 2781 et
315 2722 414 2777 nolentia>
425 2724 540 2789 pertineat
552 2723 622 2775 etiam
636 2725 666 2778 td
678 2724 804 2787 mulieres.
824 2734 863 2785 Ad
881 2736 943 2796 hujus-

144 2794 206 2844 modi
216 2796 277 2843 enim
290 2794 386 2857 gratiam
393 2794 493 2861 pertinet
500 2794 612 2858 notura,
622 2795 685 2849 unul
696 2796 789 2850 dietum
804 2809 847 2855 eet
861 2808 910 2869 (art.
921 2807 943 2862 ll.

144 2862 190 2914 sel
210 2863 290 2918 dooere
311 2867 419 2931 competit
435 2866 536 2922 mulieri.
557 2866 643 2921 ltieitur
663 2868 729 2920 enim
749 2872 889 2935 Propere,
901 2878 944 2929 ll':
