1934 3284
363 183 563 226 neminemnam.
763 157 768 165 ’
817 183 868 230 657

96 260 107 325 (
124 261 268 312 munero.
282 287 313 300 -
326 263 440 314 Sobrietas
459 264 560 316 maximi
574 264 634 316 eirea
647 270 726 330 putum
740 266 869 321 inebriandi

62 332 113 382 eim
127 333 248 383 habentem
262 335 393 398 uersatur.)

95 405 232 469 Respondes
245 405 372 470 dicendum,
388 407 448 471 quod
463 409 560 458 virtmes
569 422 621 472 que
635 409 664 458 ab
678 410 752 474 aliqua
766 413 870 475 generati

61 475 195 527 conditione
207 475 297 530 obtutis
312 479 464 544 nominantur,
478 481 542 530 illam
552 481 669 531 materiam
679 482 724 531 sibi
736 483 868 546 specialiter

60 547 270 612 mediastinum
282 550 471 602 difficillimumet
484 552 595 617 optimum
604 556 641 603 est
649 553 802 605 uenditionem
816 549 869 619 ej'rrs

62 619 202 678 observares
221 621 279 670 sicui
298 621 420 686 lordtudo,
436 623 536 686 pericula
556 625 649 687 mortis,
664 629 687 675 et
703 628 866 690 temperantia,

63 691 229 741 delectationes
244 693 326 743 taetris.
337 694 425 744 Nomen
438 699 514 745 autem
525 695 653 746 sobrietatis
666 696 763 746 sumitur
777 697 790 747 l
803 712 868 749 men-

64 774 128 810 sura.
142 761 227 811 Dicitur
244 763 304 813 enim
319 764 401 828 aliquis
419 767 523 830 sobrius,
537 767 603 832 quasi
617 767 702 816 braum
715 768 750 832 (1)
768 769 805 832 (id
821 774 866 833 est,

39 874 42 880 .
62 832 230 894 memorum)
246 847 339 885 servans
352 853 358 883 r
371 839 394 886 et
407 837 458 887 ideo
472 837 534 887 illam
551 837 668 889 materiam
679 838 808 902 specialiter
825 841 868 891 sibi

63 905 177 956 sobrietas
196 907 286 958 ascribit
299 907 322 958 in
336 922 381 972 qua
393 909 490 960 maxime
504 910 616 961 laudabile
628 914 664 960 est
676 922 806 961 mensurum
818 926 867 962 ser-

62 989 127 1028 vare.
143 977 276 1039 liujusmodi
291 982 365 1030 autem
381 984 416 1030 est
429 985 496 1045 potus
511 982 624 1032 inebriare
638 982 733 1045 ualens,
749 983 802 1046 quia
816 985 869 1049 ejus

61 1065 122 1104 usus
143 1055 287 1102 mensuratus
311 1052 406 1103 multllm
432 1056 531 1118 coniert3
554 1060 578 1106 et
601 1055 735 1106 immodicus
759 1071 868 1109 excessus

62 1122 163 1174 multirm
177 1123 420 1188 imitandumnullo
432 1141 499 1176 usum
513 1127 621 1190 rationis,
634 1126 706 1190 magis
720 1128 789 1178 etiam
799 1129 868 1191 uuam

62 1209 172 1249 excessus
182 1193 235 1244 eibi.
245 1195 309 1245 Unde
322 1196 403 1247 dieitur
417 1199 495 1255 licei..
507 1199 597 1249 ltlllli:
610 1199 725 1249 «sanitas
737 1204 773 1250 est
783 1202 868 1252 animat

63 1273 88 1320 et
100 1267 205 1332 corpori,
217 1266 306 1318 sobrius
317 1272 393 1332 potas.
404 1271 487 1320 Vinum
497 1272 592 1321 multum
606 1275 706 1336 potatum
718 1271 867 1324 irritationem

64 1344 89 1391 et
100 1339 158 1389 iram
178 1342 201 1388 et
215 1339 293 1389 ruinas
309 1341 390 1392 multas
403 1341 466 1392 lacit.
481 1359 496 1389 n
507 1344 535 1391 Et
549 1342 601 1393 ideo
614 1343 744 1407 specialiter
757 1344 869 1396 sobrietas

62 1411 188 1462 stenditur
201 1410 260 1461 eirca
276 1415 368 1475 petuma
384 1425 428 1464 non
448 1427 628 1479 quemeumque,
643 1416 682 1465 sed
700 1428 753 1465 eum
772 1415 810 1478 qui
825 1427 868 1465 sua

63 1482 197 1532 fumositate
216 1485 282 1533 natus
296 1485 331 1534 est
349 1491 417 1548 caput
435 1487 584 1547 conturbare,
599 1485 659 1536 sieut
672 1485 748 1536 viuum
763 1491 787 1537 et
800 1493 868 1538 omne

62 1554 125 1620 quod
144 1552 259 1604 inebriare
278 1559 363 1619 potest.
386 1557 541 1608 communiter
560 1562 636 1608 autem
655 1559 766 1609 sumendo
783 1571 867 1609 nomen

63 1625 227 1684 sobrietatis,
240 1629 316 1689 potest
329 1627 353 1677 in
364 1641 504 1692 quoeunque
515 1630 608 1680 mateda
622 1628 680 1691 dici,
694 1628 752 1679 sicut
764 1634 787 1680 et
800 1628 868 1694 supra

62 1697 151 1748 dictum
166 1699 202 1747 est
215 1697 243 1747 de
256 1698 386 1749 tortitudine
400 1703 422 1748 et
440 1702 598 1764 temperantia.

97 1768 130 1818 lid
142 1767 241 1832 primum
250 1781 304 1832 ergo
317 1769 444 1834 dicendum,
455 1771 515 1836 qubd
527 1771 587 1822 dont
595 1772 674 1822 vinnm
687 1771 803 1822 materiale
817 1773 867 1823 ine·

63 1839 125 1891 brist
138 1840 293 1902 eorproraliter,
303 1841 335 1890 ita
345 1842 414 1892 etiam
426 1843 578 1907 metapboriee
588 1844 739 1895 oondderatio
748 1844 867 1908 sapientire

64 1911 150 1962 dicitur
170 1916 237 1974 potus
256 1911 387 1974 inebrians3
399 1918 492 1978 propter
511 1916 556 1964 boe
574 1915 635 1978 qubd
654 1913 695 1965 sui
716 1914 868 1965 delectatione

64 1984 167 2034 animum
180 1983 260 2044 allinit,
279 1984 401 2034 meandum
418 1985 473 2035 illud
491 1985 588 2034 Psstm.
604 1987 683 2037 llllil:
701 1986 789 2036 «calix
802 1999 870 2036 mens

65 2055 183 2108 inebrians
196 2056 263 2119 quam
278 2057 399 2120 preclarus
411 2058 462 2108 est!
478 2075 492 2104 n
507 2059 536 2107 Et
553 2057 603 2108 ideo
619 2058 680 2107 cirea
694 2057 870 2120 oontemplatio·

64 2141 121 2181 rtem
136 2127 254 2192 sapientia
267 2141 308 2192 per
319 2129 490 2180 similitudinem
502 2132 622 2194 quamdam
634 2131 759 2180 sobrietas
774 2129 867 2179 dieitur.

98 2201 132 2252 Ad
148 2199 271 2250 meandum
285 2199 414 2264 dicendum,
424 2201 482 2264 qubd
498 2202 640 2266 omniaque
654 2203 680 2252 ad
695 2202 869 2266 temperantiam

64 2271 160 2340 proprii
177 2272 309 2336 pertinent,
323 2273 452 2324 necessaria
469 2271 522 2324 simt
544 2273 653 2338 presenti
670 2274 736 2335 vitae,
749 2277 773 2323 et
790 2285 869 2322 eorum

66 2357 179 2397 excessus
191 2347 266 2394 nocet.
281 2345 308 2393 Et
320 2343 372 2394 irleo
386 2343 410 2394 in
425 2346 531 2396 omnibus
543 2345 695 2396 necessarium
710 2347 746 2395 est
762 2343 870 2394 adbibere

66 2427 212 2478 mensuram,
222 2416 282 2479 pund
293 2415 392 2480 pertinet
402 2417 430 2467 ud
442 2417 542 2468 elicium
553 2415 691 2467 sobrietatis.
703 2417 798 2478 Propter
806 2414 868 2477 quod

100 2519 136 2588 (i)
155 2521 223 2572 Vasa
237 2539 313 2584 penus
330 2527 494 2585 interpretatur
511 2527 635 2583 calepinus
654 2527 739 2583 obiter,
754 2537 796 2570 nee
814 2537 869 2572 aue·

66 2595 141 2636 torem
159 2589 219 2634 illius'
242 2590 279 2634 uei
296 2591 425 2647 exemplum
445 2591 540 2635 omnino
555 2590 630 2636 aiiert.
650 2590 750 2635 Lacerda
766 2588 821 2634 verb
839 2600 870 2634 ex

67 2651 174 2699 Arnobio
185 2651 256 2696 refert
267 2651 308 2697 lib.
319 2651 379 2712 vti,
395 2653 460 2698 brius
474 2655 569 2711 puteris
578 2653 693 2710 iuuetur,
704 2658 728 2697 et
741 2663 769 2695 ex
782 2651 869 2696 illaesis

67 2715 230 2761 innominatim
241 2715 348 2761 indicatis
356 2717 417 2772 quod
427 2715 451 2760 iri
462 2716 518 2761 bria
530 2721 592 2785 γένος
607 2713 713 2781 ἀρχείου,
723 2714 746 2760 id
756 2720 801 2771 est,
809 2714 869 2758 sicut

65 2789 115 2844 jam
126 2785 211 2842 snpra.
226 2788 290 2831 ousia
299 2799 390 2844 penus,
405 2793 430 2832 ut
440 2787 463 2832 in
475 2787 635 2843 aduersariis,
648 2799 712 2832 num.
723 2784 779 2837 til.
791 2785 868 2829 uidere

65 2856 110 2898 est.
127 2849 187 2896 ilino
196 2848 258 2894 reete
270 2861 312 2906 pro
323 2859 430 2896 memora
440 2851 517 2907 potuit
529 2853 553 2895 s.
563 2851 666 2899 Thomas
675 2848 833 2908 interpretem,
843 2851 868 2892 et

66 2914 97 2962 ab
112 2914 165 2971 ejus
178 2911 273 2962 nomin
284 2913 559 2965 arianonorum
