1934 3284
114 154 161 202 ces
244 162 351 200 munros
366 163 495 215 sucum,
511 164 605 209 onnon
621 167 664 219 cc,
681 170 737 207 sar.
755 174 782 208 rr.

114 238 233 290 consilium
248 237 374 302 medicine,
389 241 415 288 ut
430 245 510 303 postea
518 253 562 304 per
577 242 689 294 vomitum
702 251 837 313 purgentur,
850 256 875 301 et
887 266 915 302 er

112 311 155 364 bec
173 311 287 374 superfluo
303 314 358 374 potu
379 313 482 375 sequitu
499 313 608 365 ebrietas.
621 315 681 380 Ergo
700 318 802 371 ebrietas
816 336 867 372 non
881 329 916 374 est

111 385 229 446 pomarum
242 384 345 434 mortale.

144 453 188 504 Sed
202 458 278 504 contra
288 459 332 517 est,
343 454 405 520 qnid
420 456 444 506 iu
456 457 602 507 Comites
611 459 792 523 Apostolorum
812 465 914 527 legitur:

114 525 281 589 «Episcopus,
297 530 337 576 aot
354 528 487 592 presbyter,
500 532 539 578 sut
554 529 667 582 Diaconos
679 532 735 583 alem
754 539 797 586 aut
809 538 915 589 ebrietati

112 597 242 648 deserviens
257 598 419 664 (retroccus)
435 604 473 649 aut
491 599 595 663 desinat,
612 607 654 653 ant
665 603 803 668 deponatur.
817 609 915 660 Subdiu-

113 683 183 721 cunus
196 674 271 720 autem
278 707 287 733 ,
299 670 379 731 lector,
394 675 433 722 eut
450 676 530 722 cantor
543 673 627 726 similia
638 674 740 739 inmens,
756 681 797 728 aut
811 681 916 746 desinat,

113 747 153 794 aut
165 743 323 794 communione
342 743 452 807 privetur.
467 743 577 794 Similiter
586 745 670 801 laicus.
684 762 700 794 u
714 749 759 799 Sed
769 751 831 802 tales
845 767 918 817 poeoa

113 827 159 866 uon
172 814 304 878 infliguntur
316 815 362 866 nisi
369 828 411 879 pro
424 820 518 880 peccato
532 817 630 867 mortali.
640 819 699 883 llrgo
708 821 811 874 ebrietes
819 828 857 876 est
866 839 918 892 pop

113 891 189 938 mcum
206 886 309 938 mortale.

147 961 308 1024 (Conccusro.
330 986 361 996 -
381 959 487 1012 Ebrietas
506 960 647 1024 velnnmria,
671 968 795 1028 peecatum
821 970 918 1022 mortale

114 1032 247 1095 simpliciter
259 1036 303 1083 est.
314 1031 323 1096 )

146 1105 280 1168 Respondes
293 1103 427 1168 dicendum,
442 1105 502 1168 quod
523 1105 590 1169 culpa
605 1105 739 1168 ebrietatis,
752 1109 816 1160 sieut
831 1111 919 1162 dictum

113 1180 162 1238 cst,
174 1175 279 1226 consistit
291 1173 315 1225 in
335 1175 481 1226 immoderato
501 1191 545 1227 usu
557 1181 582 1226 et
593 1179 783 1242 concupiscentia
795 1183 856 1234 vini.
874 1186 920 1235 lieo

114 1252 190 1299 autem
205 1247 316 1311 contingit
329 1261 380 1298 esse
394 1246 518 1312 tripliciter.
538 1249 588 1299 Uno
601 1251 685 1314 modo,
696 1251 731 1301 sic
746 1252 810 1315 quid
829 1258 920 1308 nesciat

114 1324 193 1385 potum
207 1334 256 1372 esse
267 1320 448 1381 immoderatum,
459 1321 482 1370 et
492 1319 604 1371 inebriare
613 1325 730 1385 potentem
741 1340 748 1372 ι
758 1328 784 1374 et
794 1326 831 1402 εἰς
843 1329 921 1381 ebrie·

113 1397 148 1442 tas
161 1395 238 1456 potest
257 1405 306 1443 esse
320 1392 369 1442 sine
384 1395 488 1456 peccato,
501 1392 559 1444 sicut
572 1392 657 1444 dietum
670 1398 716 1446 est.
731 1395 782 1446 llio
792 1401 863 1450 modo
878 1401 918 1461 sic,

112 1463 173 1529 qudd
187 1463 266 1527 aliquis
279 1465 390 1528 percipiat
402 1467 480 1528 potum
494 1477 546 1515 esse
558 1465 745 1529 immoderatum,
755 1481 803 1519 non
814 1472 921 1524 aestimet

113 1539 192 1600 potum
205 1547 255 1590 esse
269 1535 383 1588 inebriare
393 1539 510 1600 polentem
522 1540 563 1588 :et
570 1537 606 1588 sic
614 1536 713 1589 ebrietas
719 1543 795 1604 potest
801 1555 857 1595 esse
864 1561 919 1596 oum

113 1609 205 1671 peceato
221 1607 314 1658 veniali.
331 1607 407 1660 lertio
426 1609 492 1659 modo
505 1613 582 1672 potest
602 1610 735 1674 contingere
754 1613 818 1676 uudd
836 1617 921 1682 aliquis

113 1679 171 1730 bene
189 1679 291 1730 advertet
311 1685 388 1746 potum
406 1693 456 1732 esse
475 1681 647 1732 immodemtum
660 1685 685 1732 et
705 1683 877 1753 inebriantem,
898 1695 920 1741 et

114 1753 190 1800 buren
197 1751 274 1813 magis
284 1753 334 1802 vult
344 1752 478 1808 ebrietatem
489 1753 612 1814 incurrere,
623 1753 691 1817 quim
699 1755 778 1819 apoto
789 1758 918 1813 abstinere.

114 1821 144 1872 Et
157 1821 208 1872 talis
222 1823 313 1886 proprie
322 1823 507 1879 diciturebrr'uo‚
517 1825 571 1888 quia
579 1825 683 1875 mortalia
689 1827 804 1890 recipiunt
813 1833 920 1895 speeiem

114 1906 160 1944 nou
172 1893 200 1944 ab
210 1897 244 1944 eis
253 1909 303 1958 que
314 1909 354 1960 per
366 1895 469 1948 accidens
480 1896 590 1947 eveniunt
605 1900 687 1960 preter
697 1897 853 1952 intentionem
859 1941 869 1968 ,
878 1907 919 1956 sed

114 1966 144 2016 ab
156 1979 184 2017 eo
194 1967 254 2029 quod
267 1970 302 2016 est
316 1980 357 2030 per
373 1981 397 2018 se
415 1967 537 2020 intentum.
549 1969 579 2018 Et
590 1968 623 2018 sic
636 1969 733 2020 ebrietas
746 1974 782 2022 est
794 1981 919 2037 peccatum

114 2037 221 2098 mortale,
235 2039 289 2102 ouis
305 2037 429 2090 secundbm
447 2041 491 2090 boc
504 2040 572 2090 bomo
585 2040 665 2091 rolens
679 2044 703 2090 et
715 2040 794 2093 sciens
806 2045 886 2108 privat
895 2061 919 2099 se

114 2123 158 2160 usu
169 2110 327 2174 rationisque
340 2110 464 2163 secundbm
481 2111 588 2162 virtutem
601 2117 716 2176 operatur,
729 2117 753 2164 st
766 2121 869 2179 peecata
879 2121 919 2171 de·

114 2181 182 2231 clinat
197 2185 238 2232 :et
251 2182 284 2232 sic
297 2187 376 2246 peccat
389 2183 520 2244 mortaliter,
534 2183 634 2248 periculo
643 2187 753 2249 percandi
767 2201 794 2238 se
812 2193 919 2242 commit·

113 2255 173 2304 lens.
184 2253 243 2304 llicit
250 2255 310 2306 euim
321 2256 450 2306 Ambrosius
458 2255 482 2304 in
491 2256 531 2306 lib.
540 2257 700 2308 DePntrinr.
710 2258 757 2323 (nel
764 2260 917 2329 betereo,

113 2324 154 2375 lib.
165 2327 184 2387 1,
194 2340 244 2390 cap.
259 2330 301 2389 tt:
317 2345 330 2376 a
338 2328 455 2380 vitandam
470 2328 577 2380 discimus
586 2330 729 2393 ebrietatem,
736 2345 778 2395 per
786 2347 859 2396 quam
869 2338 919 2387 cri-

114 2397 175 2447 mina
195 2411 276 2448 cauere
294 2413 340 2450 non
360 2412 490 2464 possumus.
508 2401 633 2464 Namque
651 2401 721 2452 sobrii
735 2416 861 2469 caremus,
877 2421 919 2472 per
958 2452 960 2471 ,

115 2467 248 2520 ebrietatem
265 2469 394 2534 ignorantes
409 2470 571 2523 committimus
582 2473 628 2538 (t).
642 2473 732 2529 »Unde
747 2475 862 2543 ebrietas,
875 2493 917 2544 per
958 2536 960 2541 ,

115 2551 140 2590 se
154 2541 266 2606 loquendo
273 2579 282 2606 ‚
296 2547 331 2594 est
343 2545 461 2608 peceatum
475 2543 578 2595 mortale.

147 2707 181 2769 (1)
197 2711 267 2756 Addit
278 2715 346 2771 porro
360 2715 445 2762 ibidem
457 2721 483 2761 ut
493 2718 524 2763 sit
537 2718 653 2764 efficacior
664 2723 789 2778 probatior
804 2726 915 2772 Perorsos

116 2775 149 2814 oct
170 2773 233 2827 pedd
254 2786 281 2818 eo
302 2777 434 2836 inflammet
450 2779 578 2826 libidinem
601 2787 728 2840 corporis,
748 2787 804 2842 ipro
822 2801 915 2847 ursoque

116 2835 216 2878 montem
234 2835 347 2888 subruit,
361 2843 472 2886 estimem
489 2845 572 2900 capit,
586 2855 684 2891 romum
701 2851 835 2906 extorquet.
854 2853 914 2901 lter·

117 2893 188 2939 dunt
203 2895 263 2952 qaid
286 2897 419 2958 toquentur·
438 2906 482 2962 prot
501 2907 580 2952 storto
592 2906 811 2968 indoluerit-otoo,
822 2918 866 2959 ete,
886 2917 915 2961 tit
