<?xml version="1.0" encoding="UTF-8"?>
<!DOCTYPE html PUBLIC "-//W3C//DTD XHTML 1.0 Transitional//EN"
    "http://www.w3.org/TR/xhtml1/DTD/xhtml1-transitional.dtd">
<html xmlns="http://www.w3.org/1999/xhtml" xml:lang="en" lang="en">
 <head>
  <title>
</title>
<meta http-equiv="Content-Type" content="text/html;charset=utf-8" />
  <meta name='ocr-system' content='tesseract 3.04.00' />
  <meta name='ocr-capabilities' content='ocr_page ocr_carea ocr_par ocr_line ocrx_word'/>
</head>
<body>
  <div class='ocr_page' id='page_1' title='image "./summatheologica05nicogoog_0009.png"; bbox 0 0 1934 3284; ppageno 0'>
   <div class='ocr_carea' id='block_1_1' title="bbox 58 149 800 209">
    <p class='ocr_par' dir='ltr' id='par_1_1' title="bbox 58 149 800 209">
     <span class='ocr_line' id='line_1_1' title="bbox 58 149 800 209; baseline 0.004 -16"><span class='ocrx_word' id='word_1_1' title='bbox 58 184 62 193; x_wconf 91' lang='lat'><em>.</em></span> <span class='ocrx_word' id='word_1_2' title='bbox 121 149 136 195; x_wconf 62' lang='grc' dir='ltr'><strong>Ξ</strong></span> <span class='ocrx_word' id='word_1_3' title='bbox 236 157 345 201; x_wconf 74' lang='lat' dir='ltr'><strong>amoniti</strong></span> <span class='ocrx_word' id='word_1_4' title='bbox 359 157 475 198; x_wconf 68' lang='lat' dir='ltr'><strong>BBGURDB</strong></span> <span class='ocrx_word' id='word_1_5' title='bbox 482 179 489 208; x_wconf 83' lang='lat'><em>,</em></span> <span class='ocrx_word' id='word_1_6' title='bbox 506 157 600 204; x_wconf 65' lang='lat' dir='ltr'><strong>QUEM·</strong></span> <span class='ocrx_word' id='word_1_7' title='bbox 616 159 692 209; x_wconf 77' lang='lat' dir='ltr'><strong>Lm,</strong></span> <span class='ocrx_word' id='word_1_8' title='bbox 708 159 765 199; x_wconf 70' lang='lat' dir='ltr'><strong>ss&#39;i&#39;·</strong></span> <span class='ocrx_word' id='word_1_9' title='bbox 783 161 800 197; x_wconf 87' lang='lat' dir='ltr'><strong>i.</strong></span> 
     </span>
    </p>
   </div>
   <div class='ocr_carea' id='block_1_2' title="bbox 416 316 614 368">
    <p class='ocr_par' dir='ltr' id='par_1_2' title="bbox 416 316 614 368">
     <span class='ocr_line' id='line_1_2' title="bbox 416 316 614 368; baseline -0.005 0"><span class='ocrx_word' id='word_1_10' title='bbox 416 316 579 368; x_wconf 77' lang='lat' dir='ltr'><strong>caniclinus</strong></span> <span class='ocrx_word' id='word_1_11' title='bbox 594 317 614 367; x_wconf 91' lang='lat'><strong>1.</strong></span> 
     </span>
    </p>
   </div>
   <div class='ocr_carea' id='block_1_3' title="bbox 201 431 843 541">
    <p class='ocr_par' dir='ltr' id='par_1_3' title="bbox 201 431 843 541">
     <span class='ocr_line' id='line_1_3' title="bbox 201 431 843 490; baseline -0.002 -12"><span class='ocrx_word' id='word_1_12' title='bbox 201 431 287 478; x_wconf 79' lang='lat' dir='ltr'><strong>Utrdm</strong></span> <span class='ocrx_word' id='word_1_13' title='bbox 296 431 462 478; x_wconf 78' lang='lat' dir='ltr'><strong>conuenienter</strong></span> <span class='ocrx_word' id='word_1_14' title='bbox 471 433 625 490; x_wconf 67' lang='lat' dir='ltr'><strong>dampnentur</strong></span> <span class='ocrx_word' id='word_1_15' title='bbox 632 432 734 478; x_wconf 72' lang='lat' dir='ltr'><strong>eisteten</strong></span> <span class='ocrx_word' id='word_1_16' title='bbox 738 431 843 488; x_wconf 63' lang='lat' dir='ltr'><strong>santuine</strong></span> 
     </span>
     <span class='ocr_line' id='line_1_4' title="bbox 466 507 571 541; baseline 0 -1"><span class='ocrx_word' id='word_1_17' title='bbox 466 507 571 541; x_wconf 75' lang='lat' dir='ltr'><strong>aeneam.</strong></span> 
     </span>
    </p>
   </div>
   <div class='ocr_carea' id='block_1_4' title="bbox 117 610 927 891">
    <p class='ocr_par' dir='ltr' id='par_1_4' title="bbox 117 610 927 891">
     <span class='ocr_line' id='line_1_5' title="bbox 151 610 927 677; baseline 0.006 -14"><span class='ocrx_word' id='word_1_18' title='bbox 151 612 184 663; x_wconf 77' lang='lat' dir='ltr'><strong>rid</strong></span> <span class='ocrx_word' id='word_1_19' title='bbox 197 611 296 676; x_wconf 81' lang='lat' dir='ltr'><strong>prinum</strong></span> <span class='ocrx_word' id='word_1_20' title='bbox 310 613 343 664; x_wconf 86' lang='lat' dir='ltr'><strong>sic</strong></span> <span class='ocrx_word' id='word_1_21' title='bbox 352 610 486 676; x_wconf 78' lang='lat' dir='ltr'><strong>¹proceditur</strong></span> <span class='ocrx_word' id='word_1_22' title='bbox 494 612 537 677; x_wconf 87' lang='lat'><strong>(1).</strong></span> <span class='ocrx_word' id='word_1_23' title='bbox 550 612 646 663; x_wconf 79' lang='lat' dir='ltr'><strong>Videtur</strong></span> <span class='ocrx_word' id='word_1_24' title='bbox 656 613 716 676; x_wconf 74' lang='lat' dir='ltr'><strong>quod</strong></span> <span class='ocrx_word' id='word_1_25' title='bbox 728 613 927 668; x_wconf 73' lang='lat' dir='ltr'><strong>inconvenienter</strong></span> 
     </span>
     <span class='ocr_line' id='line_1_6' title="bbox 117 683 926 748; baseline 0.007 -14"><span class='ocrx_word' id='word_1_26' title='bbox 117 683 262 746; x_wconf 79' lang='lat' dir='ltr'><strong>assignentur</strong></span> <span class='ocrx_word' id='word_1_27' title='bbox 277 683 374 734; x_wconf 84' lang='lat' dir='ltr'><strong>uirtutes</strong></span> <span class='ocrx_word' id='word_1_28' title='bbox 383 683 478 748; x_wconf 77' lang='lat' dir='ltr'><strong>justitie</strong></span> <span class='ocrx_word' id='word_1_29' title='bbox 496 696 600 734; x_wconf 79' lang='lat' dir='ltr'><strong>annena.</strong></span> <span class='ocrx_word' id='word_1_30' title='bbox 618 684 705 736; x_wconf 69' lang='lat' dir='ltr'><strong>Tullius</strong></span> <span class='ocrx_word' id='word_1_31' title='bbox 721 685 782 734; x_wconf 89' lang='lat' dir='ltr'><strong>enim</strong></span> <span class='ocrx_word' id='word_1_32' title='bbox 796 694 926 739; x_wconf 87' lang='lat' dir='ltr'><strong>enumerat</strong></span> 
     </span>
     <span class='ocr_line' id='line_1_7' title="bbox 118 753 925 823; baseline 0.002 -17"><span class='ocrx_word' id='word_1_33' title='bbox 118 767 159 806; x_wconf 82' lang='lat' dir='ltr'><strong>sea</strong></span> <span class='ocrx_word' id='word_1_34' title='bbox 172 755 224 818; x_wconf 76' lang='lat' dir='ltr'><strong>iiii).</strong></span> <span class='ocrx_word' id='word_1_35' title='bbox 235 755 264 804; x_wconf 87' lang='lat'><strong>11.</strong></span> <span class='ocrx_word' id='word_1_36' title='bbox 276 755 314 806; x_wconf 83' lang='lat' dir='ltr'><strong>De</strong></span> <span class='ocrx_word' id='word_1_37' title='bbox 322 753 490 820; x_wconf 73' lang='lat' dir='ltr'><strong>monitione),</strong></span> <span class='ocrx_word' id='word_1_38' title='bbox 501 753 589 813; x_wconf 84' lang='lat' dir='ltr'><strong>scilicet</strong></span> <span class='ocrx_word' id='word_1_39' title='bbox 600 769 605 803; x_wconf 91' lang='lat'>:</span> <span class='ocrx_word' id='word_1_40' title='bbox 618 754 785 819; x_wconf 71' lang='lat' dir='ltr'><strong>«refigionem,</strong></span> <span class='ocrx_word' id='word_1_41' title='bbox 797 757 925 823; x_wconf 87' lang='lat' dir='ltr'><strong>pietatem,</strong></span> 
     </span>
     <span class='ocr_line' id='line_1_8' title="bbox 117 821 926 891; baseline 0.005 -15"><span class='ocrx_word' id='word_1_42' title='bbox 117 825 226 891; x_wconf 72' lang='lat' dir='ltr'><strong>gratiam,</strong></span> <span class='ocrx_word' id='word_1_43' title='bbox 240 825 425 889; x_wconf 74' lang='lat' dir='ltr'><strong>vindicationem,</strong></span> <span class='ocrx_word' id='word_1_44' title='bbox 434 821 614 890; x_wconf 74' lang='lat' dir='ltr'><strong>observantiam,</strong></span> <span class='ocrx_word' id='word_1_45' title='bbox 625 825 753 876; x_wconf 70' lang='lat' dir='ltr'><strong>vemmtcm.</strong></span> <span class='ocrx_word' id='word_1_46' title='bbox 763 826 926 880; x_wconf 77' lang='lat' dir='ltr'><strong>»Vindicatio</strong></span> 
     </span>
    </p>
   </div>
   <div class='ocr_carea' id='block_1_5' title="bbox 65 896 939 2537">
    <p class='ocr_par' dir='ltr' id='par_1_5' title="bbox 65 896 925 1162">
     <span class='ocr_line' id='line_1_9' title="bbox 118 896 925 962; baseline 0.004 -14"><span class='ocrx_word' id='word_1_47' title='bbox 118 900 193 948; x_wconf 87' lang='lat' dir='ltr'><strong>autem</strong></span> <span class='ocrx_word' id='word_1_48' title='bbox 212 898 301 948; x_wconf 84' lang='lat' dir='ltr'><strong>uidetur</strong></span> <span class='ocrx_word' id='word_1_49' title='bbox 314 898 400 962; x_wconf 87' lang='lat' dir='ltr'><strong>species</strong></span> <span class='ocrx_word' id='word_1_50' title='bbox 422 910 472 948; x_wconf 85' lang='lat' dir='ltr'><strong>esse</strong></span> <span class='ocrx_word' id='word_1_51' title='bbox 489 897 657 948; x_wconf 79' lang='lat' dir='ltr'><strong>mmmutatira</strong></span> <span class='ocrx_word' id='word_1_52' title='bbox 668 896 780 961; x_wconf 79' lang='lat' dir='ltr'><strong>justitia,</strong></span> <span class='ocrx_word' id='word_1_53' title='bbox 791 899 925 951; x_wconf 80' lang='lat' dir='ltr'><strong>secundum</strong></span> 
     </span>
     <span class='ocr_line' id='line_1_10' title="bbox 65 967 925 1032; baseline 0.003 -14"><span class='ocrx_word' id='word_1_54' title='bbox 65 1019 68 1025; x_wconf 81' lang='grc'><strong>,</strong></span> <span class='ocrx_word' id='word_1_55' title='bbox 118 980 197 1032; x_wconf 87' lang='lat' dir='ltr'><strong>qnam,</strong></span> <span class='ocrx_word' id='word_1_56' title='bbox 213 967 281 1018; x_wconf 85' lang='lat' dir='ltr'><strong>illatis</strong></span> <span class='ocrx_word' id='word_1_57' title='bbox 293 967 395 1032; x_wconf 85' lang='lat' dir='ltr'><strong>injuriis,</strong></span> <span class='ocrx_word' id='word_1_58' title='bbox 409 967 508 1018; x_wconf 85' lang='lat' dir='ltr'><strong>uindicta</strong></span> <span class='ocrx_word' id='word_1_59' title='bbox 522 969 668 1032; x_wconf 87' lang='lat' dir='ltr'><strong>rependitur,</strong></span> <span class='ocrx_word' id='word_1_60' title='bbox 683 971 708 1018; x_wconf 92' lang='lat' dir='ltr'><strong>ut</strong></span> <span class='ocrx_word' id='word_1_61' title='bbox 721 981 749 1019; x_wconf 83' lang='lat' dir='ltr'><strong>ex</strong></span> <span class='ocrx_word' id='word_1_62' title='bbox 763 968 832 1032; x_wconf 81' lang='lat' dir='ltr'><strong>supri</strong></span> <span class='ocrx_word' id='word_1_63' title='bbox 848 968 925 1022; x_wconf 86' lang='lat' dir='ltr'><strong>dictis</strong></span> 
     </span>
     <span class='ocr_line' id='line_1_11' title="bbox 118 1039 925 1105; baseline 0.006 -16"><span class='ocrx_word' id='word_1_64' title='bbox 118 1043 181 1104; x_wconf 88' lang='lat' dir='ltr'><strong>patet</strong></span> <span class='ocrx_word' id='word_1_65' title='bbox 190 1040 247 1104; x_wconf 80' lang='lat' dir='ltr'><strong>(qu.</strong></span> <span class='ocrx_word' id='word_1_66' title='bbox 258 1044 286 1089; x_wconf 82' lang='lat'><strong>61</strong></span> <span class='ocrx_word' id='word_1_67' title='bbox 297 1077 304 1104; x_wconf 92' lang='lat'>,</span> <span class='ocrx_word' id='word_1_68' title='bbox 316 1043 359 1090; x_wconf 88' lang='lat' dir='ltr'><strong>art.</strong></span> <span class='ocrx_word' id='word_1_69' title='bbox 372 1039 414 1103; x_wconf 81' lang='lat' dir='ltr'><strong>i).</strong></span> <span class='ocrx_word' id='word_1_70' title='bbox 423 1040 475 1090; x_wconf 88' lang='lat' dir='ltr'><strong>Non</strong></span> <span class='ocrx_word' id='word_1_71' title='bbox 483 1052 538 1103; x_wconf 77' lang='lat' dir='ltr'><strong>engo</strong></span> <span class='ocrx_word' id='word_1_72' title='bbox 549 1041 616 1091; x_wconf 84' lang='lat' dir='ltr'><strong>dehet</strong></span> <span class='ocrx_word' id='word_1_73' title='bbox 628 1039 750 1104; x_wconf 89' lang='lat' dir='ltr'><strong>poniinter</strong></span> <span class='ocrx_word' id='word_1_74' title='bbox 758 1039 854 1092; x_wconf 79' lang='lat' dir='ltr'><strong>uirtutes</strong></span> <span class='ocrx_word' id='word_1_75' title='bbox 864 1042 925 1105; x_wconf 81' lang='lat' dir='ltr'><strong>jus-</strong></span> 
     </span>
     <span class='ocr_line' id='line_1_12' title="bbox 117 1110 297 1162; baseline 0.011 -2"><span class='ocrx_word' id='word_1_76' title='bbox 117 1110 173 1162; x_wconf 84' lang='lat' dir='ltr'><strong>sitie</strong></span> <span class='ocrx_word' id='word_1_77' title='bbox 188 1124 297 1162; x_wconf 83' lang='lat' dir='ltr'><strong>annexas.</strong></span> 
     </span>
    </p>

    <p class='ocr_par' dir='ltr' id='par_1_6' title="bbox 116 1180 927 1533">
     <span class='ocr_line' id='line_1_13' title="bbox 149 1180 927 1250; baseline 0.003 -18"><span class='ocrx_word' id='word_1_78' title='bbox 149 1188 173 1234; x_wconf 72' lang='lat'><strong>2.</strong></span> <span class='ocrx_word' id='word_1_79' title='bbox 183 1185 310 1245; x_wconf 74' lang='lat' dir='ltr'><strong>pneuma,</strong></span> <span class='ocrx_word' id='word_1_80' title='bbox 322 1180 446 1234; x_wconf 78' lang='lat' dir='ltr'><strong>Macrobius</strong></span> <span class='ocrx_word' id='word_1_81' title='bbox 451 1183 549 1247; x_wconf 74' lang='lat' dir='ltr'><strong>‚Super</strong></span> <span class='ocrx_word' id='word_1_82' title='bbox 559 1184 692 1233; x_wconf 81' lang='lat' dir='ltr'><strong>Somnium</strong></span> <span class='ocrx_word' id='word_1_83' title='bbox 704 1183 839 1248; x_wconf 74' lang='lat' dir='ltr'><strong>Scipionis,</strong></span> <span class='ocrx_word' id='word_1_84' title='bbox 851 1191 927 1250; x_wconf 84' lang='lat' dir='ltr'><strong>ponit</strong></span> 
     </span>
     <span class='ocr_line' id='line_1_14' title="bbox 118 1254 926 1323; baseline 0.007 -17"><span class='ocrx_word' id='word_1_85' title='bbox 118 1259 220 1320; x_wconf 82' lang='lat' dir='ltr'><strong>septem,</strong></span> <span class='ocrx_word' id='word_1_86' title='bbox 234 1254 335 1307; x_wconf 82' lang='lat' dir='ltr'><strong>scilicet:</strong></span> <span class='ocrx_word' id='word_1_87' title='bbox 348 1271 362 1302; x_wconf 84' lang='lat' dir='ltr'><strong>c</strong></span> <span class='ocrx_word' id='word_1_88' title='bbox 371 1254 534 1315; x_wconf 80' lang='lat' dir='ltr'><strong>innocentiam,</strong></span> <span class='ocrx_word' id='word_1_89' title='bbox 549 1254 687 1318; x_wconf 87' lang='lat' dir='ltr'><strong>amicitiam,</strong></span> <span class='ocrx_word' id='word_1_90' title='bbox 698 1257 842 1307; x_wconf 87' lang='lat' dir='ltr'><strong>concordiam</strong></span> <span class='ocrx_word' id='word_1_91' title='bbox 848 1295 857 1321; x_wconf 89' lang='lat'><em>‚</em></span> <span class='ocrx_word' id='word_1_92' title='bbox 869 1261 926 1323; x_wconf 88' lang='lat' dir='ltr'><strong>pie·</strong></span> 
     </span>
     <span class='ocr_line' id='line_1_15' title="bbox 118 1325 925 1394; baseline 0.01 -17"><span class='ocrx_word' id='word_1_93' title='bbox 118 1331 203 1391; x_wconf 86' lang='lat' dir='ltr'><strong>tatem,</strong></span> <span class='ocrx_word' id='word_1_94' title='bbox 217 1326 365 1390; x_wconf 73' lang='lat' dir='ltr'><strong>religionem,</strong></span> <span class='ocrx_word' id='word_1_95' title='bbox 377 1325 499 1388; x_wconf 79' lang='lat' dir='ltr'><strong>adiectum,</strong></span> <span class='ocrx_word' id='word_1_96' title='bbox 514 1325 690 1390; x_wconf 67' lang='lat' dir='ltr'><strong>humanitatem</strong></span> <span class='ocrx_word' id='word_1_97' title='bbox 703 1343 717 1374; x_wconf 89' lang='lat' dir='ltr'><strong>n</strong></span> <span class='ocrx_word' id='word_1_98' title='bbox 731 1340 825 1390; x_wconf 69' lang='lat' dir='ltr'><strong>marum</strong></span> <span class='ocrx_word' id='word_1_99' title='bbox 839 1330 925 1394; x_wconf 89' lang='lat' dir='ltr'><strong>piures</strong></span> 
     </span>
     <span class='ocr_line' id='line_1_16' title="bbox 117 1397 926 1462; baseline 0.009 -14"><span class='ocrx_word' id='word_1_100' title='bbox 117 1397 219 1450; x_wconf 80' lang='lat' dir='ltr'><strong>iTuiiio</strong></span> <span class='ocrx_word' id='word_1_101' title='bbox 236 1397 446 1462; x_wconf 77' lang='lat' dir='ltr'><strong>praetermittuntur.</strong></span> <span class='ocrx_word' id='word_1_102' title='bbox 462 1398 522 1461; x_wconf 76' lang='lat' dir='ltr'><strong>Ergo</strong></span> <span class='ocrx_word' id='word_1_103' title='bbox 538 1398 628 1448; x_wconf 84' lang='lat' dir='ltr'><strong>videtur</strong></span> <span class='ocrx_word' id='word_1_104' title='bbox 643 1397 807 1449; x_wconf 83' lang='lat' dir='ltr'><strong>insufficienter</strong></span> <span class='ocrx_word' id='word_1_105' title='bbox 818 1411 926 1455; x_wconf 89' lang='lat' dir='ltr'><strong>enume-</strong></span> 
     </span>
     <span class='ocr_line' id='line_1_17' title="bbox 116 1468 600 1533; baseline -0.002 -13"><span class='ocrx_word' id='word_1_106' title='bbox 116 1473 178 1520; x_wconf 86' lang='lat' dir='ltr'><strong>ratas</strong></span> <span class='ocrx_word' id='word_1_107' title='bbox 191 1483 242 1520; x_wconf 88' lang='lat' dir='ltr'><strong>esse</strong></span> <span class='ocrx_word' id='word_1_108' title='bbox 253 1469 349 1520; x_wconf 76' lang='lat' dir='ltr'><strong>virtutes</strong></span> <span class='ocrx_word' id='word_1_109' title='bbox 361 1468 458 1532; x_wconf 78' lang='lat' dir='ltr'><strong>justitia</strong></span> <span class='ocrx_word' id='word_1_110' title='bbox 471 1470 600 1533; x_wconf 85' lang='lat' dir='ltr'><strong>adjunctas.</strong></span> 
     </span>
    </p>

    <p class='ocr_par' dir='ltr' id='par_1_7' title="bbox 115 1539 925 1959">
     <span class='ocr_line' id='line_1_18' title="bbox 149 1539 924 1605; baseline 0.006 -16"><span class='ocrx_word' id='word_1_111' title='bbox 149 1545 173 1590; x_wconf 76' lang='lat' dir='ltr'><strong>s.</strong></span> <span class='ocrx_word' id='word_1_112' title='bbox 188 1542 314 1605; x_wconf 75' lang='lat' dir='ltr'><strong>praterea,</strong></span> <span class='ocrx_word' id='word_1_113' title='bbox 336 1539 496 1604; x_wconf 78' lang='lat' dir='ltr'><strong>ducibusdam</strong></span> <span class='ocrx_word' id='word_1_114' title='bbox 513 1540 563 1590; x_wconf 85' lang='lat' dir='ltr'><strong>aliis</strong></span> <span class='ocrx_word' id='word_1_115' title='bbox 583 1544 700 1604; x_wconf 88' lang='lat' dir='ltr'><strong>ponuntur</strong></span> <span class='ocrx_word' id='word_1_116' title='bbox 719 1540 818 1604; x_wconf 78' lang='lat' dir='ltr'><strong>quinque</strong></span> <span class='ocrx_word' id='word_1_117' title='bbox 838 1550 924 1604; x_wconf 87' lang='lat' dir='ltr'><strong>partes</strong></span> 
     </span>
     <span class='ocr_line' id='line_1_19' title="bbox 115 1611 924 1676; baseline 0.002 -15"><span class='ocrx_word' id='word_1_118' title='bbox 115 1611 223 1676; x_wconf 76' lang='lat' dir='ltr'><strong>justitia,</strong></span> <span class='ocrx_word' id='word_1_119' title='bbox 237 1612 325 1663; x_wconf 83' lang='lat' dir='ltr'><strong>scilicet</strong></span> <span class='ocrx_word' id='word_1_120' title='bbox 340 1628 346 1662; x_wconf 92' lang='lat'>:</span> <span class='ocrx_word' id='word_1_121' title='bbox 359 1611 503 1662; x_wconf 80' lang='lat' dir='ltr'><strong>odedientia</strong></span> <span class='ocrx_word' id='word_1_122' title='bbox 514 1616 619 1675; x_wconf 88' lang='lat' dir='ltr'><strong>respectu</strong></span> <span class='ocrx_word' id='word_1_123' title='bbox 627 1611 765 1675; x_wconf 88' lang='lat' dir='ltr'><strong>superioris,</strong></span> <span class='ocrx_word' id='word_1_124' title='bbox 777 1611 924 1676; x_wconf 72' lang='lat' dir='ltr'><strong>disciplina</strong></span> 
     </span>
     <span class='ocr_line' id='line_1_20' title="bbox 116 1682 925 1748; baseline 0.006 -17"><span class='ocrx_word' id='word_1_125' title='bbox 116 1686 222 1748; x_wconf 84' lang='lat' dir='ltr'><strong>respectu</strong></span> <span class='ocrx_word' id='word_1_126' title='bbox 232 1683 361 1746; x_wconf 76' lang='lat' dir='ltr'><strong>inferioris,</strong></span> <span class='ocrx_word' id='word_1_127' title='bbox 376 1685 485 1748; x_wconf 78' lang='lat' dir='ltr'><strong>equitas</strong></span> <span class='ocrx_word' id='word_1_128' title='bbox 501 1685 606 1747; x_wconf 86' lang='lat' dir='ltr'><strong>respectu</strong></span> <span class='ocrx_word' id='word_1_129' title='bbox 619 1682 754 1746; x_wconf 69' lang='lat' dir='ltr'><strong>equalium,</strong></span> <span class='ocrx_word' id='word_1_130' title='bbox 767 1683 832 1747; x_wconf 77' lang='lat' dir='ltr'><strong>fides</strong></span> <span class='ocrx_word' id='word_1_131' title='bbox 845 1688 870 1734; x_wconf 90' lang='lat' dir='ltr'><strong>et</strong></span> <span class='ocrx_word' id='word_1_132' title='bbox 881 1701 925 1736; x_wconf 84' lang='lat' dir='ltr'><strong>ue-</strong></span> 
     </span>
     <span class='ocr_line' id='line_1_21' title="bbox 118 1752 925 1819; baseline 0.005 -16"><span class='ocrx_word' id='word_1_133' title='bbox 118 1756 185 1804; x_wconf 79' lang='lat' dir='ltr'><strong>ritus</strong></span> <span class='ocrx_word' id='word_1_134' title='bbox 197 1757 302 1819; x_wconf 84' lang='lat' dir='ltr'><strong>respectu</strong></span> <span class='ocrx_word' id='word_1_135' title='bbox 320 1753 435 1818; x_wconf 81' lang='lat' dir='ltr'><strong>omnium3</strong></span> <span class='ocrx_word' id='word_1_136' title='bbox 451 1753 478 1804; x_wconf 87' lang='lat' dir='ltr'><strong>de</strong></span> <span class='ocrx_word' id='word_1_137' title='bbox 493 1754 576 1818; x_wconf 79' lang='lat' dir='ltr'><strong>umbus</strong></span> <span class='ocrx_word' id='word_1_138' title='bbox 589 1752 602 1802; x_wconf 80' lang='lat' dir='ltr'><strong>a</strong></span> <span class='ocrx_word' id='word_1_139' title='bbox 616 1752 689 1803; x_wconf 84' lang='lat' dir='ltr'><strong>Tullio</strong></span> <span class='ocrx_word' id='word_1_140' title='bbox 701 1767 747 1805; x_wconf 91' lang='lat' dir='ltr'><strong>nou</strong></span> <span class='ocrx_word' id='word_1_141' title='bbox 760 1753 854 1818; x_wconf 91' lang='lat' dir='ltr'><strong>ponitur</strong></span> <span class='ocrx_word' id='word_1_142' title='bbox 872 1758 925 1807; x_wconf 89' lang='lat' dir='ltr'><strong>nisi</strong></span> 
     </span>
     <span class='ocr_line' id='line_1_22' title="bbox 117 1823 925 1890; baseline 0.006 -16"><span class='ocrx_word' id='word_1_143' title='bbox 117 1825 265 1890; x_wconf 64' lang='lat' dir='ltr'><strong>uerticem).</strong></span> <span class='ocrx_word' id='word_1_144' title='bbox 286 1827 345 1889; x_wconf 75' lang='lat' dir='ltr'><strong>Ergo</strong></span> <span class='ocrx_word' id='word_1_145' title='bbox 364 1825 455 1876; x_wconf 84' lang='lat' dir='ltr'><strong>videtur</strong></span> <span class='ocrx_word' id='word_1_146' title='bbox 470 1823 634 1876; x_wconf 82' lang='lat' dir='ltr'><strong>insufficienter</strong></span> <span class='ocrx_word' id='word_1_147' title='bbox 653 1837 797 1876; x_wconf 80' lang='lat' dir='ltr'><strong>enumerasse</strong></span> <span class='ocrx_word' id='word_1_148' title='bbox 819 1824 925 1879; x_wconf 76' lang='lat' dir='ltr'><strong>vututes</strong></span> 
     </span>
     <span class='ocr_line' id='line_1_23' title="bbox 115 1896 332 1959; baseline 0.009 -12"><span class='ocrx_word' id='word_1_149' title='bbox 115 1896 210 1959; x_wconf 79' lang='lat' dir='ltr'><strong>justitia</strong></span> <span class='ocrx_word' id='word_1_150' title='bbox 221 1911 332 1950; x_wconf 85' lang='lat' dir='ltr'><strong>annexas.</strong></span> 
     </span>
    </p>

    <p class='ocr_par' dir='ltr' id='par_1_8' title="bbox 116 1967 939 2374">
     <span class='ocr_line' id='line_1_24' title="bbox 152 1967 925 2034; baseline 0.004 -15"><span class='ocrx_word' id='word_1_151' title='bbox 152 1972 175 2020; x_wconf 81' lang='lat' dir='ltr'><strong>i.</strong></span> <span class='ocrx_word' id='word_1_152' title='bbox 189 1970 315 2034; x_wconf 74' lang='lat' dir='ltr'><strong>preterea,</strong></span> <span class='ocrx_word' id='word_1_153' title='bbox 333 1970 475 2020; x_wconf 72' lang='lat' dir='ltr'><strong>Andronicus</strong></span> <span class='ocrx_word' id='word_1_154' title='bbox 488 1967 652 2031; x_wconf 79' lang='lat' dir='ltr'><strong>peripateticus</strong></span> <span class='ocrx_word' id='word_1_155' title='bbox 662 1967 728 2031; x_wconf 89' lang='lat' dir='ltr'><strong>ponit</strong></span> <span class='ocrx_word' id='word_1_156' title='bbox 742 1979 824 2018; x_wconf 81' lang='lat' dir='ltr'><strong>norem</strong></span> <span class='ocrx_word' id='word_1_157' title='bbox 839 1974 925 2031; x_wconf 82' lang='lat' dir='ltr'><strong>parcns</strong></span> 
     </span>
     <span class='ocr_line' id='line_1_25' title="bbox 116 2038 926 2104; baseline 0.004 -15"><span class='ocrx_word' id='word_1_158' title='bbox 116 2039 213 2103; x_wconf 79' lang='lat' dir='ltr'><strong>justitia</strong></span> <span class='ocrx_word' id='word_1_159' title='bbox 224 2053 338 2104; x_wconf 84' lang='lat' dir='ltr'><strong>annexas,</strong></span> <span class='ocrx_word' id='word_1_160' title='bbox 348 2041 452 2091; x_wconf 86' lang='lat' dir='ltr'><strong>scilicet:</strong></span> <span class='ocrx_word' id='word_1_161' title='bbox 468 2057 481 2086; x_wconf 87' lang='lat' dir='ltr'><strong>u</strong></span> <span class='ocrx_word' id='word_1_162' title='bbox 489 2038 660 2101; x_wconf 82' lang='lat' dir='ltr'><strong>liberalitatem,</strong></span> <span class='ocrx_word' id='word_1_163' title='bbox 674 2038 851 2101; x_wconf 78' lang='lat' dir='ltr'><strong>benignitatem,</strong></span> <span class='ocrx_word' id='word_1_164' title='bbox 867 2041 926 2092; x_wconf 78' lang='lat' dir='ltr'><strong>uin-</strong></span> 
     </span>
     <span class='ocr_line' id='line_1_26' title="bbox 119 2109 939 2176; baseline 0.001 -16"><span class='ocrx_word' id='word_1_165' title='bbox 119 2110 253 2175; x_wconf 82' lang='lat' dir='ltr'><strong>dicativam,</strong></span> <span class='ocrx_word' id='word_1_166' title='bbox 267 2123 474 2176; x_wconf 73' lang='lat' dir='ltr'><strong>ouguomnsymm,</strong></span> <span class='ocrx_word' id='word_1_167' title='bbox 490 2109 620 2172; x_wconf 83' lang='lat' dir='ltr'><strong>eusebiam,</strong></span> <span class='ocrx_word' id='word_1_168' title='bbox 636 2109 810 2175; x_wconf 77' lang='lat' dir='ltr'><strong>eucharistiam,</strong></span> <span class='ocrx_word' id='word_1_169' title='bbox 828 2113 939 2162; x_wconf 62' lang='lat' dir='ltr'><strong>sancti-¹</strong></span> 
     </span>
     <span class='ocr_line' id='line_1_27' title="bbox 118 2174 938 2244; baseline 0.004 -13"><span class='ocrx_word' id='word_1_170' title='bbox 118 2184 200 2244; x_wconf 86' lang='lat' dir='ltr'><strong>tatem,</strong></span> <span class='ocrx_word' id='word_1_171' title='bbox 218 2184 300 2234; x_wconf 85' lang='lat' dir='ltr'><strong>bonam</strong></span> <span class='ocrx_word' id='word_1_172' title='bbox 322 2182 538 2241; x_wconf 87' lang='lat' dir='ltr'><strong>commutationem,</strong></span> <span class='ocrx_word' id='word_1_173' title='bbox 554 2180 772 2244; x_wconf 74' lang='lat' dir='ltr'><strong>legispositiuam.u</strong></span> <span class='ocrx_word' id='word_1_174' title='bbox 793 2180 811 2228; x_wconf 88' lang='lat' dir='ltr'><strong>ii</strong></span> <span class='ocrx_word' id='word_1_175' title='bbox 833 2174 938 2243; x_wconf 57' lang='lat' dir='ltr'><strong>quibus*</strong></span> 
     </span>
     <span class='ocr_line' id='line_1_28' title="bbox 117 2232 938 2339; baseline -0.001 -37"><span class='ocrx_word' id='word_1_176' title='bbox 117 2252 186 2304; x_wconf 73' lang='lat' dir='ltr'><strong>etum</strong></span> <span class='ocrx_word' id='word_1_177' title='bbox 202 2253 289 2304; x_wconf 81' lang='lat' dir='ltr'><strong>&#39;duilius</strong></span> <span class='ocrx_word' id='word_1_178' title='bbox 301 2251 419 2304; x_wconf 75' lang='lat' dir='ltr'><strong>manifesti</strong></span> <span class='ocrx_word' id='word_1_179' title='bbox 437 2265 483 2302; x_wconf 91' lang='lat' dir='ltr'><strong>non</strong></span> <span class='ocrx_word' id='word_1_180' title='bbox 498 2250 564 2314; x_wconf 89' lang='lat' dir='ltr'><strong>ponit</strong></span> <span class='ocrx_word' id='word_1_181' title='bbox 580 2251 625 2300; x_wconf 88' lang='lat' dir='ltr'><strong>nisi</strong></span> <span class='ocrx_word' id='word_1_182' title='bbox 641 2251 836 2301; x_wconf 76' lang='lat' dir='ltr'><strong>uc&#39;ndicciiuum.</strong></span> <span class='ocrx_word' id='word_1_183' title='bbox 855 2232 938 2339; x_wconf 49' lang='lat' dir='ltr'><strong>urged</strong></span> 
     </span>
     <span class='ocr_line' id='line_1_29' title="bbox 118 2323 935 2374; baseline -0.002 -2"><span class='ocrx_word' id='word_1_184' title='bbox 118 2323 205 2374; x_wconf 82' lang='lat' dir='ltr'><strong>ridetur</strong></span> <span class='ocrx_word' id='word_1_185' title='bbox 215 2324 376 2374; x_wconf 83' lang='lat' dir='ltr'><strong>insufficienter</strong></span> <span class='ocrx_word' id='word_1_186' title='bbox 384 2334 540 2374; x_wconf 83' lang='lat' dir='ltr'><strong>enumerasse.</strong></span> <span class='ocrx_word' id='word_1_187' title='bbox 934 2342 935 2346; x_wconf 41' lang='lat'>¹</span> 
     </span>
    </p>

    <p class='ocr_par' dir='ltr' id='par_1_9' title="bbox 116 2392 924 2537">
     <span class='ocr_line' id='line_1_30' title="bbox 151 2392 924 2458; baseline 0.001 -14"><span class='ocrx_word' id='word_1_188' title='bbox 151 2399 173 2444; x_wconf 86' lang='lat'><strong>5.</strong></span> <span class='ocrx_word' id='word_1_189' title='bbox 183 2396 301 2457; x_wconf 85' lang='lat' dir='ltr'><strong>Praeterea,</strong></span> <span class='ocrx_word' id='word_1_190' title='bbox 312 2393 443 2445; x_wconf 73' lang='lat' dir='ltr'><strong>Aristoteles</strong></span> <span class='ocrx_word' id='word_1_191' title='bbox 456 2393 480 2442; x_wconf 93' lang='lat' dir='ltr'><strong>in</strong></span> <span class='ocrx_word' id='word_1_192' title='bbox 493 2395 512 2440; x_wconf 85' lang='lat' dir='ltr'>V</span> <span class='ocrx_word' id='word_1_193' title='bbox 525 2394 619 2450; x_wconf 71' lang='lat' dir='ltr'><strong>Editio,</strong></span> <span class='ocrx_word' id='word_1_194' title='bbox 631 2393 696 2458; x_wconf 90' lang='lat' dir='ltr'><strong>ponit</strong></span> <span class='ocrx_word' id='word_1_195' title='bbox 710 2392 858 2457; x_wconf 83' lang='lat' dir='ltr'><strong>epieiiceium</strong></span> <span class='ocrx_word' id='word_1_196' title='bbox 866 2395 924 2458; x_wconf 84' lang='lat' dir='ltr'><strong>jus-</strong></span> 
     </span>
     <span class='ocr_line' id='line_1_31' title="bbox 116 2464 896 2537; baseline 0.003 -21"><span class='ocrx_word' id='word_1_197' title='bbox 116 2468 171 2519; x_wconf 84' lang='lat' dir='ltr'><strong>titiae</strong></span> <span class='ocrx_word' id='word_1_198' title='bbox 184 2467 329 2537; x_wconf 82' lang='lat' dir='ltr'><strong>adjunctam,</strong></span> <span class='ocrx_word' id='word_1_199' title='bbox 339 2467 367 2518; x_wconf 89' lang='lat' dir='ltr'><strong>de</strong></span> <span class='ocrx_word' id='word_1_200' title='bbox 384 2465 467 2532; x_wconf 84' lang='lat' dir='ltr'><strong>quain</strong></span> <span class='ocrx_word' id='word_1_201' title='bbox 481 2465 543 2515; x_wconf 90' lang='lat' dir='ltr'><strong>nulia</strong></span> <span class='ocrx_word' id='word_1_202' title='bbox 558 2465 722 2529; x_wconf 75' lang='lat' dir='ltr'><strong>praemissarum</strong></span> <span class='ocrx_word' id='word_1_203' title='bbox 738 2464 896 2526; x_wconf 75' lang='lat' dir='ltr'><strong>assignationis</strong></span> 
     </span>
    </p>
   </div>
   <div class='ocr_carea' id='block_1_6' title="bbox 113 2611 911 2935">
    <p class='ocr_par' dir='ltr' id='par_1_10' title="bbox 113 2611 911 2935">
     <span class='ocr_line' id='line_1_32' title="bbox 150 2611 909 2678; baseline 0.001 -16"><span class='ocrx_word' id='word_1_204' title='bbox 150 2613 182 2678; x_wconf 84' lang='lat' dir='ltr'><strong>(i)</strong></span> <span class='ocrx_word' id='word_1_205' title='bbox 199 2618 232 2662; x_wconf 87' lang='lat' dir='ltr'><strong>De</strong></span> <span class='ocrx_word' id='word_1_206' title='bbox 252 2615 288 2662; x_wconf 81' lang='lat' dir='ltr'><strong>his</strong></span> <span class='ocrx_word' id='word_1_207' title='bbox 304 2615 375 2664; x_wconf 81' lang='lat' dir='ltr'><strong>etiam</strong></span> <span class='ocrx_word' id='word_1_208' title='bbox 389 2613 471 2674; x_wconf 84' lang='lat' dir='ltr'><strong>suprd,</strong></span> <span class='ocrx_word' id='word_1_209' title='bbox 486 2626 527 2671; x_wconf 84' lang='lat' dir='ltr'><strong>qu.</strong></span> <span class='ocrx_word' id='word_1_210' title='bbox 544 2613 589 2672; x_wconf 78' lang='lat'><strong>58,</strong></span> <span class='ocrx_word' id='word_1_211' title='bbox 607 2620 651 2659; x_wconf 85' lang='lat' dir='ltr'><strong>art.</strong></span> <span class='ocrx_word' id='word_1_212' title='bbox 663 2611 707 2671; x_wconf 81' lang='lat' dir='ltr'><strong>si,</strong></span> <span class='ocrx_word' id='word_1_213' title='bbox 724 2613 753 2658; x_wconf 85' lang='lat' dir='ltr'><strong>ad</strong></span> <span class='ocrx_word' id='word_1_214' title='bbox 770 2612 783 2658; x_wconf 86' lang='lat'>1</span> <span class='ocrx_word' id='word_1_215' title='bbox 803 2618 829 2659; x_wconf 88' lang='lat' dir='ltr'><strong>et</strong></span> <span class='ocrx_word' id='word_1_216' title='bbox 847 2615 879 2670; x_wconf 56' lang='grc' dir='ltr'><strong>ἡ</strong></span> <span class='ocrx_word' id='word_1_217' title='bbox 896 2632 909 2663; x_wconf 89' lang='lat' dir='ltr'><strong>e</strong></span> 
     </span>
     <span class='ocr_line' id='line_1_33' title="bbox 113 2675 911 2737; baseline 0 -13"><span class='ocrx_word' id='word_1_218' title='bbox 113 2677 190 2736; x_wconf 80' lang='lat' dir='ltr'><strong>intra,</strong></span> <span class='ocrx_word' id='word_1_219' title='bbox 206 2691 245 2736; x_wconf 81' lang='lat' dir='ltr'><strong>qu.</strong></span> <span class='ocrx_word' id='word_1_220' title='bbox 265 2677 309 2722; x_wconf 78' lang='lat' dir='ltr'><strong>iss</strong></span> <span class='ocrx_word' id='word_1_221' title='bbox 320 2711 326 2737; x_wconf 87' lang='lat'>,</span> <span class='ocrx_word' id='word_1_222' title='bbox 338 2684 382 2724; x_wconf 86' lang='lat' dir='ltr'><strong>art.</strong></span> <span class='ocrx_word' id='word_1_223' title='bbox 396 2678 424 2737; x_wconf 91' lang='lat'><strong>1,</strong></span> <span class='ocrx_word' id='word_1_224' title='bbox 438 2678 462 2722; x_wconf 90' lang='lat' dir='ltr'><strong>in</strong></span> <span class='ocrx_word' id='word_1_225' title='bbox 477 2689 553 2736; x_wconf 84' lang='lat' dir='ltr'><strong>corp.;</strong></span> <span class='ocrx_word' id='word_1_226' title='bbox 569 2682 596 2721; x_wconf 90' lang='lat' dir='ltr'><strong>ut</strong></span> <span class='ocrx_word' id='word_1_227' title='bbox 609 2681 633 2721; x_wconf 87' lang='lat' dir='ltr'><strong>et</strong></span> <span class='ocrx_word' id='word_1_228' title='bbox 645 2677 694 2734; x_wconf 85' lang='lat'>111,</span> <span class='ocrx_word' id='word_1_229' title='bbox 707 2675 787 2726; x_wconf 70' lang='lat' dir='ltr'><strong>Seni„</strong></span> <span class='ocrx_word' id='word_1_230' title='bbox 797 2676 854 2722; x_wconf 83' lang='lat' dir='ltr'><strong>dist.</strong></span> <span class='ocrx_word' id='word_1_231' title='bbox 876 2680 911 2724; x_wconf 82' lang='grc'><strong>33</strong></span> 
     </span>
     <span class='ocr_line' id='line_1_34' title="bbox 117 2739 881 2874; baseline 0.003 -18"><span class='ocrx_word' id='word_1_232' title='bbox 117 2739 321 2874; x_wconf 45' lang='grc' dir='ltr'><strong>ᾳυῇἱῗ’ῗὲὲξ.]αω</strong></span> <span class='ocrx_word' id='word_1_233' title='bbox 331 2811 441 2874; x_wconf 82' lang='lat' dir='ltr'><strong>indicato,</strong></span> <span class='ocrx_word' id='word_1_234' title='bbox 453 2811 494 2858; x_wconf 85' lang='lat' dir='ltr'><strong>ubi</strong></span> <span class='ocrx_word' id='word_1_235' title='bbox 505 2811 610 2857; x_wconf 85' lang='lat' dir='ltr'><strong>ultimam</strong></span> <span class='ocrx_word' id='word_1_236' title='bbox 622 2821 675 2856; x_wconf 86' lang='lat' dir='ltr'><strong>eam</strong></span> <span class='ocrx_word' id='word_1_237' title='bbox 685 2810 759 2871; x_wconf 84' lang='lat' dir='ltr'><strong>punit,</strong></span> <span class='ocrx_word' id='word_1_238' title='bbox 771 2822 837 2857; x_wconf 84' lang='lat' dir='ltr'><strong>num.</strong></span> <span class='ocrx_word' id='word_1_239' title='bbox 848 2811 881 2858; x_wconf 76' lang='lat'><strong>13</strong></span> 
     </span>
     <span class='ocr_line' id='line_1_35' title="bbox 117 2873 328 2935; baseline 0.009 -17"><span class='ocrx_word' id='word_1_240' title='bbox 117 2873 157 2935; x_wconf 79' lang='lat' dir='ltr'><strong>au,</strong></span> <span class='ocrx_word' id='word_1_241' title='bbox 173 2887 200 2922; x_wconf 88' lang='lat' dir='ltr'><strong>ac</strong></span> <span class='ocrx_word' id='word_1_242' title='bbox 210 2875 328 2932; x_wconf 77' lang='lat' dir='ltr'><strong>deinceps.</strong></span> 
     </span>
    </p>
   </div>
   <div class='ocr_carea' id='block_1_7' title="bbox 0 0 972 3284">
    <p class='ocr_par' dir='ltr' id='par_1_11' title="bbox 0 0 972 3284">
     <span class='ocr_line' id='line_1_36' title="bbox 0 0 972 3284; baseline 0 0"><span class='ocrx_word' id='word_1_243' title='bbox 0 0 972 3284; x_wconf 95' lang='lat' dir='ltr'><strong> </strong></span> 
     </span>
    </p>
   </div>
  </div>
 </body>
</html>
