1934 3284
139 194 186 243 tad
243 200 351 240 escures
366 202 497 249 securus,
512 202 606 247 oum.
623 204 725 252 mm,
742 203 798 240 rur.
815 203 833 240 r.

139 279 212 344 magis
225 278 331 331 uitiosum
339 282 363 330 et
378 279 429 328 Dee
440 280 514 343 uagis
523 283 648 344 aceeptnm.
663 281 695 329 Et
707 279 758 331 idue
773 280 797 328 irr
808 277 950 329 neruoso<

139 353 279 417 dispensatio
288 351 377 417 prelati
385 364 432 401 nun
440 356 560 402 excusaret
568 351 582 402 a
590 352 667 415 eulpa,
677 351 763 416 putlsi
773 351 885 415 prelatus
898 353 952 402 dis-

111 461 115 471 .
139 431 247 490 pensaret
259 438 312 474 errrn
326 424 402 487 aliquo
416 437 486 487 super
498 428 551 474 roto
562 425 591 473 de
610 424 714 487 ingressu
726 424 859 487 religionis,
876 426 949 474 nulla

139 498 257 565 apparenti
273 495 342 546 ranst
358 497 477 559 ubstante;
487 496 508 545 si
518 499 594 545 autenr
608 500 748 545 sssetorusa
758 505 888 561 apparens,
906 511 952 559 pm

140 582 207 632 quarn
219 569 298 620 ralleru
309 569 332 617 in
342 568 434 618 dotium
444 571 584 630 uerteretur,
593 572 669 633 pooeet
682 572 742 617 sture
753 567 841 631 J'udirio
850 569 950 631 praelati

140 639 291 704 dispeuoends
300 640 337 689 rel
344 639 515 701 numunianum
526 652 573 689 uns
585 643 662 689 tanrerr
669 639 758 703 judicio
771 639 880 703 proprio,
892 640 949 703 quie

140 713 189 778 ipse
205 725 249 762 nun
265 712 324 775 perit
338 712 414 761 ricem
433 712 486 771 liei,
505 711 552 761 nisi
566 711 625 762 torte
638 714 665 761 lu
679 723 734 761 easu
747 711 771 759 iu
784 724 829 774 qne
843 710 869 759 id
884 714 950 774 qrmd

141 785 204 836 rorit
214 788 275 835 esset
287 782 408 835 manifeste
422 783 527 833 illicitum
537 786 617 834 etuon
627 786 706 848 posset
716 782 842 848 opportune
859 784 892 834 ad
909 798 951 833 su-

140 856 251 922 periorem
265 868 389 907 recurrere.

172 930 206 979 ld
223 929 315 979 tertiunr
333 928 465 990 dinendunr,
481 926 543 990 qudd
558 927 612 991 quia
632 940 735 978 summus
755 928 862 979 Pontifex
888 930 949 993 gerit

140 1000 238 1066 plenarie
246 1002 317 1053 ricem
328 1000 413 1050 Christi
422 999 445 1049 in
452 1002 502 1050 tnta
511 999 609 1049 Eucledn
616 1038 622 1058 ,
630 999 679 1063 ipse
687 1000 757 1050 nabet
769 1000 948 1063 plenitudinem

142 1072 258 1137 potestatis
274 1071 418 1135 dispensandi
434 1070 457 1121 irr
471 1070 578 1120 omuibus
591 1070 783 1134 dispensabiiilrns
797 1071 870 1121 votis
891 1072 948 1122 Aliis

141 1148 217 1197 autern
236 1143 379 1194 interioribus
400 1142 500 1205 prelatis
518 1142 666 1192 summittitur
680 1143 823 1207 dispensatio
839 1143 867 1192 iu
885 1145 949 1194 roris

141 1228 192 1279 pun
203 1214 353 1266 communiter
364 1214 422 1264 liunt
438 1217 462 1264 et
474 1213 579 1276 indigent
591 1214 706 1277 frequenti
717 1214 907 1279 dispensatione,
924 1220 947 1263 ut

142 1287 240 1337 habeant
250 1288 278 1336 de
291 1285 351 1335 incili
364 1286 468 1335 homines
482 1285 511 1334 ad
522 1298 589 1348 quem
603 1288 730 1345 mennam,
741 1286 800 1335 sieut
818 1291 877 1337 sunt
893 1291 948 1336 vota

141 1356 362 1422 peregrinationum,
379 1361 402 1407 et
413 1356 566 1419 jeiuuiornur,
581 1360 604 1406 et
617 1355 712 1406 eliorum
724 1357 874 1421 hujusmodi3
894 1363 948 1407 rota

141 1429 195 1480 uerd
207 1430 301 1493 majore,
314 1427 371 1493 putt
379 1428 524 1479 eontinentur
534 1432 559 1479 et
567 1427 755 1493 peregrinationis
765 1431 832 1479 terre
846 1433 947 1490 sancte,

141 1504 282 1551 reservantur
296 1511 385 1550 summu
396 1498 511 1549 Pontifici.

361 1846 528 1919 edessio
545 1846 719 1911 LXXXIX.
808 1874 813 1882 ·

252 1992 286 2038 ns
296 1992 452 2050 persuum,
466 1992 495 2035 n·
509 1989 588 2035 urm
603 1990 726 2036 arreum
737 1988 829 2035 oraru.

174 2142 258 2193 Deinde
275 2140 463 2191 considerandum
483 2143 520 2190 est
535 2140 564 2191 de
579 2138 666 2189 rernm
684 2138 835 2190 sztodorinus
854 2140 945 2200 istrie,

143 2216 225 2279 quihus
238 2212 321 2276 aliquid
335 2210 437 2261 divinum
449 2212 476 2261 alr
490 2210 619 2261 lrnmiuidns
634 2210 769 2270 assumitur,
783 2210 846 2274 quod
859 2214 896 2262 est
910 2212 946 2259 rel

143 2288 306 2337 sacramentum
317 2283 408 2346 aliquod
424 2282 461 2332 vel
473 2282 548 2345 ipsum
562 2294 645 2333 nomeu
658 2282 771 2332 divinum.

174 2358 218 2407 Sed
231 2356 259 2405 de
272 2354 407 2405 sacramenti
420 2354 574 2417 assumptione
584 2355 647 2404 loeus
659 2354 702 2405 erit
713 2352 825 2403 tractandi
841 2354 867 2402 iu
879 2353 944 2404 terrie

143 2502 255 2565 apendrrm
269 2502 313 2549 est.

173 2571 301 2621 assumitur
314 2572 388 2619 auteur
398 2567 500 2619 dirluum
514 2582 599 2621 nomeu
609 2568 738 2619 abdomine
748 2567 871 2631 tripliciter
881 2584 888 2619 ε
900 2581 943 2618 urm

142 2644 222 2706 modo,
234 2656 275 2705 per
293 2641 383 2692 modurn
395 2640 535 2705 juramenti,
548 2644 575 2692 ad
590 2642 683 2706 propria
696 2640 764 2690 verbu
775 2640 941 2700 confirmando

142 2715 187 2765 alio
195 2715 270 2772 uredo,
279 2728 320 2778 per
329 2712 418 2762 modum
429 2712 591 2775 adjurationis,
598 2713 692 2762 adalins
702 2712 865 2775 iuduoeudnm3
876 2709 943 2763 tertio

143 2786 210 2835 medo
218 2798 278 2849 ,per
292 2784 382 2833 modum
400 2782 563 2848 invocationis,
577 2786 605 2835 ad
620 2784 730 2835 emulum
743 2784 782 2833 vei
793 2782 940 2835 laudandum.

144 2856 219 2906 Primo
233 2868 286 2919 erpo
297 2856 325 2905 de
335 2854 465 2916 juramento
476 2858 588 2919 agendum
600 2859 644 2906 est.

145 2926 240 2979 Crrea
247 2929 289 2978 lreo
295 2926 519 2993 quemutnrdseem.
526 2926 618 2989 trtlurd
625 2927 655 2977 ert
661 2928 824 2996 puumeutnur
830 2926 942 2982 rourum
