1934 3284
132 207 469 253 numerusnumerous.
487 205 604 254 senous
618 208 728 252 amour.
777 195 824 252 ato

39 289 200 355 intelligendum
210 291 239 342 de
255 289 300 340 iltis
310 289 484 354 quiinordiuatb
493 290 552 340 ludis
562 293 695 354 utuntur‚et
705 291 821 356 precipue

39 377 118 417 eorum
131 362 164 426 qui
179 362 247 414 duem
261 362 289 412 in
306 363 454 414 delectatione
473 362 521 412 ludi
541 362 701 413 constituunt:
721 363 780 413 sieut
795 362 825 412 de

38 434 165 501 quibusdan
183 434 266 484 dieitur
285 435 356 499 Sap„
371 435 411 484 XV
430 449 437 483 ε
453 451 467 482 «
486 433 664 484 AEstimarerunt
683 446 731 484 esse
746 434 823 484 ludum

35 507 109 556 vitam
123 507 223 564 nostran
241 520 255 552 o
271 505 353 555 Coeba
366 517 425 568 quos
438 503 494 554 dicit
507 502 594 553 Tullius
607 503 631 552 iu
644 504 665 552 1.
681 503 718 552 De
736 504 825 568 offla:

37 597 52 627 α
65 577 115 627 Non
126 574 155 624 ita
164 577 263 639 generati
272 576 371 627 anatona
384 589 472 636 sumus,
484 579 510 624 ut
521 575 548 626 ad
560 574 637 624 ludum
650 577 673 626 et
679 574 758 638 jurum
767 575 824 625 faeti

30 660 89 702 esse
110 645 230 711 domur,
250 648 289 698 sed
313 648 341 698 ad
365 647 511 698 severitatem
531 644 621 712 potius,
636 646 702 696 etad
722 647 825 710 quadarn

33 717 112 772 studia
124 716 219 780 puriora
232 724 301 782 atque
314 719 408 783 majora.
420 734 435 764 »

72 791 105 840 dd
114 791 198 840 tertium
208 791 336 855 dicendum,
347 791 408 855 qubd
417 792 476 856 ipsa
483 791 626 854 operationes
637 789 694 840 illud
703 787 826 840 seeundum

34 874 104 914 suam
115 860 208 922 speeiem
219 875 266 913 non
276 861 408 912 ordinantur
419 863 446 912 ad
455 862 553 925 aliquem
562 860 644 924 finem3
655 860 696 910 sed
707 859 826 911 delectatio

34 947 93 1000 quae
106 933 130 982 in
143 933 222 984 talibus
240 933 328 984 actibus
341 935 448 998 babetur,
462 933 578 985 ordinatur
591 935 618 984 ad
632 932 730 996 aliquam
747 930 827 982 anima

33 1003 197 1061 recreationem
210 1009 235 1055 et
250 1003 366 1068 quietem
381 1009 405 1056 et
418 1004 542 1056 weundirm
553 1005 613 1065 boo,
625 1003 645 1056 si
656 1003 695 1053 fiat
704 999 828 1060 moderatd‚
929 1055 940 1068 ,

31 1079 94 1130 lieet
110 1075 142 1124 uti
154 1076 213 1126 ludo.
227 1077 291 1127 Unde
304 1076 391 1128 Tollius
405 1076 459 1127 dieit
474 1075 500 1126 in
512 1077 530 1127 1.
548 1077 586 1126 De
599 1075 666 1139 offic.
682 1089 690 1122 :
706 1090 720 1122 u
729 1074 792 1124 Ludo
804 1075 829 1122 et

29 1152 89 1215 joco
105 1145 137 1196 uti
150 1146 241 1210 qudem
254 1146 323 1209 licet,
337 1149 378 1199 sed
389 1147 449 1198 sicut
467 1160 549 1198 somno
559 1150 583 1198 et
596 1146 710 1210 quietibus
723 1143 810 1195 enoris
816 1179 827 1206 ,

29 1228 85 1274 tum
101 1217 151 1269 obus
167 1219 393 1284 maturandisque
406 1220 474 1270 rebus
492 1218 674 1270 satisfecerimus.
687 1232 701 1264 u

327 1380 488 1432 iuncosus
501 1381 538 1431 111.

106 1500 190 1545 Uirium
202 1500 229 1545 ia
241 1502 407 1558 auperjtua'tote
419 1501 471 1547 tadi
480 1473 555 1558 possit
571 1512 618 1546 erae
634 1503 763 1557 peceatum.

62 1624 102 1676 nd
115 1621 204 1675 tertium
217 1621 250 1673 sio
261 1623 390 1687 proceditur
405 1621 448 1687 (1).
464 1623 556 1674 Videtur
568 1623 626 1687 quod
636 1621 660 1672 iu
674 1623 831 1687 superfluitate

29 1697 80 1751 udi
96 1707 143 1744 nou
156 1694 228 1758 possit
240 1707 290 1745 esse
301 1698 427 1757 peecatum.
440 1695 497 1744 illud
506 1693 566 1746 enim
574 1695 634 1758 quod
647 1697 739 1745 excusat
753 1694 764 1743 d
776 1708 830 1760 pee-

29 1773 99 1828 anto,
114 1777 161 1816 non
169 1765 258 1815 videtur
269 1777 319 1816 esse
329 1767 456 1829 peecatum.
465 1765 510 1816 Sed
519 1765 584 1814 ludus
595 1767 728 1829 quandoque
739 1771 832 1817 excusat

29 1846 38 1893 u
56 1839 173 1903 peecato;
188 1837 258 1886 multa
269 1836 329 1886 enirn
344 1835 365 1886 si
374 1835 436 1886 serio
449 1836 536 1896 fierent,
548 1835 624 1898 grauia
637 1841 730 1900 peccata
744 1840 832 1900 essent,

29 1925 83 1980 1¹1ae
99 1908 194 1973 quidem
206 1909 259 1972 joco
278 1908 338 1958 faeta
352 1908 389 1957 rel
407 1906 467 1958 leuia
482 1910 544 1958 sunt.
559 1907 624 1970 Ergo·
635 1907 724 1958 uidetur
738 1907 798 1971 qudd
809 1907 833 1957 iu

29 1980 242 2048 superabundantia
255 1979 303 2030 ludi
313 1991 358 2030 uon
369 1979 399 2030 sit
411 1983 540 2044 peecatum.

60 2059 89 2105 Ξ.
108 2053 226 2102 Preterea
233 2089 242 2115 ,
254 2051 333 2102 omnia
346 2051 391 2101 alia
411 2050 467 2100 vitia
483 2051 622 2101 reducuntur
634 2050 662 2115 ad
677 2052 764 2113 septem
781 2047 836 2100 vitia

29 2123 151 2192 rapitalia,
160 2127 186 2172 nt
200 2118 325 2188 'Gregorius
334 2122 389 2173 dicit
400 2123 483 2172 XXXI.
497 2119 589 2172 Marad.
604 2121 674 2186 (cap.
687 2125 716 2171 31
728 2121 763 2171 ret
778 2125 807 2170 17
816 2119 835 2185 ).

29 2198 74 2249 ted
91 2193 302 2259 superabundantia
313 2193 337 2243 in
348 2193 406 2244 ludis
415 2207 459 2244 uon
471 2191 559 2243 ridetur
568 2193 647 2244 reduei
658 2193 687 2244 ad
701 2192 790 2256 aliquod
798 2206 837 2243 ua·

29 2266 141 2320 >italiam
156 2264 272 2316 uitiorum.
287 2266 346 2328 Ergo
358 2265 447 2315 uidetur
460 2262 522 2328 quod
533 2265 617 2315 nonsit
629 2267 754 2330 peceatum.

60 2344 87 2388 3.
105 2339 239 2398 Praeterea,
254 2335 351 2388 nranimd
372 2336 495 2386 histriones
507 2335 530 2385 iu
546 2336 598 2387 ludo
617 2335 721 2386 ridentur
738 2349 837 2399 supera·
939 2339 940 2342 ’

29 2409 155 2470 bundare,
169 2406 209 2470 qui
218 2410 288 2458 totam
298 2421 363 2458 suurn
371 2407 443 2458 vitam
452 2407 556 2458 ordinant
567 2409 592 2460 ad
604 2407 736 2458 ludendum.
750 2406 774 2454 Si
784 2419 837 2470 ergo

29 2478 248 2546 superabundantia
261 2479 308 2530 iudi
324 2483 385 2531 esset
397 2483 530 2545 peceatum,
545 2483 599 2530 tuno
619 2491 697 2530 omnes
717 2477 839 2528 histriones

30 2556 109 2606 :ssent
118 2552 151 2602 in
162 2555 226 2602 statu
236 2552 332 2615 pecudi
346 2554 470 2604 Pecearent
482 2552 551 2602 etiarn
560 2565 638 2602 omnes
653 2550 692 2615 qui
702 2563 781 2602 eorum
791 2549 834 2599 rni-

29 2623 132 2675 uisterio
146 2626 276 2687 uterentur,
282 2623 318 2673 uel
330 2623 369 2686 qui
380 2620 414 2674 eia
422 2623 498 2687 aliqua
508 2622 642 2688 largirentur
651 2659 657 2685 ,
666 2626 774 2686 tanquam
784 2635 838 2686 pso·

32 2695 73 2747 ati
95 2695 221 2758 fautores3
237 2696 296 2759 quod
305 2695 395 2746 videtur
404 2708 453 2746 esse
464 2695 554 2744 falsum.
570 2694 662 2758 Legitur
673 2693 733 2744 eninr
745 2693 769 2744 in
779 2693 836 2744 Vitis

29 2770 130 2817 ’atrurn
148 2765 213 2830 qubd
225 2765 252 2817 B.
265 2768 394 2831 paphnutio
406 2767 530 2818 revelatum
545 2765 652 2830 estquod
667 2765 758 2832 quidam
775 2765 840 2830 ioru-

29 2843 87 2891 ator
108 2838 209 2888 iuturus
226 2842 274 2889 erat
289 2838 335 2890 sibi
347 2851 439 2890 oonwrs
451 2838 476 2888 in
489 2837 536 2889 uita
549 2837 632 2906 tuturo.

56 2948 96 3012 (1)
115 2945 648 3010 us.nn.eumrr.noa.,uer.1o,oor.r
663 2949 723 2996 es.
