1934 3284
134 168 180 217 sss
231 177 339 216 mannus
353 175 480 227 monson,
498 174 592 220 opnor.
610 174 715 225 οιιιιιι,
732 173 789 214 unu.
808 176 837 214 u.

133 255 178 305 sed
187 254 231 319 ipsi
243 252 412 304 oonsiderantes
424 252 521 317 proprie
532 251 667 302 inormitatis
682 250 874 315 insufficientium,
883 262 919 301 re-

134 326 396 389 onsahant;·nontanuan
409 324 563 389 pertinaciter,
572 336 602 375 ne
610 323 636 373 in
647 323 776 389 snperbiam
789 324 920 375 laberentur.

428 504 587 558 sustollitis
604 504 634 555 ll.

204 628 290 674 Uirium
301 628 492 689 ριιιιιιαιιιπιιιαι
507 631 639 685 opponatur
656 628 864 686 magnanimitati.

165 756 199 805 ld
219 755 343 806 seeundum
365 756 399 805 sio
419 754 557 819 proceditur.
573 755 668 805 litetur
685 753 745 819 quod
757 754 926 819 pusillanimitas

134 838 182 878 uou
195 832 322 891 opponatur
335 826 524 892 magnanimitati.
538 826 672 877 llicit'euim
687 824 842 891 Philosophus
857 826 882 877 in
894 826 927 875 ll.

134 898 219 949 salte
235 899 365 965 (utsuprhh
376 898 626 963 quddupnsillauimus
635 897 725 961 ignorat
734 896 845 962 seipsum.
859 902 927 963 hppe·

133 972 192 1021 teret
200 970 262 1021 enim
274 971 376 1035 [osona
387 970 471 1034 quihus
482 968 563 1034 dignus
577 972 622 1033 est,
633 969 686 1019 siae
695 972 853 1033 cognosceret.
865 980 881 1018 u·
890 969 927 1019 Sed

133 1041 262 1105 ignorunuiu
274 1042 311 1092 sui
325 1042 417 1092 nidstnr
433 1042 519 1105 opponi
530 1041 664 1106 prudentie.
679 1040 739 1104 Ergo
759 1040 927 1106 pusillanimitas

133 1112 256 1178 opponitur
273 1113 411 1179 prudentie.
518 1124 524 1139 ·

165 1189 190 1235 2.
205 1186 327 1246 mterm,
340 1184 441 1240 huot..
455 1184 529 1245 xxi,
544 1196 636 1237 seruum
649 1184 689 1249 qui
706 1188 799 1250 propter
814 1202 829 1234 u
839 1184 928 1249 pusilla·

134 1255 260 1307 nimitatem
279 1256 376 1321 pecunia
395 1257 429 1307 nti
450 1256 578 1321 reeusarit,
592 1262 660 1308 nouat
682 1256 787 1308 dominus
806 1257 893 1307 malum
912 1258 930 1305 et

133 1327 231 1391 pigrum.
250 1342 265 1375 u
280 1328 434 1391 Philosophus
447 1328 515 1378 etiam
528 1328 585 1378 dicit
596 1328 619 1377 iu
628 1328 668 1379 lt.
682 1328 766 1379 liidie.
783 1326 825 1395 (ut
841 1328 929 1392 supra)y

134 1399 195 1462 qnod
210 1416 224 1448 α
239 1398 377 1464 pusillanimi
395 1399 503 1450 sidentur
522 1399 590 1464 pigri.
605 1416 619 1448 s
636 1400 680 1451 Sed
701 1399 794 1465 pigritia
816 1401 929 1465 opponitur

133 1470 279 1521 sollicitudini
299 1485 350 1535 que
363 1473 398 1521 est
415 1475 478 1521 astus
497 1472 641 1537 prudentius,
656 1474 682 1521 ut
697 1484 766 1536 supra
779 1470 886 1522 hahitu'm
901 1474 929 1521 est

137 1542 188 1603 (qu.
201 1545 240 1606 tl,
253 1545 297 1593 art.
311 1543 348 1607 9).
364 1544 429 1608 lingo.
438 1544 615 1609 pusillanimitas
633 1558 680 1597 nou
699 1544 824 1609 opponitur
840 1556 930 1609 magna-

134 1610 242 1663 nimitati.
288 1642 291 1651 ·

163 1689 189 1735 3.
213 1687 341 1749 Praeterea,
356 1687 533 1753 pusillanimitas
549 1688 639 1739 uidetur
661 1702 690 1739 ex
709 1688 839 1739 inordinato
857 1690 929 1741 timon

133 1758 256 1820 procedere
273 1775 278 1807 ι
294 1762 355 1811 uude
368 1760 449 1811 dieitur
462 1762 532 1818 leot,
548 1760 629 1810 llxllv
641 1776 647 1810 ι
661 1776 675 1809 u
688 1760 760 1809 Dicite
773 1758 928 1823 pusillanimis

132 1826 306 1892 confortamini,
322 1835 346 1882 et
361 1831 432 1882 notite
447 1832 537 1882 timere.
550 1848 563 1879 u
580 1831 673 1883 Videtur
689 1832 756 1882 etiam
770 1832 895 1894 procedere
908 1844 931 1880 eu

134 1898 261 1951 inordinata
282 1902 329 1964 ira,
349 1901 474 1954 seouudium
489 1902 545 1953 illud
565 1902 601 1952 ud
617 1902 723 1964 Culusa,
745 1903 777 1953 lll
796 1918 803 1953 ι
821 1905 929 1962 «Patres

132 1972 206 2023 nolite
220 1973 248 2022 ad
258 1973 436 2037 indignationem
447 1988 571 2040 prouocare
586 1974 645 2025 tilios
655 1979 752 2038 muros,
763 1979 846 2026 utnon
857 1975 930 2039 pusillo

134 2044 316 2095 unimodum.»
331 2046 377 2097 Sed
390 2046 527 2098 inordinatio
545 2046 633 2096 timoris
651 2046 773 2112 opponitur
795 2046 930 2107 tortitudini3

133 2115 269 2168 inordinatio
282 2118 422 2182 antemius,
437 2118 615 2169 mansuetudini.
626 2118 685 2183 Ergo
696 2118 873 2185 pusillanimitas
889 2132 930 2169 non

133 2188 258 2253 opponitur
267 2190 455 2254 magnanimitati.

166 2262 190 2310 ι.
209 2262 334 2323 munau,
348 2262 430 2312 uitium
450 2262 509 2327 quod
531 2262 653 2327 opponitur
671 2261 740 2313 alicui
759 2261 860 2325 virtuti,
874 2260 931 2312 tanti

135 2331 226 2393 grauius
240 2336 291 2394 est,
304 2332 391 2399 quanti
403 2338 441 2384 est
454 2333 527 2398 magis
535 2334 615 2384 rimanti
629 2332 747 2385 dissimile.
762 2332 806 2383 Sed
817 2332 931 2396 pusillani-

135 2402 202 2452 mitas
217 2403 290 2468 magis
306 2410 341 2455 est
353 2405 470 2457 dissimilis
489 2405 671 2475 magnanimitati
688 2405 757 2471 qulam
773 2406 929 2473 presumptio.

134 2472 194 2536 Ergo
205 2475 225 2525 si
235 2476 409 2540 pusillanimitas
426 2482 578 2546 opponeretur
592 2477 787 2544 magnanimitati,
803 2482 931 2545 sequeretur

134 2543 195 2607 quid
208 2550 267 2598 esset
274 2548 366 2612 grauius
375 2554 495 2612 peceatum
504 2549 575 2615 quan
586 2549 732 2615 presumptio
746 2566 752 2601 :
763 2552 827 2615 *quud
838 2553 874 2602 est
882 2562 931 2601 oon-

168 2650 203 2712 (tl
217 2656 262 2700 Vel
281 2657 315 2701 sio
332 2658 441 2714 plenius:
457 2660 656 2711 restituerimus,
670 2662 725 2705 oium
743 2662 776 2706 ait
794 2660 863 2705 donis
881 2660 932 2719 puti-

135 2712 236 2786 desudem
253 2717 360 2779 dignust.
377 2722 431 2766 iltis
442 2725 527 2782 privat
544 2724 650 2780 seipsum
667 2723 754 2779 quidue
775 2722 867 2783 diguus
886 2726 931 2773 est:

131 2775 279 2835 memque
288 2781 385 2837 dissid
398 2796 505 2840 pesum
518 2798 544 2830 ao
558 2786 611 2841 ipso
624 2784 712 2831 hahere
721 2786 785 2845 mutu
797 2790 819 2833 et
828 2798 852 2831 te
865 2784 932 2830 touta

132 2836 237 2895 θιςπιιιιι
252 2853 304 2885 non
320 2842 458 2898 extitissent,
471 2852 493 2893 et
508 2846 617 2904 seipsum
632 2846 748 2904 ignorat·
762 2848 860 2909 alioque
878 2848 931 2895 elam

134 2897 255 2947 domuin
266 2903 355 2961 psalm
367 2909 513 2970 suidigerus,
525 2920 554 2955 so
562 2909 617 2955 utne
626 2907 701 2959 datio
717 2914 850 2971 oppetant.
