1934 3284
880 42 903 68 Ι·
951 51 952 72 l

118 159 166 209 ouo
234 168 342 209 εεεεεεε
355 167 482 219 emmas,
495 167 588 214 coner.
602 167 690 217 emur,
706 167 760 208 rar.
774 167 800 208 v.

120 247 181 299 sisti
189 246 213 296 iu
224 245 327 313 appetitu
337 245 433 311 alicujus
440 245 503 296 boni.
512 245 635 310 Dupliciter
646 259 699 309 ergo
708 247 763 298 ordo
772 247 915 310 peccatorum

119 322 197 383 potest
210 317 304 368 atmudi.
319 318 370 368 Uno
388 318 469 381 modo,
481 329 511 368 ex
525 319 589 381 parte
601 317 656 368 boni
669 318 729 381 quod
742 329 783 382 per
798 321 916 382 peccabrm
951 309 952 364 Ξ

120 389 274 440 contemnitur
292 389 328 440 rel
341 388 506 452 concupitur3
524 389 584 452 quod
597 387 681 452 quantb
699 389 772 453 majus
789 392 843 451 εει,
856 388 919 440 ιεειὸ
951 409 952 452 Ξ

120 466 239 524 peccatum
255 461 345 525 gratim
361 465 407 512 est.
420 463 451 511 ut
470 459 597 512 secundun
615 462 661 512 buc
677 466 796 524 peceatum
815 463 875 526 quod
888 466 922 513 est
951 455 952 524 Ξ

120 538 199 585 contra
211 535 282 585 Deum
293 538 329 585 εει
342 534 514 597 parissimam
530 539 553 584 et
567 534 609 584 sub
621 534 665 584 boc
682 538 718 585 est
729 539 849 598 peceatum
861 537 922 600 quod
951 529 952 602 Ξ

122 610 157 656 est
174 610 252 660 contm
269 619 391 671 personam
402 605 511 669 bominis,
523 605 565 656 sub
578 617 624 670 quo
636 611 672 656 est
683 610 801 671 peccatum
815 604 876 672 qdod
888 611 923 658 est
951 611 952 614 ’

120 682 198 728 εοειεε
210 691 248 728 res
265 677 388 728 exteriores
405 692 455 740 quae
471 681 525 728 suut
542 678 571 728 ad
589 691 657 727 nsum
675 677 773 728 bominis
788 680 921 744 deputatae3

120 750 182 812 pund
196 749 285 800 videtur
297 748 453 799 ultraridam
464 749 587 813 pertinere.
603 749 653 799 Alio
667 751 733 800 modo
745 753 823 813 potest
837 750 924 800 attendi
951 775 952 802 r

122 820 205 882 padus
215 824 361 884 peccatorum
371 834 401 870 ex
409 823 473 885 parte
482 820 537 871 boni
547 820 585 870 cui
597 819 723 871 inordinate
737 821 842 872 subditur
852 835 924 886 appe-

121 891 179 941 titus
191 893 319 954 bumanns;
334 892 395 955 quod
412 891 498 955 quautb
515 892 590 943 minus
608 896 658 955 est,
672 892 737 944 tautd
747 897 870 957 peccatum
890 896 924 942 est

121 963 264 1014 deformius:
279 962 368 1028 turpius
376 968 411 1014 est
421 964 483 1014 euim
496 964 591 1014 subesse
604 963 706 1014 inferiori
722 965 783 1015 bono
801 965 870 1028 quim
886 979 925 1014 su-

121 1035 214 1100 periori.
233 1037 322 1087 Bonum
338 1039 415 1086 autem
435 1028 575 1087 exteriorum
591 1048 668 1086 ¹rerum
686 1038 723 1086 est
743 1036 848 1086 infimum
865 1036 926 1086 iuter

122 1109 221 1159 bumana
234 1108 311 1172 boua;
329 1111 364 1158 est
379 1107 442 1158 euim
456 1108 532 1158 minus
547 1106 614 1171 quim
630 1108 714 1158 bouum
728 1108 849 1172 corporis,
865 1107 925 1171 qnod

122 1179 191 1230 etiam
204 1178 281 1228 minus
294 1183 330 1230 est
342 1179 410 1242 quam
422 1179 508 1230 bonucr
522 1180 620 1242 anime,
634 1179 695 1242 quod
706 1179 822 1230 exceditur
839 1179 852 1230 'a
865 1179 926 1229 bono
951 1191 952 1254 Ξ

123 1250 210 1302 diriuo.
230 1252 258 1300 lit
271 1250 396 1301 secundum
414 1253 474 1314 boc,
488 1252 606 1314 peccatum
624 1249 738 1314 avaritie,
749 1263 795 1314 quo
812 1250 926 1316 appetitus
951 1257 952 1290 f

123 1324 237 1374 bumruus
254 1322 376 1385 subjicitur
394 1322 464 1373 etiam
476 1322 625 1373 exterioribus
635 1321 717 1386 rebus,
730 1322 800 1371 babet
817 1321 927 1385 quodam-
951 1291 952 1378 Ξ

64 1450 68 1459 ,
124 1395 191 1443 niodo
205 1394 372 1445 deformitatem
390 1394 508 1458 majorem.
524 1393 582 1452 Quia
598 1397 675 1444 tamen
695 1393 811 1457 ecnuprio
825 1394 864 1444 uel
880 1393 928 1457 pri·
951 1385 952 1438 Ξ

124 1465 186 1516 ratio
201 1465 256 1516 boui
268 1464 394 1517 formaliter
406 1479 431 1516 εε
444 1467 514 1516 babet
525 1466 548 1516 io
561 1469 667 1530 peccatu,
677 1465 796 1516 conversio
809 1469 886 1516 autem
901 1466 928 1514 ad
951 1493 952 1532 3

124 1537 209 1587 bonurn
217 1537 390 1600 commutabile,
402 1537 556 1600 materialiter,
564 1538 637 1600 magis
646 1541 682 1588 est
691 1537 816 1602 judicanda
828 1537 928 1602 maritas
951 1547 952 1604 ᾗ

125 1608 214 1673 peccati
227 1621 256 1658 ex
269 1613 334 1673 parte
349 1610 405 1661 boni
415 1610 476 1674 quod
490 1609 661 1674 cornumpitur,
672 1609 740 1673 quim
754 1609 783 1660 ex
796 1614 863 1672 parte
876 1607 929 1660 boni
951 1613 952 1676 ff

125 1680 163 1731 oui
176 1681 433 1746 subjicimuappetitus.
450 1683 478 1732 at
491 1683 542 1732 ideo
555 1682 676 1732 dicendum
695 1685 742 1742 est,
757 1681 819 1744 qnbd
833 1681 929 1732 auaritia
951 1731 952 1742 Ξ

125 1766 173 1802 εεε
186 1759 223 1804 εει
232 1752 366 1816 simpliciter
379 1753 504 1802 maximnm
515 1756 684 1816 peecatorum·
951 1753 952 1796 ἶ

158 1826 193 1875 llil
206 1825 305 1890 primum
316 1838 370 1889 erpo
378 1825 509 1888 dicendum,
522 1823 583 1888 qubd
597 1825 746 1876 auctoritates
754 1823 930 1890 brutoquunrur
951 1881 952 1902 Ξ

126 1896 156 1946 de
171 1897 266 1946 aruntio
279 1910 308 1947 ex
323 1901 388 1962 parte
400 1896 456 1946 boni
469 1897 507 1946 cui
520 1897 624 1946 subditur
640 1896 755 1960 appetitus
771 1898 891 1947 :undeet
906 1897 929 1944 in
951 1903 952 1966 Ξ

128 1967 222 2018 Ecclee.
228 1981 271 2032 pro
280 1969 369 2019 ratione
377 1967 481 2018 subditur
488 1967 549 2031 quid
557 1979 638 2017 avarus
650 1968 772 2018 «animam
784 1981 852 2018 suam
863 1969 930 2018 babet
951 1969 952 2014 l

128 2040 247 2106 uenalem
259 2058 273 2089 a
287 2041 341 2106 quin
355 2039 461 2091 ddebcet
472 2043 574 2090 animaru
584 2052 665 2100 suani,
679 2040 702 2089 id
717 2043 753 2090 eet
768 2039 841 2090 uitam
857 2053 929 2099 suam,
951 2059 952 2106 j

128 2113 223 2176 exponit
239 2112 349 2177 periculis
365 2126 406 2176 pro
419 2109 525 2175 pecunia.
539 2111 569 2160 lit
581 2111 632 2161 ideo
647 2111 739 2176 subdit,
755 2111 893 2174 «quoniam
908 2109 931 2158 iu
951 2153 952 2180 Ξ

128 2183 175 2232 vita
186 2197 228 2234 sua
239 2184 349 2249 projecit,
362 2200 376 2229 n
392 2183 415 2232 id
424 2185 462 2231 est
471 2183 623 2246 contempsit,
639 2199 653 2230 ε
663 2181 744 2232 intima
755 2195 809 2246 sua,
823 2198 838 2230 a
850 2187 877 2232 ut
889 2181 931 2232 sei-

129 2255 184 2306 licet
200 2258 321 2320 mcuniam
341 2256 466 2305 lucraretur
477 2253 521 2317 (l).
538 2254 626 2304 ludius
643 2254 711 2304 etiam
734 2254 797 2304 addit
816 2255 863 2306 boc
883 2266 931 2306 esse
951 2251 952 2308 j

130 2329 247 2391 caugusti
260 2329 339 2391 animi,
353 2343 369 2374 ε
386 2329 412 2375 ει
423 2325 510 2376 scilicet
520 2326 577 2376 velli
594 2326 699 2390 pecunie
713 2325 805 2391 subjici.
856 2343 861 2348 ’
951 2331 952 2346 ’

161 2400 195 2448 dd
208 2400 331 2450 secundum
345 2397 482 2457 dcundum,
498 2397 558 2461 qubd
573 2397 712 2460 Augustinus
725 2397 757 2446 ibi
772 2397 855 2461 accipit
868 2397 931 2462 cupi·
951 2461 952 2464 Ξ

129 2470 224 2520 dilatem
235 2472 372 2534 generaliter
382 2469 547 2533 cuiuscumque
559 2469 691 2534 temporalis
708 2469 780 2531 boni,
793 2481 841 2519 nou
853 2481 932 2520 secun·
951 2473 952 2530 ζ

129 2541 184 2592 d'um
198 2541 258 2603 qudd
280 2543 389 2606 accipitur
405 2540 534 2604 specialiter
551 2555 592 2606 pro
607 2541 711 2593 avaritia.
734 2540 854 2604 Cupiditas
873 2541 931 2590 enim
951 2565 952 2568 ε

128 2615 291 2677 cujuscumque
305 2611 436 2678 tempo'ralis
449 2613 503 2664 boni
525 2621 561 2664 est
580 2626 717 2665 «uenenum
733 2611 866 2677 cbadtatis,
884 2611 932 2660 uin

165 2761 197 2824 (l)
210 2764 283 2810 Paulo
298 2766 365 2811 aliter
377 2765 468 2825 grece,
483 2751 554 2812 voluti
570 2779 599 2814 ex
618 2777 716 2823 persona
735 2764 855 2822 loquentis
874 2764 929 2810 Dei:

131 2827 199 2884 Quid
214 2826 324 2883 superbia
344 2827 415 2873 terre
434 2833 457 2883 el
473 2831 540 2874 ciuis
557 2842 566 2876 .·
581 2830 705 2886 Quoniam
718 2830 747 2874 irc
767 2829 819 2874 vito
835 2825 931 2886 projeci

130 2892 221 2937 filim
232 2890 299 2946 ‘5⁸⁸5
313 2891 380 2945 (lilasi
395 2895 459 2936 esset
471 2890 563 2960 ἔῤῥιψα.
