1934 3284
87 145 133 196 tte
205 159 313 198 susurrus
326 159 456 210 sumnum,
474 159 567 206 unser.
585 159 630 208 un,
653 159 709 198 suu.
728 159 764 198 ru.

87 248 144 286 mos.
159 251 174 284 a
188 237 328 290 Mendacium
340 235 395 288 vend
408 240 489 302 postus
504 249 602 300 sequens
617 249 664 286 unu
677 236 721 287 init
733 237 885 290 meritorium.

118 307 151 356 dd
163 307 254 357 tertium
267 306 399 371 dicendum,
414 306 474 370 dudd
491 307 515 357 in
531 320 595 358 saona
610 307 738 373 Scriptura,
749 311 775 358 nt
790 311 881 373 Angus-

86 376 146 428 tiuns
161 378 215 428 didt
229 378 282 441 (dib.
298 379 332 427 De
343 379 485 434 mendacio,
499 392 550 444 dap.
563 378 604 442 t),
613 379 748 430 inducuntur
757 379 883 444 aliquorum

86 451 164 509 gesta,
183 447 249 511 quasi
266 450 369 514 exempla
392 449 498 514 periectas
515 450 623 512 virtutis,
639 451 667 502 de
683 449 767 514 quibus
791 455 890 504 nonest

86 519 243 572 estimandum
252 534 293 572 ens
307 521 378 574 inisse
390 523 514 585 mentitos,
525 523 545 575 si
556 536 602 586 qna
610 527 688 573 tamen
696 523 722 572 iu
731 535 809 573 eurum
820 522 887 575 dictis

85 597 210 656 appareant
226 608 277 659 qne
291 595 409 645 mendacia
421 594 550 657 videantur,
564 594 737 658 intelligendum
746 597 782 645 est
792 595 887 658 eadun-

84 664 160 715 raiiter
171 668 196 716 ot
216 666 348 731 prophetici
362 666 424 716 dieta
438 678 498 717 esse.
513 666 578 716 Unde
593 666 731 730 Augustinus
739 665 794 716 dicit
806 666 832 716 iu
841 665 882 718 lib.

84 736 122 785 De
135 739 263 788 mendacio
276 737 330 802 (ubi
339 737 445 803 suprti:
460 755 475 786 u
490 737 632 788 Credendum
647 741 682 787 est
698 737 750 788 illos
765 737 885 799 homiues,

84 806 124 871 qni
137 808 275 872 propheticis
287 811 427 874 temporibus
439 809 503 874 digni
515 808 649 860 auumritato
660 807 730 859 inisse
742 819 884 860 commemo-

84 882 178 942 rantur,
190 879 266 930 omnia
285 896 337 944 qna
352 881 437 945 scripta
452 883 507 932 sunt
528 881 555 932 de
574 880 620 931 iliis
636 879 768 943 prophetiod
785 881 885 942 gessisse

84 953 152 1016 atque
160 951 253 1004 dixisse.
263 969 277 1000 s
290 953 401 1003 Abraham
411 956 498 1014 tanuen,
508 956 535 1002 ut
544 951 684 1016 Augustinus
695 951 750 1002 dieii
761 951 785 1000 in
800 953 885 1012 Quous-

84 1023 146 1075 tion.
165 1039 243 1088 super
260 1025 355 1082 Genea„
370 1041 384 1072 «
399 1023 478 1075 disens
491 1025 568 1074 Sarum
581 1037 632 1074 esse
643 1036 706 1074 suurn
725 1035 835 1085 sororem,
847 1037 889 1075 uo

81 1094 174 1146 ritatem
182 1095 254 1145 uoluit
267 1095 345 1156 celari,
361 1098 384 1145 et
393 1107 440 1147 uon
452 1095 595 1146 mendacium
608 1094 663 1144 didit
674 1109 681 1156 3
698 1107 761 1144 soror
775 1093 835 1144 enim
849 1094 886 1145 di·

82 1165 155 1228 citnr,
168 1167 221 1230 quia
241 1165 287 1216 tilis
304 1166 376 1231 patris
395 1170 452 1217 enat.
472 1184 487 1214 n
503 1167 567 1218 Unde
581 1170 604 1216 et
617 1165 667 1230 ipse
682 1165 794 1218 diraham
813 1166 884 1231 dioit,

83 1237 182 1298 Genea,
194 1239 256 1289 XX:
274 1254 288 1285 u
303 1239 362 1288 Vere
382 1251 445 1289 soror
461 1251 513 1288 mea
526 1241 562 1289 est
574 1237 620 1288 filia
633 1237 705 1302 patris
726 1237 785 1299 mei,
800 1240 823 1288 et
836 1251 885 1288 nou

81 1309 160 1360 matris
175 1322 233 1360 mea
246 1309 300 1372 fllia,
315 1326 329 1356 u
344 1309 399 1372 quis
414 1310 504 1361 suificat
513 1323 542 1360 ex
557 1311 622 1373 parte
639 1309 711 1374 patris
726 1308 748 1359 ei
760 1309 881 1360 attinebat.

80 1381 148 1431 Jaoob
165 1381 218 1431 verd
237 1381 333 1446 mystice
351 1382 408 1434 dixit
423 1395 448 1432 se
461 1395 513 1433 esse
537 1382 597 1432 Euan
617 1381 792 1446 primogenitum
805 1382 885 1448 lssuo,

80 1452 134 1516 qnia
145 1452 251 1504 videlieet
264 1452 413 1517 primogenita
426 1453 488 1504 iliius
502 1455 531 1506 de
545 1453 596 1517 jure
616 1451 639 1502 ei
656 1453 812 1516 debebautnr3
829 1466 887 1504 usus

10 1586 14 1594 ³
80 1527 156 1574 autem
174 1528 212 1574 est
223 1525 267 1575 hoo
283 1527 350 1577 modo
363 1525 470 1589 loquendi
479 1539 522 1589 per
541 1524 645 1588 spiritum
657 1523 791 1588 prophetiae,
807 1524 886 1575 adde·

80 1594 215 1659 signandum
232 1597 379 1660 mysterium,
395 1597 448 1662 quia
463 1597 571 1648 videlicet
586 1597 660 1647 minor
673 1595 769 1660 populns
780 1595 884 1658 (seilicet

79 1667 210 1732 Gentilium)
225 1669 399 1722 substituendus
407 1675 456 1721 erat
466 1670 491 1720 in
500 1672 575 1722 losum
587 1667 740 1734 primogeniti,
753 1668 842 1720 suilioet
857 1669 883 1720 in

79 1741 155 1792 loonm
173 1741 309 1792 iudeorum.
324 1742 420 1801 Quidam
431 1741 487 1794 vero
509 1742 696 1793 commendantur
713 1739 738 1790 in
752 1739 882 1803 Scriptura,

80 1827 128 1866 non
140 1817 234 1877 propter
241 1814 367 1878 perfectam
378 1813 500 1878 uirtutem,
511 1815 552 1865 sed
561 1816 653 1878 propter
662 1812 782 1876 quamdam
790 1811 882 1865 virtutis

79 1883 178 1935 indolem
187 1923 195 1946 ,
204 1884 291 1935 scilieet
299 1884 352 1947 quuia
363 1885 486 1948 apparebat
499 1885 569 1937 ineis
582 1884 665 1948 aliquis
678 1881 799 1934 laudabilis
811 1883 884 1936 adeo·

79 1958 130 2016 tus,
141 1968 170 2004 ex
178 1968 223 2018 quo
237 1954 387 2006 mouebantur
395 1956 424 2006 ad
437 1958 541 2020 quedam
555 1954 656 2007 indebita
669 1953 782 2004 facienda.
794 1954 823 2005 nt
837 1955 882 2006 hun

78 2027 146 2077 modo
161 2027 239 2078 iudith
257 2027 375 2092 landatur,
393 2042 440 2080 non
458 2029 512 2092 quia
530 2029 624 2081 mentita
641 2029 677 2079 est
691 2026 822 2089 uolumini,
841 2029 883 2082 sad

79 2101 171 2162 propter
185 2099 290 2149 affectum
305 2113 372 2162 quern
387 2099 466 2150 hahuit
478 2101 507 2150 ad
525 2101 621 2151 salntem
631 2097 718 2164 populi,
732 2111 773 2162 pro
782 2111 827 2162 qua
837 2114 878 2164 pe

77 2169 156 2220 riculis
173 2184 198 2221 se
214 2169 328 2235 mensuit.
343 2171 453 2230 Quamuis
473 2171 543 2222 etiarn
565 2171 611 2222 diei
628 2169 717 2235 possit,
732 2168 793 2234 quod
810 2171 882 2224 verba

77 2242 129 2306 ejus
142 2243 260 2294 uentntem
275 2242 361 2293 habant
380 2241 504 2293 secundnm
522 2243 621 2307 aliquem
638 2241 760 2306 mysticum
778 2240 882 2294 intellec·

78 2316 138 2365 tum.

110 2384 144 2435 nd
159 2389 265 2449 quartum
282 2385 418 2448 dioendnm,
434 2385 496 2448 qndd
510 2385 652 2438 mendacium
666 2399 713 2438 nun
727 2385 799 2438 soldm
809 2386 880 2438 nubat

77 2456 189 2507 rationem
206 2457 293 2521 pennati
307 2472 337 2509 ux
346 2459 429 2509 damno
439 2459 500 2521 qnod
515 2459 611 2510 infertur
620 2458 731 2523 proximo,
740 2458 780 2508 sed
797 2471 825 2508 ex
838 2472 881 2510 suu

78 2527 258 2589 inordinatione,
273 2532 300 2580 nt
314 2529 461 2580 dictumest.
479 2531 532 2581 Non
549 2531 603 2581 lieet
620 2533 697 2580 numm
710 2527 786 2593 aliqui
800 2528 880 2582 intuita

78 2597 242 2649 inordinatione
253 2599 287 2650 uti
300 2601 327 2650 ad
341 2600 510 2664 impediendum
520 2606 656 2652 nocumenta
669 2605 691 2652 et
705 2601 808 2652 detectus
822 2600 880 2652 aiio·

79 2684 142 2733 rnm3
157 2669 218 2720 sieut
230 2684 277 2721 nun
292 2670 345 2722 linet
362 2671 434 2722 iurari
449 2673 478 2722 ad
492 2673 536 2723 huo
549 2673 610 2738 qndd
625 2674 693 2724 homo
707 2673 877 2738 eleemosynam

78 2740 160 2803 iaciat,
175 2740 220 2791 nisi
229 2740 286 2792 tortd
300 2741 325 2791 in
334 2755 389 2793 nasu
401 2743 557 2806 necessitatis,
569 2744 593 2794 in
603 2757 648 2807 qnu
662 2744 739 2794 omnia
749 2747 805 2795 snut
814 2757 875 2795 oom-

78 2811 204 2862 muniatis
214 2811 321 2864 idaeum
334 2816 371 2864 est
379 2813 466 2865 licitum
479 2815 622 2866 mendacium
632 2815 707 2865 dinero
719 2815 748 2866 ad
758 2817 802 2866 hoo
814 2813 875 2880 qudd

78 2883 163 2948 aliquis
177 2883 246 2935 ulium
257 2882 423 2950 innocuusque
436 2885 538 2950 pannulo
550 2885 647 2952 liberet3
661 2885 715 2939 liout
723 2890 800 2941 tamen
814 2885 875 2938 veri-
