1934 3284
113 170 161 221 ito
216 179 324 218 saeuum
340 180 470 231 mouns,
483 181 576 226 oum.
593 181 682 233 cunr,
699 183 755 222 nr.
774 183 814 222 vu.

113 250 210 314 immi:
225 250 347 302 «Virtutes
359 266 417 317 onas
430 257 523 318 propter
537 253 609 304 solam
620 253 787 306 neruuoiueu
801 267 895 316 amemus,

112 321 146 373 sic
163 322 300 387 persuadere
318 323 410 386 quidam
431 325 497 376 nobis
514 325 598 376 audent
611 341 625 372 n
640 324 649 389 (
658 324 745 376 seilicet
759 325 848 378 dicendo
865 339 896 375 ear

111 398 202 459 propter
215 407 240 445 se
248 396 411 458 appetendas),
427 400 475 446 εει
483 395 557 460 ipsam
569 395 734 447 beatitudiuem
745 411 792 448 nun
802 411 896 448 amemus.

110 467 174 526 Quod
186 466 206 517 si
221 465 316 528 iaciant,
331 466 399 518 eiiam
409 468 472 532 ipsas
486 467 564 532 utique
579 481 655 519 amare
667 467 811 533 desistimus,
822 469 897 534 quando

109 537 186 600 iilam,
199 542 371 603 propterquam
385 541 457 590 solam
470 539 526 590 isias
543 538 685 601 amavimus,
707 553 755 590 nou
774 555 877 591 amamus.
887 557 897 585 u

111 609 155 660 Sed
171 611 279 662 tortitudo
295 613 332 662 est
344 612 448 675 medam
461 611 543 662 uirtus.
557 611 616 676 Ergo
630 614 695 660 aetus
709 611 848 663 tortitudinis
862 625 899 661 nou

110 685 147 732 est
157 682 185 732 ad
195 680 267 746 ipsam
284 681 453 746 tortitudinem,
466 682 505 733 sed
521 683 548 732 ad
566 681 731 733 beatitudinem
743 685 878 734 referendus.

144 756 167 801 3.
181 753 307 817 Praeterea,
322 754 460 818 Augustinus
474 754 530 804 uiuit
542 754 566 804 in
579 753 619 804 lib.
637 755 671 804 De
686 753 802 804 moribus
815 755 899 808 Εεειει.

112 828 180 889 (cap.
197 829 226 874 13
235 826 258 889 )‚
268 825 328 890 quod
343 843 357 872 u
367 824 475 876 fortitudo
487 829 523 878 est
533 838 595 876 amor
603 825 680 876 omnia
693 828 862 890 propteriieum
873 825 902 874 ia·

111 896 153 948 uile
164 898 309 963 perferens.»
323 899 383 947 Deos
396 900 472 948 antem
485 911 531 948 uon
547 902 582 948 est
593 897 641 961 ipse
656 897 747 948 habitus
760 897 901 958 fortitudinis,

110 969 151 1019 sed
159 968 244 1033 aliquid
257 969 347 1032 melius,
358 968 416 1018 sieut
431 971 521 1033 oporiet
532 970 600 1020 tinem
612 968 730 1020 meliorem
742 983 794 1021 esse
811 972 847 1022 his
857 983 900 1034 qus

110 1046 164 1092 suut
178 1043 206 1094 ad
215 1044 292 1094 finem.
304 1041 354 1092 Nou
366 1053 420 1104 ergo
432 1039 497 1090 fortis
511 1040 558 1104 agit
571 1043 662 1104 propter
671 1040 757 1090 bonnm
770 1041 856 1106 proprii
870 1043 904 1092 na-

109 1111 180 1164 bitus.

140 1183 184 1235 seu
197 1189 274 1236 eontra
284 1188 337 1244 est,
351 1183 411 1246 qnod
424 1182 578 1247 Philosophus
589 1182 644 1232 dieii
655 1197 679 1232 ιιι
693 1183 723 1232 ιιι
737 1184 836 1245 ntiae„
849 1184 904 1248 qnid

111 1255 186 1305 «sorti
197 1256 304 1307 fortitudo
315 1259 351 1306 est
361 1255 478 1306 bonum.»
494 1253 556 1304 Talis
566 1256 643 1305 antem
656 1257 692 1304 est
706 1253 770 1304 finis.

144 1328 300 1390 (Conmusro.
308 1354 340 1365 -
348 1325 422 1378 Fortis
433 1330 540 1390 operatur
551 1329 645 1389 propter
657 1324 745 1376 bouum
760 1327 797 1377 sni
811 1327 905 1388 habitis,

108 1401 134 1450 ut
146 1403 238 1462 propter
251 1399 380 1464 proximum
397 1399 480 1460 ιὶιιειιι,
497 1400 523 1448 ιιι
534 1397 622 1448 seilicet
635 1397 660 1448 in
674 1401 725 1448 autu
740 1397 906 1449 similitudinem

110 1468 145 1518 sni
162 1469 251 1520 habitus
269 1469 393 1534 exprimat,
406 1481 538 1534 quanquam
550 1472 642 1532 propter
653 1469 817 1522 beatitudinem
833 1475 857 1521 et
871 1469 905 1520 Dei

109 1554 208 1591 amorem
217 1540 300 1601 fortes,
312 1546 338 1592 ut
350 1544 443 1606 propter
452 1540 556 1590 ultimum
566 1539 643 1603 tinem,
657 1541 806 1605 operentur.)

140 1613 276 1675 nesponueo
287 1614 421 1676 dicendum,
435 1612 496 1676 quod
507 1613 592 1676 duplex
605 1616 641 1664 est
654 1611 716 1676 finis,
732 1611 822 1664 seilicet
835 1614 905 1680 proui-
940 1615 941 1618 ’

110 1698 161 1733 ιιιιιε
175 1688 199 1734 ει
209 1685 309 1735 ultimus.
324 1684 388 1736 Finis
402 1689 477 1735 antem
493 1683 611 1748 proximus
625 1683 809 1749 uuiuscujusque
824 1685 906 1748 ageris

108 1759 145 1806 est
157 1759 182 1805 ut
192 1757 365 1808 similitudinem
374 1771 422 1807 snm
434 1757 514 1808 torma
526 1755 550 1806 in
560 1755 656 1806 aiterum
668 1755 776 1818 inducat,
791 1756 851 1807 siem
861 1757 907 1806 iinis

109 1826 170 1891 ignis
183 1828 337 1880 calefacientis
351 1832 388 1879 est
403 1831 429 1878 ut
443 1826 534 1879 inducat
547 1825 718 1878 similitudinem
736 1827 773 1878 sni
793 1828 875 1880 caloris
888 1829 907 1875 in

110 1898 210 1962 patiente
218 1917 225 1963 ;
234 1905 258 1951 ει
270 1900 322 1950 iinis
333 1900 476 1952 aedificatoris
487 1901 521 1950 est
535 1903 562 1948 ut
571 1898 662 1948 iuducet
675 1897 851 1952 similitudinem
865 1912 907 1950 sne

109 1972 164 2023 artis
176 1971 201 2022 in
217 1972 319 2024 materia.
334 1972 496 2035 Quodcumque
508 1974 583 2022 autem
597 1969 682 2021 bonnm
693 1983 721 2020 ex
739 1970 784 2020 hoo
795 1972 906 2035 sequitur,

111 2043 131 2093 si
145 2044 175 2094 sit
183 2043 311 2108 intentum,
325 2048 404 2109 potest
414 2043 460 2094 diei
472 2043 523 2092 iuis
531 2047 633 2093 remotus
646 2040 744 2104 agentis.
757 2040 822 2092 Sient
835 2046 907 2093 auteur

109 2115 133 2166 iu
145 2116 283 2167 factibiliius
296 2114 390 2166 mamria
403 2113 502 2166 exterior
509 2113 636 2178 disponitur
650 2126 690 2176 per
701 2116 773 2163 artem
782 2151 789 2175 ‚
799 2114 834 2164 ita
842 2115 908 2165 etiam

109 2187 133 2238 in
150 2188 270 2252 agibiiibus
290 2201 331 2253 per
343 2186 486 2251 prudentiam
501 2185 652 2248 disponuntur
671 2187 734 2234 actus
749 2185 853 2235 hnmani.
871 2183 906 2233 Sic

109 2271 162 2322 ergo
171 2260 289 2311 dicendum
300 2263 344 2321 est,
358 2258 420 2324 qnod
435 2257 499 2308 [ortis
513 2257 573 2307 sieut
583 2255 712 2320 proximum
727 2255 798 2306 finem
811 2254 907 2308 ιιιειιιιιι

109 2332 134 2378 nt
147 2330 318 2381 similitudinem
331 2331 365 2380 sui
381 2329 472 2380 uuoiuts
490 2328 602 2393 exprimat
618 2327 642 2376 in
654 2331 721 2392 aetu;
735 2326 836 2379 intendit
849 2326 904 2378 euim

109 2413 175 2462 agere
190 2402 313 2453 seeundum
333 2401 515 2451 convenientiam
534 2399 569 2451 sui
588 2397 687 2450 habitus.
702 2397 766 2458 Finis
780 2401 857 2450 antem
874 2411 905 2448 re·

109 2474 184 2522 motus
196 2477 231 2522 est
244 2473 369 2535 beatitudo,
381 2472 417 2523 vel
429 2473 500 2522 tiens.

141 2542 168 2591 Et
181 2556 221 2605 per
229 2546 273 2595 hoo
285 2549 349 2609 patet
360 2543 478 2609 responsio
492 2544 522 2594 ad
531 2543 693 2608 objectantem
706 2541 780 2606 primu
790 2540 848 2593 ratio
859 2553 905 2606 pro·

109 2613 215 2675 cedebat,
229 2628 256 2665 ac
267 2615 287 2666 si
295 2617 345 2680 ipsa
361 2617 460 2666 essentia
470 2615 562 2666 habitis
576 2617 638 2664 esset
650 2613 718 2675 finis,
730 2626 776 2664 nou
788 2617 865 2664 antem
874 2611 906 2663 si-

110 2683 210 2734 militudo
223 2685 274 2747 ejus
287 2686 311 2734 iu
324 2692 388 2750 εειιι,
404 2690 428 2736 ut
442 2687 529 2737 dietum
541 2688 589 2748 est,
602 2685 646 2736 aliu
660 2683 716 2735 ιειὸ
728 2685 772 2736 duo
786 2685 906 2748 pruoedunt

110 2754 138 2800 de
154 2753 198 2802 line
211 2753 300 2804 ultimo.
