1934 3284
325 242 356 280 bn
370 241 534 281 tensaurum.
785 236 831 282 685

37 323 88 371 tete
98 318 130 384 (l)
150 335 156 369 :
173 320 279 370 «invitat
293 319 428 381 integritatis
444 333 506 370 amor
521 324 547 370 ut
559 319 644 384 aliquid
657 321 685 372 de
700 320 833 384 virginitate

34 389 188 451 dicamns‚'ne
201 392 272 440 veluti
287 391 383 442 transite
403 391 500 456 quedam
513 393 631 456 perstricta
651 391 770 454 videatur,
782 405 832 456 quae

33 463 162 528 principalis
173 462 208 512 est
221 463 302 513 virtus.
319 479 332 510 n

67 535 228 598 (Consuesse.
244 561 274 576 -
284 535 406 599 Virginitas
419 538 455 586 est
464 533 566 598 quaedam
580 533 686 597 specialis
696 532 766 584 virtus
780 544 831 598 quae

33 605 115 668 aliquis
129 620 153 656 se
167 605 289 657 immunem
305 608 333 656 ab
350 607 505 672 experimento
523 611 627 655 venereae
644 605 766 668 voluptatis
779 619 834 656 eon-

33 683 123 740 serrat,
138 681 160 726 et
176 691 200 727 se
214 678 322 743 perpetub
337 691 470 729 conservare
484 677 618 741 proponit.)

67 749 200 811 despondeo
212 751 344 812 dicendum,
358 749 417 812 qubd
432 749 490 798 siout
507 748 574 812 supra
588 749 671 797 dietum
686 750 721 798 est
734 749 786 813 (art.
798 751 833 811 1),

34 823 59 871 in
73 821 202 884 virginitate
214 828 250 872 est
261 823 318 872 sieut
331 819 424 873 formale
439 827 462 872 et
474 822 634 885 completivum
647 823 679 885 (Ξ)
693 821 833 885 propositum

33 891 143 956 perpetue
155 892 280 943 abstinendi
300 893 468 944 *adelettatieue
484 906 590 944 venerea.
604 893 665 951 Quod
676 892 768 954 quidem
783 904 834 955 pro·

32 965 133 1029 positura
147 964 258 1014 laudabile
271 965 372 1015 redditur
382 979 411 1015 ex
423 965 481 1028 drue3
493 967 515 1014 in
533 969 641 1028 quantum
656 963 742 1014 seilicet
752 965 794 1013 boe
808 962 833 1012 fit

33 1038 63 1086 ad
78 1037 204 1085 vacandum
217 1036 284 1087 rebus
297 1037 387 1086 diviuis.
404 1037 517 1088 Materiale
531 1041 605 1085 antem
619 1035 643 1084 in
656 1035 786 1098 uirginitate
800 1037 835 1084 est

31 1107 152 1170 integritas
169 1106 243 1162 earnis
260 1108 345 1170 absque
361 1107 423 1157 omni
438 1108 594 1171 experimento
610 1119 713 1156 ueneree
731 1106 834 1155 delecta·

31 1178 112 1229 tionis.
129 1177 271 1228 Manifestum
285 1183 320 1228 est
338 1181 414 1229 autem
434 1179 495 1244 qubd
510 1179 548 1229 ubi
566 1181 602 1230 est
619 1177 726 1241 specialis
741 1177 835 1227 materia

31 1250 89 1300 boni
111 1251 196 1299 babens
214 1250 334 1312 specialem
357 1250 529 1313 excellentiam,
544 1251 575 1299 ibi
595 1249 711 1299 inuenitur
729 1248 836 1312 specialis

31 1323 91 1374 ratio
108 1322 196 1372 virtutis
213 1339 218 1372 :
236 1323 293 1373 sieut
306 1325 369 1388 patet
378 1323 402 1372 in
413 1324 581 1388 magnificentia
588 1361 596 1387 ‚
609 1338 659 1388 quae
673 1325 709 1372 est
718 1322 777 1371 cirea
789 1335 837 1372 ma·

32 1409 92 1458 gnos
104 1397 216 1458 sumptus.
228 1395 255 1443 Et
272 1409 300 1444 ex
311 1397 354 1445 boe
366 1398 402 1444 est
415 1395 520 1458 specialis
536 1395 609 1445 virtus
623 1393 778 1444 bliberalitate
791 1392 837 1444 dis-

33 1467 119 1526 tincta,
136 1479 186 1528 quae
204 1465 353 1516 communiter
369 1479 394 1516 se
416 1467 484 1516 babet
502 1467 561 1516 cirea
578 1479 668 1517 emnem
692 1463 838 1528 pecuniarum

31 1553 111 1587 usum.
127 1538 174 1586 Hoc
187 1541 261 1588 auteur
278 1538 338 1602 quod
358 1541 392 1588 est
407 1550 543 1588 eorrserrare
556 1551 581 1588 se
591 1537 715 1586 imoruuem
729 1536 758 1585 ab
769 1548 839 1600 eupe-

31 1610 138 1659 rimente
145 1623 247 1660 venereae
257 1609 388 1675 volurptutis,
396 1609 463 1660 babet
473 1611 592 1674 quamdam
601 1607 758 1659 excellentiam
767 1603 846 1657 lundis

31 1694 102 1744 supra
122 1683 165 1730 boe
179 1681 238 1744 qued
253 1686 287 1730 est
306 1695 438 1732 conseruare
453 1696 477 1732 se
492 1682 616 1732 immunem
631 1681 659 1731 ab
672 1679 837 1730 inordinatione

31 1749 139 1803 venereae
159 1753 291 1816 uelaaptatis.
310 1753 337 1802 Et
350 1754 400 1804 ideo
422 1753 540 1816 uirginitas
555 1757 591 1804 est
607 1753 722 1816 quedam
732 1751 839 1814 specialis

31 1825 124 1885 virtus,
138 1824 225 1872 babens
239 1837 264 1874 se
278 1825 306 1874 ad
321 1825 461 1886 castitatem,
474 1825 533 1874 sient
548 1823 716 1889 magnificentia
729 1836 754 1874 se
768 1824 838 1874 babet

31 1897 60 1946 ad
82 1894 251 1946 liberalitatem.
467 1901 470 1907 “
773 1941 782 1954 ‚

65 1968 100 2016 Ad
115 1965 214 2030 primum
227 1979 279 2030 erge
289 1966 408 2016 dicendum
418 2004 425 2027 ‚
437 1965 497 2030 qubd
509 1966 613 2016 homines
623 1980 652 2017 ex
665 1978 706 2015 sua
717 1965 837 2015 nativitate

31 2039 123 2090 babent
139 2039 162 2088 id
181 2039 240 2099 quod
254 2043 289 2088 est
302 2031 417 2088 materiale
429 2037 453 2086 in
472 2037 618 2100 uirginitate,
636 2037 723 2088 seilicet
739 2036 837 2100 iutegri-

29 2116 106 2162 tatem
115 2109 189 2159 earnis
198 2109 321 2160 intumuere
335 2110 362 2158 ab
369 2109 526 2171 experimento
536 2108 752 2159 venereoruan.Nou
762 2112 837 2156 minen

31 2184 125 2233 habent
137 2181 161 2231 id
171 2181 229 2244 quod
244 2186 280 2230 est
293 2181 386 2230 lonnale
399 2183 424 2230 in
438 2181 584 2245 uirginitate3
600 2184 625 2230 ut
639 2179 727 2231 scilieet
740 2179 839 2228 habeant

30 2255 180 2319 prepositum
198 2253 304 2303 mutendi
319 2252 451 2314 huiusmodi
468 2252 621 2316 integritatem
640 2256 733 2316 prepter
747 2252 817 2300 Deum
832 2265 839 2298 :

69 2406 103 2470 (l)
120 2407 166 2453 Vel
180 2408 239 2452 sieut
253 2406 322 2453 rnodd
338 2407 471 2452 inscribitur
486 2407 521 2452 De
533 2405 690 2464 eirpa‘ere'bee,
704 2404 746 2449 lib.
762 2406 786 2463 1,
801 2404 844 2449 eli·

32 2471 128 2530 quantb
138 2478 190 2527 pest
200 2471 303 2528 initium,
314 2472 354 2514 ubi
366 2478 390 2515 et
398 2471 516 2514 interserit
527 2471 588 2525 qudd
598 2477 622 2514 et
630 2470 673 2514 boe
686 2479 753 2512 seren
763 2473 845 2513 saneta

31 2536 112 2594 ipsius
126 2534 270 2588 marcellina,
287 2533 323 2578 oui
338 2545 379 2578 ees
390 2533 460 2578 libres
472 2532 605 2592 inseripsit‚
621 2533 695 2576 metir
710 2531 783 2575 tacite
795 2543 845 2575 me-

30 2599 195 2652 retorperet.

70 2667 109 2731 (2)
126 2670 170 2715 Vel
187 2665 328 2724 transpositi
340 2660 511 2714 construendae
532 2666 710 2723 :Propertium
727 2666 848 2724 perpetue

31 2731 182 2780 abstinendi
197 2733 212 2774 d
231 2731 385 2776 delectatione
402 2743 504 2775 eeeeeeee
526 2734 559 2774 eet
579 2731 608 2774 ἐπ
622 2729 770 2786 eirpireilete
783 2731 848 2773 ederet
877 2743 880 2749 ·

31 2795 147 2857 formate
165 2798 186 2838 et
208 2795 392 2851 completivum
409 2791 432 2838 id
451 2799 487 2838 est
505 2793 597 2849 proprie
619 2797 643 2836 et
662 2791 767 2837 termetis
787 2791 847 2836 ratio

32 2857 169 2906 essentiam
182 2856 317 2914 virginitatis
335 2856 470 2912 complens,
491 2855 605 2900 eomodo
623 2867 670 2911 que
690 2854 765 2901 dorma
780 2861 850 2898 natu·

32 2921 97 2968 ralis
115 2919 233 2976 complere
257 2931 333 2964 rerum
355 2919 494 2966 naturalium
514 2920 640 2966 essentiam
658 2918 759 2979 dteimr,
781 2915 849 2979 quani

34 2995 126 3033 earum
139 2981 270 3030 essentialis
286 2981 407 3041 perlectio.
588 2977 590 2983 '

157 3091 184 3134 Υ.
708 3083 740 3130 20
