1934 3284
107 143 157 192 tta
218 147 686 202 sssuuuasmroae,ourssr.utxv1,
707 149 769 191 aaa.
788 153 807 190 r.

107 229 133 280 io
146 233 181 280 ast
189 242 208 276 's
217 232 363 292 peccatores,
374 227 413 291 qui
426 231 491 278 tarra
503 226 596 277 uomina
610 227 799 290 significantur:
813 229 852 280 rei
860 229 914 278 serto

107 302 198 352 tortium
217 313 289 362 gorius
302 300 446 358 tentationis.
463 299 499 350 his
514 297 589 350 uerbis
609 299 742 362 figuratur,
755 303 820 364 quod
839 307 874 351 est
885 315 917 350 su

107 373 214 433 riositus3
229 377 312 422 terram
329 373 391 422 suim
408 372 449 436 qui
470 373 602 432 mandarat,
621 371 742 434 profunda
759 378 787 423 st
804 375 918 425 tenebrosa
949 365 950 394 ³

107 447 219 507 panstrat.
230 445 273 493 Psr
284 445 328 493 tros
338 447 413 492 autom
427 442 487 505 quod
497 441 624 492 inimicitia
636 449 763 506 ponuntur
774 444 841 494 iuter
850 445 917 510 iussu

105 517 133 564 ot
146 515 275 575 iustiorem,
290 516 419 566 ostenditur
432 527 474 564 uos
490 525 537 564 non
551 525 621 576 posse
636 513 649 562 i
667 513 767 565 diabolo
785 518 873 566 toutari
884 516 918 564 uisi

106 598 149 649 por
164 585 226 635 iiiam
239 587 359 637 animalem
374 589 462 649 uartsru
480 599 532 649 qua
547 583 611 646 quasi
628 584 741 635 mulieris
761 588 919 652 imagiueuiu

109 656 201 708 homins
211 659 319 708 ostendit.
334 658 417 708 Somou
429 661 505 707 autem
521 655 605 706 diaboii
618 660 655 706 est
669 669 788 720 perversa
800 659 918 722 suggestio

109 741 188 778 osmeri
200 729 315 790 mulieris,
329 729 418 778 iruotus
431 728 486 778 osui
499 727 575 792 operis
585 738 631 790 quo
642 739 768 790 peruersa
782 729 919 794 suggestioni

109 801 203 851 resistit.
216 802 244 850 st
253 801 306 851 idas
312 801 419 851 observat
426 812 522 864 serpeus
532 799 632 864 plautum
641 797 762 861 mulieris,
770 805 802 850 ut
814 802 921 866 siquando

109 873 134 923 iu
145 873 225 924 iiiicita
235 873 317 923 labitur
326 872 454 929 detestatio.
467 861 528 922 iliaris
541 871 615 935 sapiat
626 886 632 920 :
643 875 667 921 ot
676 871 718 921 iiia
728 873 853 925 observat
861 877 917 938 sapui

111 944 182 1008 ojus,
194 950 220 994 ut
234 957 288 994 oum
303 945 328 994 iu
346 944 396 1008 ἣρω
407 943 474 994 initio
488 944 553 994 malas
570 942 685 993 suasionis
705 945 836 997 excludat.
857 947 921 995 uiiu-

111 1028 198 1080 susqus
209 1016 357 1080 Augustinus.
713 1038 716 1047 ·

354 1288 668 1370 suasurouuxur.

226 1434 261 1479 iis
271 1432 436 1493 studiositas,
450 1432 480 1476 ias
495 1431 557 1477 daos
569 1430 688 1476 atticotos
702 1430 803 1476 distas.

145 1582 227 1632 Postea
237 1581 423 1632 wuoosuuoum
436 1584 472 1632 ast
486 1581 514 1632 do
527 1579 671 1631 studiositats
684 1584 711 1630 ot
724 1580 873 1634 curiositate
889 1583 924 1647 ipsi

115 1656 220 1776 0ρὲῗὲᾙᾶ
222 1690 390 1776 studiositatem
402 1727 479 1775 autom
497 1726 627 1788 quassantur
642 1723 695 1774 duo.
713 1727 739 1773 1⁹
755 1725 817 1784 Quae
837 1727 871 1778 sit
885 1739 925 1776 ma·

115 1796 174 1848 toria
188 1796 349 1849 studiositatis.
361 1801 389 1847 2⁰
402 1795 482 1848 Utrum
495 1797 526 1848 sit
534 1809 586 1860 pars
598 1795 767 1860 temperantias.

418 1987 577 2038 ARTICULUS
594 1987 613 2036 l.

191 2113 276 2159 Utrism
292 2113 395 2158 motoria
409 2111 568 2156 studiositatis
584 2109 615 2155 sii
629 2107 727 2167 propris
741 2112 863 2166 counitio.

150 2241 183 2291 id
196 2240 295 2305 primum
313 2238 346 2289 sie
362 2238 498 2303 uroraditor.
516 2237 610 2287 Videtur
620 2233 800 2300 quoti-matoria
813 2237 926 2289 studiosi·

119 2313 174 2364 totis
184 2325 229 2362 nou
241 2313 272 2361 sit
283 2310 372 2376 proprio
382 2311 491 2373 cognitio.
502 2308 624 2358 studiosus
636 2307 697 2357 euim
706 2307 793 2358 riioitur
804 2309 891 2373 aliquis
902 2324 925 2359 su

118 2395 147 2433 eo
163 2383 223 2446 quod
237 2383 329 2433 adhibet
341 2383 440 2434 studium
451 2381 563 2444 aliquibus
576 2381 652 2430 rubus.
665 2379 710 2430 Sod
720 2379 744 2428 iu
756 2381 866 2442 qualibet
878 2396 924 2430 rua-

119 2454 175 2504 tsria
193 2456 260 2506 dairot
276 2457 344 2505 ionio
359 2455 458 2509 stadium
478 2453 586 2503 adhibere
602 2453 630 2500 ad
645 2453 690 2501 hoo
701 2449 763 2514 quod
779 2453 845 2504 asota
863 2453 926 2504 faciat

119 2527 178 2588 quoi
193 2534 229 2576 ast
241 2527 379 2577 facienoum.
398 2527 458 2588 Ergo
473 2525 564 2576 uidetur
576 2523 637 2587 quod
651 2535 697 2572 nou
710 2521 742 2572 sit
754 2523 870 2586 specialis
883 2537 924 2574 ma·

119 2597 176 2645 toria
189 2597 341 2647 studiositatis
355 2597 463 2661 cognitio.

151 2671 176 2714 2.
185 2669 305 2729 Praeterea,
314 2669 447 2720 studiositas
458 2666 586 2718 curiositati
595 2664 727 2732 opponitur.
736 2665 784 2718 Sed
795 2665 923 2724 ruuosiras,

20 2742 26 2757 ·
119 2748 171 2797 qua
185 2735 264 2788 isura
274 2740 369 2802 dieitur,
381 2744 458 2804 potest
471 2752 525 2790 esso
537 2739 607 2790 stiam
618 2739 678 2788 riroa
692 2743 799 2791 ornatum
812 2740 921 2796 restium,

118 2807 145 2852 at
155 2806 215 2853 circa
226 2809 270 2857 atia
287 2810 419 2873 hujusmodi
430 2824 480 2874 qus
499 2811 614 2875 partirent
628 2809 656 2858 ai
671 2820 756 2873 wopau
770 2824 778 2860 s
791 2811 855 2860 uude
868 2811 923 2872 ipo

120 2873 192 2925 stolus
204 2875 259 2927 uicit
272 2880 308 2929 ad
318 2883 388 2930 itum.
398 2881 449 2932 xut
460 2898 467 2932 :
479 2881 588 2932 a-Garois
599 2891 679 2932 turam
692 2893 726 2932 no
736 2881 844 2934 isaaritis
853 2882 881 2932 in
889 2882 924 2932 do·
