1934 3284
305 154 337 194 na
351 154 552 208 »mmmm
782 148 828 197 llll‘l

34 230 176 295 presumptio
187 228 312 283 seeundum
323 244 392 296 mam
408 232 491 296 aliquis
502 232 581 283 nititur
592 232 617 283 in
629 245 657 285 ea
672 232 701 285 ad
718 248 769 300 que
782 248 830 289 non

34 300 122 365 suffieit,
138 301 168 351 sit
180 306 309 366 peecatum,
318 302 408 354 ridetur
420 303 482 367 qnod
495 304 563 355 homo
576 318 618 355 neo
630 305 729 369 cogitare
738 307 830 371 aliquod

34 374 113 423 bonum
127 372 189 426 licite
203 372 276 437 possit
291 390 297 423 :
315 374 376 439 quod
394 380 429 427 est
441 374 617 427 inconveniens.
630 378 680 428 Non
698 391 752 443 erpo
770 392 830 443 pru-

33 446 128 510 sumptio
141 448 177 496 ost
190 450 319 509 peceatum.

60 516 105 567 Sed
116 520 194 567 contre
203 518 314 580 estquod
324 517 407 568 dieitur
416 517 497 574 lieet„
505 518 619 569 XXXVII:
631 536 645 569 u
655 521 827 587 Opraesnnrptio

34 587 183 651 nequissima,
200 588 262 638 uude
275 593 350 639 ereata
366 589 407 640 est
425 607 439 637 u
455 588 499 640 libi
516 591 637 654 respondet
650 592 748 644 Glossa:
769 611 783 643 u
797 594 829 647 llo

33 659 87 709 nola
101 659 190 710 scilieet
201 658 317 710 voluntate
325 664 444 713 creature.
454 677 469 708 n
480 661 524 712 Sed
536 675 603 713 omne
618 663 678 726 quod
686 665 789 727 procedit
799 679 829 717 ex
912 706 915 711 .

31 730 101 781 radice
118 730 183 782 malae
199 730 338 793 voluntatis,
353 734 390 783 est
406 735 534 796 peecatum.
551 734 610 797 Ergo
631 735 781 799 presumptio
794 740 830 789 est

33 806 157 862 peceatum.

60 874 220 939 (conatusne.
234 902 266 913 ·-
278 874 426 939 Prasumptio
445 882 563 940 peceatum
581 880 616 928 est
636 890 681 942 quo
696 879 781 940 aliquis
802 894 831 933 ea

33 955 95 1008 agere
108 945 270 1010 assumitque
285 960 337 997 suas
352 946 413 998 vires
427 949 564 1013 superant.)

59 1016 197 1083 Respondeo
207 1017 336 1081 lieentum,
350 1016 411 1083 quod
421 1018 473 1069 edm
483 1032 511 1071 ea
524 1034 574 1084 qum
583 1025 636 1072 sunt
651 1022 775 1077 seeundum
789 1037 829 1075 na-

33 1102 115 1152 turam,
127 1089 176 1141 sint
185 1088 289 1141 ordinata
301 1090 387 1140 ratione
399 1089 489 1153 dimna,
499 1104 567 1155 quam
579 1094 678 1151 hnmana
692 1094 748 1145 ratio
762 1095 830 1147 debet

33 1161 130 1226 imitari3
141 1159 249 1225 quioquid
268 1160 392 1211 semodium
408 1161 519 1213 rationem
539 1164 662 1215 humanam
679 1165 705 1215 lit
719 1166 779 1230 quod
795 1170 830 1219 est

33 1239 107 1284 eontra
125 1232 228 1283 ordinem
247 1232 396 1283 communiter
415 1232 590 1286 innaturalibus
605 1237 674 1287 rebus
694 1237 827 1303 inuentum,

33 1309 64 1354 est
75 1304 188 1356 vitiosum
202 1308 226 1354 et
240 1308 366 1369 peceatum.
378 1304 425 1354 lloe
439 1306 515 1355 autem
527 1307 677 1358 communiter
687 1308 711 1358 in
724 1308 829 1359 omnibus

33 1376 95 1427 mbus
112 1374 253 1428 naturalibus
266 1375 397 1439 invenitur,
410 1374 471 1439 quod
487 1376 595 1440 quelibet
606 1378 665 1431 aetio
684 1392 829 1432 commensu-

34 1452 90 1498 ratur
109 1446 193 1497 virtuti
211 1446 315 1511 agentis,
329 1459 373 1497 nec
391 1446 482 1511 aliquod
500 1460 568 1513 agens
585 1452 685 1502 naturale
703 1451 782 1502 nititur
801 1454 831 1505 ad

34 1516 144 1581 agendum
158 1517 181 1569 id
199 1518 258 1582 quod
274 1517 362 1569 excedit
377 1532 440 1587 suam
456 1519 595 1571 facultatem.
610 1520 639 1572 Et
656 1523 707 1575 ideo
722 1522 830 1575 vitiosum

34 1595 98 1642 estet
113 1594 231 1656 peceatum
240 1590 305 1655 quasi
316 1595 392 1642 eontra
400 1590 502 1642 ordinem
511 1594 636 1645 naturalem
649 1596 758 1659 existens,
767 1595 829 1660 qudd

33 1662 113 1727 aliquis
126 1665 228 1713 assumat
239 1661 267 1712 ad
281 1662 390 1725 agendum
404 1666 431 1713 ea
441 1676 491 1727 quae
504 1665 652 1727 prelemutur
666 1681 714 1720 auu
731 1666 827 1719 virtuti:

34 1736 91 1796 quod
101 1735 199 1800 pertinet
208 1734 235 1784 ad
245 1734 356 1784 rationem
367 1734 558 1800 presumptionis,
568 1736 626 1788 siem
635 1742 658 1790 et
663 1739 737 1805 ipsum
746 1753 830 1793 nomen

33 1805 170 1857 manifestat.
190 1805 254 1856 llude
268 1805 412 1856 manifestum
430 1807 541 1873 estquod
558 1811 705 1876 presumptio
720 1816 755 1863 est
772 1825 829 1877 pec-

34 1883 113 1929 utum.

60 1952 96 2000 ild
109 1948 207 2015 primum
219 1960 271 2013 ergo
282 1948 415 2013 dioeudum,
425 1948 485 2014 qnod
496 1949 554 2000 nillil
564 1951 670 2015 pmhibet
683 1952 766 2017 aliquid
779 1966 828 2007 esse

35 2035 100 2087 supra
112 2021 238 2088 potentium
257 2021 352 2072 activam
366 2022 464 2087 alonius
477 2022 511 2073 rei
525 2025 647 2087 naturalis,
661 2027 721 2089 quod
734 2038 780 2077 non
794 2028 830 2077 est

35 2108 99 2159 supra
110 2094 237 2159 potentiam
253 2092 368 2157 passivam
386 2094 503 2159 ejusdem
519 2094 580 2144 inest
593 2096 655 2145 enim
669 2096 715 2146 aeri
725 2096 830 2161 potentia

34 2166 121 2227 passiva
128 2203 139 2231 ‚
149 2179 191 2231 per
200 2178 268 2230 quam
278 2169 354 2230 potest
362 2166 508 2217 transmutari
517 2166 541 2217 in
555 2167 598 2217 hoo
608 2169 667 2231 quod
679 2168 748 2218 habet
757 2167 829 2218 aetio-

36 2251 83 2287 nem
98 2243 122 2289 et
131 2241 218 2288 motum
228 2237 300 2303 unis,
316 2251 366 2301 que
376 2238 489 2289 excedunt
503 2237 627 2303 potentiam
643 2238 740 2289 activam
759 2238 829 2289 aeris.

36 2307 68 2359 Sin
86 2309 158 2361 etium
170 2308 276 2359 uitiosum
286 2312 347 2361 esset
357 2314 380 2360 et
395 2314 619 2374 praesumptuosum,
630 2309 690 2375 quod
710 2310 791 2375 aliquis
805 2310 831 2361 in

36 2383 90 2431 statu
99 2379 237 2447 inperfecte
250 2379 339 2430 virtutis
352 2380 461 2442 existens,
472 2385 593 2435 attentaret
607 2381 682 2433 statim
694 2381 786 2445 assequi
801 2394 830 2433 ea

36 2465 80 2514 quae
92 2455 146 2505 sunt
158 2452 265 2517 perlecto
278 2451 376 2502 virtutis.
390 2452 436 2502 Sed
449 2453 470 2503 si
483 2452 535 2517 quis
546 2454 574 2503 nd
588 2454 632 2504 hoo
641 2453 720 2503 tendat
734 2458 760 2503 ut
774 2466 829 2517 pro·

35 2523 89 2574 ieiat
101 2524 127 2575 in
140 2524 250 2574 uirtutem
263 2524 395 2589 perlectam,
407 2526 451 2575 hoo
462 2538 509 2575 nou
523 2527 558 2575 est
569 2528 772 2589 presumptuosunu
786 2538 830 2577 neo

36 2594 138 2647 uitiosum
151 2610 157 2645 ε
171 2598 196 2646 et
208 2596 253 2646 troo
265 2595 332 2646 modo
345 2596 465 2659 llpostolus
480 2594 505 2647 io
518 2595 631 2647 anteriora
644 2610 668 2648 se
683 2597 828 2662 extendebat3

36 2668 115 2719 mlimt
126 2680 168 2734 per
184 2667 320 2741 continuum
331 2667 465 2732 pmfoctum.

62 2742 95 2791 ld
107 2742 234 2792 sennodum
247 2739 367 2791 dicendum
373 2778 382 2805 ,
396 2740 457 2805 quod
470 2740 585 2793 diminuet
600 2742 735 2793 immortalia
747 2754 830 2794 seeun-

37 2809 84 2860 dum
101 2813 207 2865 ordinem
225 2815 314 2863 nature
335 2816 388 2862 suut
407 2824 475 2875 supra
495 2812 620 2864 hominem.
640 2814 731 2866 llomlni
752 2819 831 2865 tanuen

35 2879 87 2937 inest
106 2884 212 2951 medum
225 2882 329 2950 poentio
348 2884 457 2935 naturalis
475 2882 584 2949 (scilieet
602 2884 767 2953 intellectus),
788 2898 831 2951 per
