1934 3284
121 122 169 173 stt
228 130 476 179 mancusas,
489 130 582 176 enm.
595 130 704 179 mum,
717 131 776 170 nr.
795 131 822 169 n.

414 312 571 365 saltemus
587 312 617 363 ll.

120 444 204 491 Uti-tene
213 443 240 486 ὴ
248 440 384 498 monteliols
391 440 534 485 revelarem
540 438 850 495 summensteten
855 444 914 487 nunti

148 507 266 565 mantela
277 518 342 551 nevae
356 518 438 551 rerum
448 504 544 560 apaten
554 515 588 547 ren
596 503 675 547 neem
690 516 786 549 novum
801 508 888 553 rm

146 633 316 685 sesecundum
330 632 363 683 sic
375 630 504 695 proceditur
512 630 556 695 (l).
568 630 662 681 Vineam
675 630 739 694 quod
753 632 781 681 in
792 634 915 697 pmntetira
941 643 943 680 r

115 704 252 757 revelatione
272 716 317 754 non
338 702 495 767 imprimantur
508 701 617 752 divinitus
634 702 708 753 menti
725 705 853 768 prophetae
864 718 917 753 none

115 791 190 829 rerum
208 775 308 841 speeies,
327 776 366 827 sed
388 772 461 823 solirm
482 787 566 824 novam
588 772 676 823 lumen.
699 774 782 840 Quia,
799 776 862 827 sient
878 779 919 824 tim
941 823 943 826 .

114 850 195 901 Glosse
214 846 360 912 Hieronymi,
376 846 484 905 ament
500 861 507 895 :
523 863 538 892 ο
549 846 669 909 Prophetae
680 848 785 897 utuntur
797 849 920 899 similitudi·
941 851 943 902 ἰ

116 921 183 971 nitus
199 932 275 969 rerum
289 918 313 968 in
325 918 407 983 quitus
418 917 547 967 conversati
561 921 624 967 sunt.
637 934 652 965 n
666 916 712 967 Sed
725 918 747 967 si
758 920 823 970 visio
834 924 921 984 pronae·
941 908 943 992 j

115 992 160 1042 tica
174 982 237 1041 leret
247 1005 287 1055 per
298 990 385 1054 aliquas
399 988 486 1053 species
501 989 528 1040 de
541 1002 601 1039 novo
613 988 756 1053 impressas,
775 991 838 1041 nihil
851 1006 922 1055 onera·

117 1067 178 1115 retur
190 1063 220 1113 lbi
231 1062 363 1127 precellens
372 1060 520 1111 conversatio.
535 1060 594 1123 Ergo
608 1074 654 1111 non
669 1061 843 1124 imprimuntur
852 1065 921 1127 alique

116 1133 205 1198 speeies
219 1133 247 1183 de
257 1144 316 1183 novo
329 1131 354 1183 in
365 1130 461 1181 animam
476 1132 607 1197 prophete,
620 1131 660 1183 sed
675 1132 754 1183 selim
770 1137 923 1200 propheticum
942 1133 944 1196 l

116 1206 201 1257 lumen.

147 1281 171 1329 2.
193 1278 318 1339 Preterea,
340 1276 400 1327 sicvt
418 1274 558 1338 Augustinus
575 1274 645 1336 (licit,
660 1276 712 1327 tltt.
736 1276 831 1342 Super
849 1280 923 1331 Geren

116 1348 152 1399 mi
163 1350 205 1399 tit.
219 1353 283 1415 (cap.
295 1352 338 1411 9),
354 1345 435 1399 «visio
445 1346 579 1409 imaginaria
593 1360 639 1397 non
656 1346 714 1397 lacit
724 1352 879 1414 prophetam,
890 1366 923 1401 sea

116 1421 188 1473 selim
211 1422 269 1473 visio
289 1419 465 1482 intellectualis;
487 1418 575 1469 »unde
597 1418 667 1469 etiam
687 1420 770 1478 Dan..
797 1424 838 1486 x,
853 1425 924 1475 dicim

116 1493 175 1559 quod
192 1510 205 1541 ο
223 1491 375 1556 intelligentia
388 1505 445 1555 opus
457 1494 493 1541 est
507 1490 531 1541 in
545 1489 643 1540 visione,
657 1506 671 1539 v
688 1490 737 1541 Serl
752 1492 820 1547 visio
831 1496 924 1546 intellec-

116 1566 192 1621 tualis,
206 1564 264 1614 sieut
275 1566 298 1614 in
313 1565 391 1615 emlem
403 1563 459 1614 libro
469 1561 557 1623 dieitur,
572 1575 617 1611 non
627 1562 653 1612 m
662 1576 705 1627 per
715 1563 816 1628 aliquas
829 1568 924 1617 similim-

117 1636 190 1700 dines‚
203 1638 241 1687 sed
256 1636 380 1701 peripsam
397 1648 470 1685 renum
480 1633 609 1684 venitatem.
624 1634 684 1696 Ergo
695 1634 798 1687 videtur
812 1640 875 1704 qnod
885 1654 924 1703 pm·
943 1643 945 1646 '

116 1707 206 1775 pnetica
227 1708 337 1759 revelatio
355 1710 399 1759 non
415 1706 453 1756 liat
475 1720 517 1771 per
531 1704 705 1771 impressionem
725 1707 867 1773 aliems-nm
885 1725 926 1775 spe·

117 1794 211 1833 ererum.

150 1857 172 1903 ³.
189 1854 315 1915 Praeterea,
326 1864 367 1915 per
381 1851 465 1901 donam
477 1846 603 1912 pmphetie
616 1846 716 1912 Spiritus
729 1854 834 1904 sanetus
845 1855 924 1905 emite:

117 1924 206 1979 homini
223 1924 245 1975 iel
260 1924 321 1988 quod
343 1928 378 1974 est
395 1934 463 1986 snpra
478 1920 608 1971 facultatem
631 1923 719 1971 natura
740 1922 869 1977 humanm.
889 1927 925 1974 sei

117 1996 215 2048 tormare
232 2007 383 2059 quascumque
399 2007 474 2043 rerum
491 1992 580 2057 speeies
596 1995 671 2054 potest
684 1992 757 2043 aomo
773 2007 808 2044 ex
828 1995 925 2047 facultate

118 2069 223 2119 naturali.
240 2069 299 2132 Ergo
312 2066 400 2117 vitetur
414 2064 512 2130 quitis
526 2063 658 2129 prophetica
668 2064 820 2118 revelatione
835 2083 883 2120 non
895 2071 926 2118 in-

118 2140 225 2191 fundetur
246 2140 320 2205 aliqua
339 2152 415 2189 rervm
439 2136 546 2203 species,
569 2135 610 2186 sert
630 2132 706 2185 sellam
726 2135 926 2204 intelligibilem

118 2226 195 2334 megel
209 2284 286 2333 eontra
302 2283 352 2344 est,
367 2280 427 2344 quod
446 2279 530 2329 dieitur
546 2278 628 2334 Οοοω,
648 2278 709 2330 xa:
724 2243 805 2344 eilge
820 2282 927 2335 visionem

118 2354 268 2419 multiplicavi
275 2353 319 2412 eis,
334 2357 357 2402 et
367 2353 390 2403 in
400 2352 506 2403 manibus
515 2351 835 2415 pmphetammassimilatus
848 2370 927 2407 sumn

117 2426 160 2477 Sed
176 2424 332 2489 multiplicatio
347 2423 460 2475 visionum
479 2437 526 2474 non
541 2424 566 2473 lit
582 2421 708 2473 seeundim
721 2422 805 2475 lamen
820 2427 928 2490 intelligi-

117 2498 176 2559 bile,
190 2498 251 2561 quorl
260 2500 296 2547 est
305 2509 426 2546 commune
439 2495 462 2545 in
472 2495 537 2546 omni
546 2493 678 2560 prophetica
688 2493 793 2559 visione,
805 2500 928 2551 sedsolln

117 2568 240 2618 mcundim
257 2565 413 2617 diversitatem
432 2567 576 2631 specierum,
591 2565 718 2617 secontiam
734 2582 795 2631 quas
811 2570 885 2621 etiam
900 2576 927 2621 est

117 2638 259 2689 assimilatio.
273 2640 332 2703 Ergo
351 2639 442 2691 videtur
458 2639 520 2703 quod
532 2638 556 2689 in
573 2637 706 2703 omphetica
724 2640 876 2695 revelatione
891 2644 928 2693 im·

151 2793 182 2857 (t)
196 2798 276 2843 Deliis
291 2801 363 2847 etiam
375 2802 466 2849 eonon
474 2802 606 2853 Gestidio.
616 2804 660 2863 111,
668 2814 723 2859 esp.
736 2802 880 2865 western.
891 2808 925 2864 ti,

119 2858 147 2903 de
158 2862 238 2917 vemt,
251 2865 296 2908 ant.
306 2862 330 2906 7.
