1934 3284
395 176 428 212 uu
443 174 528 213 amru.
813 165 859 212 illo

90 250 126 301 Ad
141 252 263 302 secundum
274 250 401 312 dicendum,
412 251 471 316 quod
484 252 513 302 ad
527 251 620 302 modum
634 255 657 303 et
671 251 803 317 dignitatern
816 252 860 302 lno-

56 322 133 373 minis
143 323 240 387 pertinet
248 321 307 387 qudd
318 325 346 373 ad
360 322 435 373 divina
446 323 554 385 elevetur,
566 336 595 373 ex
604 325 648 375 hor.
660 325 711 387 ipso
719 323 779 388 quod
791 326 860 376 homo

55 394 137 445 iactus
152 398 186 445 est
202 396 230 445 ad
243 394 364 457 imaginem
377 392 425 444 liei.
441 396 468 443 Et
484 395 537 458 qula
550 395 634 444 bonum
649 395 750 445 divinum
770 395 795 444 in
807 395 860 445 inli-

53 465 135 515 nitum
149 465 236 516 excedit
249 467 371 516 humanam
385 466 532 529 facultatem,
547 466 633 528 indiget
652 468 720 517 homo
737 469 763 515 ut
780 480 860 530 super-

55 538 234 591 naturalitorad
253 538 308 589 illud
323 538 407 588 bonum
423 539 585 601 capescendum
603 536 737 600 adjuvetur3
756 539 816 600 quod
836 537 862 587 tit

55 625 105 677 per
122 610 277 673 quodcumque
294 608 428 659 beneficium
443 609 530 671 gratiae.
549 609 612 659 Unde
630 608 690 671 qudd
709 608 742 658 sic
759 609 861 659 elevetur

55 694 129 733 mens
144 680 157 730 a
170 682 215 731 lleo
226 693 267 744 per
277 684 377 744 raptum,
388 694 434 731 non
445 686 480 731 est
493 685 571 731 contra
581 684 682 730 naturam
694 679 734 731 sed
745 693 816 744 supra
827 680 861 731 ta·

59 754 172 805 cultatem
186 755 280 803 nature.

98 826 133 875 nd
146 825 236 875 tertium
252 824 383 887 dicendum,
396 824 455 887 quod
469 824 564 874 verbnm
581 823 715 875 damasceni
728 826 763 874 est
777 822 862 873 intelli-

61 896 166 963 gendum
177 899 285 961 quantum
297 896 323 945 ad
334 910 360 947 ca
371 910 420 961 quae
429 899 482 946 suut
494 895 776 959 pernominemiaoienda.
787 896 863 955 Quan-

55 975 113 1021 tum
129 966 183 1017 vend
197 968 225 1017 ad
242 980 268 1017 ea
283 980 333 1029 quoe
348 968 459 1018 excedunt
474 967 540 1018 liberi
557 967 644 1017 arbitrii
656 967 805 1029 facultatem,
820 980 863 1018 ne·

59 1052 131 1092 cesse
149 1043 185 1089 est
197 1038 256 1102 quod
268 1040 337 1089 horno
346 1040 440 1102 quadam
454 1038 543 1089 fortiori
552 1038 677 1089 elevatione
690 1038 797 1089 elevetur.
808 1038 863 1097 Quae

57 1113 157 1177 quidem
171 1114 279 1175 quantum
295 1113 322 1160 ad
334 1111 418 1174 aliquid
429 1113 505 1175 potest
521 1110 566 1159 dici
583 1110 678 1173 coactio,
688 1110 708 1159 si
724 1109 813 1160 scilicet
829 1113 864 1159 at·

57 1184 171 1235 tendatur
185 1184 264 1233 modus
275 1182 425 1247 operationia;
434 1196 480 1232 non
491 1186 566 1231 autem
581 1180 600 1230 si
613 1182 742 1233 attendatur
752 1180 864 1233 terminus

57 1254 221 1322 operationis,
237 1255 261 1305 in
279 1268 346 1319 quem
360 1259 440 1305 natura
459 1255 559 1305 hominis
579 1257 602 1305 el
619 1268 671 1319 epus
686 1253 784 1305 intentio
799 1254 865 1304 ordi-

58 1332 143 1381 natur.

362 1441 519 1495 indiculus
539 1443 569 1493 11.

68 1570 161 1619 Utrum
176 1572 261 1627 nuptus
273 1570 349 1627 magis
363 1571 480 1627 pertineat
496 1570 586 1614 alteim
598 1568 781 1627 cognoscitioam
794 1553 866 1625 puden

336 1634 367 1678 ud
379 1634 428 1677 vim
440 1633 604 1691 appetitivam.

98 1760 134 1811 nd
154 1760 277 1811 secundum
294 1758 327 1808 sic
348 1758 484 1822 proceditur.
504 1758 598 1807 Videtur
618 1756 679 1819 qudd
697 1760 776 1820 raptus
796 1754 870 1821 magis

57 1832 183 1903 pertineat
199 1831 226 1880 ad
241 1831 289 1879 vim
310 1829 459 1893 appetitivam
480 1828 549 1893 quam
562 1829 591 1878 ad
612 1829 661 1877 vim
681 1828 866 1891 cognoscitivam.

57 1904 126 1960 Dicit
137 1903 198 1953 euim
217 1901 337 1967 Dionysius
350 1903 389 1952 lv.
402 1914 453 1965 cap.
474 1900 601 1949 Dee-divin.
618 1900 737 1949 Nomio:
750 1900 811 1949 «Eut
823 1912 868 1949 au-

60 1988 115 2033 tem
140 1973 234 2025 extasim
252 1973 338 2023 faciens
356 1972 446 2022 divinus
460 1984 531 2021 amor.
552 1985 566 2017 u
584 1970 629 2020 Sed
646 1982 709 2019 amor
726 1968 825 2034 pertinet
840 1970 869 2020 ad

61 2051 116 2102 vim
130 2045 285 2111 appetitivam.
299 2046 358 2108 Ergo
372 2047 395 2094 et
408 2042 493 2093 extasis
511 2041 559 2092 sive
574 2044 661 2105 raptus.

100 2122 220 2180 Praeterea,
230 2116 351 2180 Gregorius
365 2116 418 2167 dicit
432 2116 456 2165 in
466 2116 495 2164 11.
507 2114 674 2179 Dioioporum
687 2114 748 2178 (cap.
762 2113 795 2176 tlt,
808 2112 869 2176 qudd

63 2214 79 2245 «
97 2192 139 2242 ille
153 2189 192 2253 qui
206 2202 286 2253 porcos
298 2188 377 2253 pavit,
388 2187 507 2250 vagatione
521 2186 605 2236 mentis
618 2188 642 2235 et
658 2184 809 2235 immunditie
825 2184 869 2234 sub

60 2261 193 2327 semetipso
207 2261 300 2326 cecidit;
316 2262 398 2311 Petrus
412 2258 474 2322 verd,
486 2271 553 2323 quem
570 2258 667 2321 Angelus
681 2256 762 2318 solvit,
771 2256 868 2319 ejusque

61 2339 174 2389 mentem
194 2333 217 2383 in
236 2332 308 2383 extasi
325 2331 414 2397 rapuit,
435 2344 480 2382 non
501 2333 563 2379 extra
584 2342 610 2379 se
630 2328 723 2392 quidem
740 2328 780 2377 sed
802 2339 871 2390 supra

60 2409 171 2473 seipsum
185 2405 235 2455 luit.
248 2420 262 2452 n
274 2404 318 2455 Sed
327 2402 364 2454 ille
375 2403 434 2453 lilius
443 2401 552 2467 prodigus
562 2413 603 2464 per
614 2399 718 2451 affectum
728 2397 868 2448 iniuieriora

62 2481 174 2542 dilapsus
187 2480 231 2526 est.
245 2476 304 2538 Ergo
316 2474 384 2525 etiam
398 2472 467 2523 etalii
478 2470 518 2535 qui
528 2469 646 2535 rapiuntur
657 2468 817 2535 insuperiora,
827 2480 868 2532 per

62 2551 178 2603 affectum
188 2549 231 2598 hoc
244 2547 367 2610 patiuntur.

102 2626 127 2671 3.
140 2619 261 2681 Praeterea,
275 2630 343 2681 super
363 2616 418 2667 illud
432 2614 527 2665 Psalm.
545 2615 606 2665 XXX
624 2628 656 2661 :o
670 2613 698 2661 ln
712 2615 749 2675 te,
762 2612 871 2675 Domine,

64 2691 176 2761 speravi,
187 2704 233 2741 non
247 2689 370 2741 confundar
384 2688 406 2737 in
421 2691 544 2748 aeteruum,
560 2702 573 2732 n
587 2684 642 2735 dicit
651 2684 730 2734 Glossa
742 2684 765 2733 in
779 2682 871 2748 exposi-

64 2769 136 2818 tione
148 2761 210 2811 tituli
224 2776 229 2810 :
245 2778 259 2809 «
271 2761 364 2811 Extasis
376 2758 467 2823 grece,
482 2756 552 2807 latine
565 2756 647 2806 dicitur
657 2769 764 2806 excessus
778 2753 871 2817 menlis3
951 2779 952 2782 =

66 2836 114 2903 qui
123 2835 151 2885 fit
161 2834 249 2885 duobus
260 2833 348 2894 modis,
358 2831 396 2881 vel
409 2842 494 2895 pavore
506 2832 662 2889 terrenorum,
672 2829 711 2877 vel
720 2830 796 2877 mente
805 2825 871 2889 rapta

63 2910 97 2961 ad
115 2918 214 2971 superna
232 2909 255 2957 et
269 2904 401 2957 interiorum
418 2900 496 2955 obliti.
509 2916 523 2953 o
536 2899 582 2953 Sed
599 2913 669 2967 pavor
682 2903 823 2951 terreuomm
845 2896 874 2947 ad
951 2941 953 2952 ,
