1934 3284
263 199 296 238 nn
310 194 449 239 »norman
462 195 587 240 neema:
776 185 822 240 etti

24 274 72 329 hus
88 276 204 339 hnmanis3
223 280 250 326 nt
261 279 325 342 patet
344 278 364 327 1.
378 277 414 327 od
433 278 504 339 eor„
518 279 567 328 llll.
589 279 683 330 ilahitus
701 282 776 330 antem
798 284 822 331 et

23 353 94 399 aetus
112 347 278 412 distinguuntur
291 348 413 399 seeundirnr
430 349 532 413 objecta;
544 353 569 398 nt
587 355 651 414 patet
668 363 708 415 per
728 363 755 401 ea
770 365 820 416 que

22 433 97 485 snpra
114 419 172 470 diota
184 425 239 471 sunt
250 421 260 486 (
269 423 299 483 l,
314 425 342 479 ι,
356 435 395 485 qu.
414 425 461 484 tt,
475 427 517 472 art.
533 423 571 484 a).
587 423 644 488 Ergo
658 423 745 474 ιιιιιιιιι
761 424 820 488 quon

21 494 50 542 de
62 490 129 541 nullo
137 492 264 556 pertinente
275 493 303 542 ad
311 492 400 556 aliquod
411 493 493 543 horum
500 494 530 544 eit
538 495 665 558 prophetia.
677 495 822 560 Relinquitur

20 575 82 625 ergo
92 561 151 625 quod
160 563 191 614 eit
204 564 276 614 solino
289 565 317 615 de
332 565 414 614 suturis
427 566 617 629 contingentibus.
654 573 656 582 '

55 638 84 683 3.
96 635 217 698 Preterea
232 635 351 686 diversitas
364 635 448 699 obiecti
464 641 541 688 eansat
554 637 706 688 diversitatem
721 638 820 701 speciei,

19 712 47 757 ιιι
60 719 93 756 er
104 718 171 769 supra
180 706 245 758 dietis
255 708 359 772 preto,
370 715 393 772 2,
404 724 443 773 qu.
458 712 497 772 tt,
510 713 552 760 art.
561 711 595 773 2).
604 709 628 760 Si
641 724 694 774 ergo
703 711 821 774 prophetia

20 777 132 842 qnaeianr
141 777 171 827 sit
184 779 213 828 de
226 778 308 829 futuris
320 780 518 843 contingentibus,
531 782 632 846 quedam
646 783 758 832 antemio
771 781 822 844 qui-

20 849 123 900 busdam
134 848 183 898 aliie
195 851 276 911 nehus,
289 850 379 901 uidetur
394 851 459 914 sequi
471 851 532 916 quid
544 865 589 903 non
600 852 629 902 eit
643 851 721 902 eadem
733 852 821 917 speeies

18 919 161 986 prophetie.

52 993 104 1044 Sed
125 997 202 1043 eontra
220 997 268 1058 est,
286 995 346 1059 quoe
362 996 483 1060 Gregorius
499 996 554 1047 dioit
571 1010 640 1062 super
659 998 747 1049 Erech.
766 997 822 1060 (uhi

18 1081 76 1131 sup.
90 1070 109 1126 t,
124 1063 184 1126 unhul
196 1082 211 1113 rr
221 1067 337 1131 prophetia
348 1069 451 1131 quedam
466 1069 502 1119 est
515 1069 542 1120 de
556 1067 645 1128 inlur03
657 1069 716 1119 siout
726 1069 747 1118 irl
761 1069 822 1132 quod

18 1139 112 1189 dieitur
123 1137 258 1193 leoi.,v11:
272 1139 329 1188 lione
342 1140 405 1202 uirgo
417 1140 528 1204 ooncipiet
542 1144 565 1191 et
578 1141 651 1205 pariet
665 1141 744 1190 illium.
755 1143 822 1200 Que-

17 1211 75 1260 dam
91 1208 122 1258 de
135 1209 260 1271 preterito3
273 1211 332 1259 sient
345 1211 367 1261 id
381 1213 439 1275 quod
454 1211 537 1262 dieitur
553 1212 670 1272 Gerees.,l
686 1227 692 1261 ι
708 1213 735 1261 ln
755 1212 822 1276 prin·

17 1282 85 1346 cipio
99 1279 190 1329 creauit
206 1281 265 1331 liene
280 1282 360 1331 rreluru
375 1285 398 1332 ei
414 1286 516 1333 terrem:
531 1284 636 1342 Qnaedam
649 1284 677 1333 de
695 1283 822 1347 presenti;

17 1351 116 1403 sieutid
128 1351 188 1413 qnod
201 1352 284 1402 dieitur
292 1353 311 1401 l.
321 1353 357 1401 od
366 1351 437 1413 Gor„
445 1355 494 1404 XIV
507 1369 513 1403 ι
528 1353 574 1402 usi
585 1367 664 1404 ornnes
678 1355 823 1418 prophetent,

17 1427 96 1477 intret
104 1425 184 1472 autem
194 1425 245 1486 quis
252 1424 357 1486 inhietis,
365 1426 453 1476 monita
462 1426 535 1476 eordis
546 1425 597 1489 ejus
607 1425 726 1476 manifesta
733 1427 797 1475 hunt.
808 1441 822 1472 ι

17 1501 72 1549 Non
96 1507 155 1555 ergo
173 1498 208 1544 est
219 1495 337 1560 prophetia
348 1495 422 1547 solium
435 1498 462 1547 de
479 1495 663 1562 contingentibus
679 1496 769 1547 laturis.

50 1568 221 1632 (corausto.
232 1569 402 1631 -Quanqnanr
416 1573 462 1619 tarn
478 1570 555 1620 divina
569 1568 636 1634 quim
648 1570 761 1634 humane,
776 1572 823 1620 tana

17 1636 156 1705 spiritualia
168 1637 237 1700 qnam
249 1640 385 1703 oorporalia,
399 1641 525 1705 prophetie
538 1642 618 1692 lumini
632 1641 725 1692 subesse
738 1645 824 1692 eertum

18 1714 65 1773 uit,
81 1709 245 1774 propriissime
266 1714 341 1762 tanuen
357 1711 387 1762 ad
404 1712 477 1776 ipsam
498 1713 597 1778 pertinet
612 1711 739 1763 futurorum
755 1723 824 1764 euen-

18 1797 86 1835 uum
103 1782 238 1845 revelatio.)

46 1854 196 1918 Respondeo
206 1855 335 1918 dicendum,
351 1854 410 1920 quid
422 1854 572 1905 manifestatio
581 1868 631 1919 que
644 1855 671 1904 rt
681 1867 721 1918 per
734 1855 825 1918 aliquod

20 1939 117 1990 arinen,
131 1927 161 1975 ei
173 1927 249 1977 omnia
260 1927 298 1977 illa
310 1940 335 1977 se
346 1926 469 1977 extendere
481 1928 618 1990 potestque
632 1925 666 1976 illi
679 1925 760 1974 lumini
773 1927 826 1976 enh·

21 2000 150 2060 ieiunium
162 1998 222 2048 siout
235 1999 293 2049 nisio
306 1998 428 2063 coponis
439 2011 463 2049 se
477 1997 580 2048 extendit
593 1997 622 2047 all
637 2010 717 2048 omnes
728 1998 824 2061 colores3

18 2079 37 2125 ιι
55 2068 170 2134 cognitio
187 2072 296 2122 naturalis
315 2071 396 2122 anime
416 2084 442 2121 se
458 2069 562 2120 extendit
580 2070 699 2120 adomnia
716 2070 755 2120 illa
775 2083 826 2134 que

18 2145 158 2198 :nhduntur
167 2141 248 2192 lumini
259 2141 387 2194 intellectis
403 2142 499 2207 agentis.
514 2142 622 2206 cognitio
635 2145 711 2192 autern
725 2144 825 2207 prophe·

19 2221 60 2270 ica
79 2217 123 2266 eet
136 2225 179 2277 per
193 2214 270 2266 lurnen
283 2215 399 2277 diuinum,
411 2228 456 2279 quo
467 2218 563 2279 possunt
574 2214 650 2265 omnia
662 2214 769 2278 marruci
781 2218 828 2264 tem

19 2290 104 2341 lirina
118 2284 187 2348 quim
197 2286 310 2348 humana,
319 2290 364 2336 tarn
375 2285 499 2350 spiritualia
509 2285 576 2349 quim
587 2285 711 2350 corporalia
722 2299 729 2334 ι
740 2289 764 2336 ot
777 2285 828 2337 ideo

19 2356 138 2414 evolutio
151 2357 284 2420 prophetica
300 2359 327 2408 ad
343 2357 418 2408 omnia
438 2358 571 2422 hujusmodi
585 2370 610 2408 se
630 2356 752 2410 extendit:
769 2356 828 2406 siout

19 2440 39 2485 le
57 2429 108 2481 his
121 2440 173 2491 que
189 2429 304 2491 pertinent
315 2429 342 2480 ai
353 2429 392 2480 liei
406 2429 572 2492 excellentiam,
581 2433 604 2479 et
614 2427 767 2492 angelicorum
781 2427 828 2491 spi-

19 2508 113 2556 ituum
127 2497 266 2563 ministeria,
276 2500 386 2551 revelatio
396 2501 529 2566 prophetica
542 2500 602 2550 lacta
612 2503 648 2550 est
656 2499 728 2554 irai„
737 2499 776 2560 vl,
788 2498 828 2548 uhi

21 2578 127 2630 icitur:
146 2571 219 2620 uvidi
233 2572 353 2623 hominum
366 2573 483 2623 sedentem
497 2583 566 2636 super
577 2571 658 2622 solium
677 2569 792 2620 exrelsnru
803 2573 828 2620 el

21 2649 177 2701 levatum
188 2643 248 2702 Quin
255 2644 325 2694 etiam
335 2644 454 2709 prophetia
463 2645 565 2694 eontinet
575 2655 603 2693 ea
614 2655 664 2706 que
675 2641 790 2706 pertinent
800 2643 828 2692 ed

20 2729 122 2788 orpora
134 2717 259 2778 naturalia3
273 2717 394 2770 seeundlrm
408 2718 463 2767 illud
476 2719 549 2774 lsai„
560 2717 599 2767 ill.
617 2731 623 2766 :
640 2733 654 2764 u
668 2715 723 2775 Quis
736 2727 829 2766 mensus

20 2803 46 2850 st
63 2788 164 2858 pugillo
176 2801 256 2852 apae.
270 2794 315 2841 ete.
327 2805 342 2837 ιι
355 2789 460 2841 &uiuet
470 2790 540 2839 etiam
554 2801 581 2840 ea
593 2801 643 2853 qne
658 2789 686 2838 ad
700 2799 775 2839 moue
787 2789 830 2839 ho·
865 2837 869 2845 ,

21 2871 118 2920 ninum
140 2861 271 2925 pertinent3
292 2861 416 2913 seeundum
434 2860 491 2911 illud
511 2861 583 2918 leot..
605 2859 675 2910 Llllll
690 2875 696 2910 :
714 2859 830 2920 «Frange

20 2931 140 2998 surienti
152 2945 236 2998 panem
248 2940 328 3000 tuum,
340 2937 385 2987 eto.
393 2952 408 2985 ι
417 2934 525 2987 continet
535 2933 605 2987 etiem
614 2945 641 2986 ea
650 2945 701 3000 que
711 2932 829 2998 pertinent
