1934 3284
358 159 390 197 un
406 157 575 197 constrauerunt.
751 163 758 180 .
820 147 866 196 ιιι

91 239 120 285 2.
139 235 264 298 metuam,
283 249 297 283 u
319 231 499 286 nnllns'utendo
516 235 600 285 virtute
620 237 715 300 pcccat3
735 235 817 298 aquia
831 248 869 286 aa·

57 307 166 358 cundum
186 307 335 370 tuguattnum
353 307 376 356 in
390 307 430 356 lib.
444 308 481 356 ue
493 304 574 356 libero
583 307 695 357 arbitrio
705 307 754 370 (t),
770 324 784 354 u
798 307 869 357 uirtus

57 384 99 432 est
115 391 161 442 qua
172 391 239 428 nemo
251 378 309 430 maid
319 378 398 430 utitur.
410 395 424 424 a
435 379 477 430 Sed
490 379 571 442 aliquis
581 378 720 431 continendo
729 383 805 443 potest
815 392 868 444 pec-

57 463 132 512 care;
148 447 217 514 pull,
232 450 252 499 si
266 449 376 501 desideret
396 449 488 514 aliquod
507 451 591 501 bonnm
612 451 701 512 tacere,
717 457 741 502 et
756 452 784 501 alr
798 463 826 502 co
842 463 868 501 se

58 522 188 574 contiueat.
206 522 265 585 Ergo
279 521 420 572 continentia
430 534 474 572 nou
486 526 523 573 est
533 522 616 572 virtus.

94 599 118 643 a.
137 597 264 649 Praetcrea.
283 593 343 642 nulla
361 594 433 644 virtus
454 594 549 644 retrahit
571 594 685 644 hominem
702 594 808 657 dimitis,
829 597 870 646 sed

60 664 140 717 solium
155 665 183 714 ab
198 664 290 715 illicitis.
310 665 354 716 Sed
368 664 507 716 continentia
523 666 619 717 retranit
632 666 747 717 nominem
761 667 774 716 a
787 667 866 718 licitis.

59 737 125 790 Dicit
138 739 199 788 cuim
212 737 307 795 litasse,
322 737 405 788 Galat.
417 739 453 800 V,
464 738 524 802 qtrdd
535 757 548 784 n
560 749 602 802 per
612 739 773 788 continentiam
787 739 869 802 aliquis

61 823 89 860 se
105 810 177 860 etiam
192 809 285 859 inlicitis
303 809 433 860 abstinet.»
450 810 508 873 Ergo
524 809 661 860 coartinentia
676 822 721 860 non
735 815 771 860 est
786 811 868 861 uirtus.

102 881 148 932 Sed
160 885 238 930 contra
249 880 337 930 :oninis
347 881 436 932 habitus
445 881 563 932 laudabilis
577 882 667 932 uidetur
677 895 727 932 esse
737 881 869 934 atauuscd

63 952 209 1004 continentia
220 957 255 1002 est
268 953 408 1016 hujusmodi.
419 953 477 1003 uicit
492 953 553 1003 enim
563 953 703 1004 Andronicus
718 953 778 1017 qudd
792 971 806 1001 a
815 967 869 1004 con-

64 1024 165 1076 tinentia
181 1027 217 1074 ast
228 1024 318 1075 habitus
331 1023 429 1076 inuictus
443 1025 651 1076 tructemundus.»
662 1025 869 1090 Euporontincntia

64 1100 105 1148 esc
123 1095 204 1146 uirtus.

101 1169 261 1232 (Couenusto.
272 1195 303 1206 -
313 1169 446 1232 Quanquam
462 1168 607 1220 continentie
620 1169 692 1220 uirtus
708 1168 808 1232 pertenta
823 1181 870 1219 non

65 1240 112 1301 sit,
127 1238 202 1302 aliquo
217 1243 293 1290 tamen
312 1241 379 1294 modo
398 1241 471 1291 uirtus
490 1245 525 1291 est
538 1253 583 1304 qua
599 1240 657 1291 ratio
671 1240 773 1290 tirmatur
792 1244 870 1291 contra

64 1311 201 1377 passiones,
216 1325 248 1362 ne
259 1313 287 1362 ab
299 1311 334 1363 eia
346 1312 495 1376 abducatur.)

99 1384 234 1447 despondeo
250 1383 382 1445 dicendam,
395 1383 455 1448 qrrdd
469 1397 553 1436 nomeu
571 1385 730 1434 continentias
750 1383 870 1447 dupliciter

66 1455 166 1506 sumitur
177 1454 189 1504 t
201 1455 306 1505 diuersis.
318 1455 414 1514 Quidam
426 1457 487 1506 enim
503 1475 516 1504 u
529 1455 693 1518 continentiam
706 1473 719 1503 n
734 1457 867 1517 nominant,

68 1539 139 1591 uper
152 1539 223 1588 quam.
232 1526 312 1590 aliquis
326 1528 354 1577 ab
367 1529 431 1578 omrai
448 1529 599 1580 delectatione
616 1542 712 1580 venerea
727 1528 835 1578 abstinet.
854 1543 869 1575 n

66 1599 133 1649 Unde
151 1602 174 1647 et
187 1599 306 1661 spostolus
319 1599 355 1648 not
367 1599 465 1660 Galat„
477 1602 512 1657 ll,
527 1601 690 1652 continentiam
704 1600 803 1650 castitati
816 1610 870 1649 con-

65 1669 152 1734 jungit.
167 1669 196 1718 Et
207 1669 240 1719 sic
255 1670 395 1720 continentia
411 1673 509 1734 perlecu
521 1672 654 1736 principalis
666 1671 756 1733 cuidem
767 1675 803 1722 est
815 1673 868 1720 uir·
959 1711 961 1718 .

67 1743 180 1804 pinitus,
192 1741 325 1791 secundaria
335 1741 595 1793 certarunttnamnoa
601 1743 725 1794 secundum
738 1745 782 1793 doc
790 1744 869 1794 eadem

67 1813 128 1864 ratio
137 1813 173 1864 est
186 1813 213 1862 de
227 1813 380 1873 continentia,
390 1827 440 1877 qaam
454 1815 482 1864 de
496 1814 641 1878 uirginitate,
652 1828 719 1877 quam
731 1829 800 1878 supra
812 1813 871 1864 dixi·

68 1897 120 1936 utus
133 1884 237 1934 uirtutem
249 1886 299 1948 (qu.
314 1886 373 1944 itt,
388 1888 431 1934 art.
447 1889 486 1945 ι).
497 1884 541 1935 tiit
557 1885 611 1936 read
628 1887 707 1947 dicunt
722 1886 868 1935 «eontinen-

67 1955 125 2008 tiam
136 1969 195 2016 essa,
206 1968 246 2018 pur
258 1967 325 2018 param
336 1955 416 2018 aliqruis
426 1956 511 2006 resistit
521 1955 712 2020 concupiscentiis
724 1956 869 2018 pravisque

70 2028 95 2076 in
109 2039 136 2078 eo
149 2028 295 2077 veliementes
306 2027 414 2078 eatstarnt.
428 2043 442 2074 a
456 2029 483 2078 lit
492 2029 536 2078 hoc
548 2029 613 2078 modo
624 2028 707 2091 accipit
718 2026 870 2088 l’lailosoplaus

71 2097 232 2149 continentiam
246 2099 272 2148 in
291 2099 340 2148 vll.
362 2099 475 2150 Etiticor.
490 2101 521 2149 nt
535 2100 579 2149 laoc
596 2099 664 2148 etiam
680 2099 748 2149 modu
764 2097 872 2160 arripitur

71 2171 227 2220 continentia
243 2170 266 2219 in
281 2170 443 2222 collationibus
462 2172 562 2221 Patrona.
582 2169 630 2220 ldoc
647 2176 722 2221 antem
738 2169 804 2219 modu
817 2181 872 2218 eon·

71 2240 165 2292 tinentia
178 2241 248 2292 halet
263 2242 348 2305 aliquid
364 2244 392 2293 dc
407 2243 493 2293 ratione
504 2243 609 2304 uirtutis3
620 2242 643 2292 in
657 2244 767 2306 quantum
783 2240 872 2291 scilicet

71 2311 129 2364 ratio
146 2311 232 2362 firmata
245 2317 281 2363 cst
295 2319 373 2364 contra
389 2315 523 2378 passiones,
535 2328 564 2366 ne
578 2315 606 2364 ato
620 2314 655 2365 cis
672 2314 802 2365 deducatur.
819 2312 869 2362 lton

71 2387 146 2434 tantm
160 2383 251 2446 attingit
264 2386 290 2434 ad
305 2385 426 2450 perlectam
439 2386 550 2437 rationem
565 2385 655 2435 virtutis
666 2384 772 2444 moralis,
787 2395 869 2433 secun-

73 2457 126 2506 dum
139 2457 287 2519 carmelium
301 2459 415 2522 appetitus
430 2459 555 2510 sensitivua
571 2457 673 2508 arroditur
687 2455 770 2505 retiami
782 2455 828 2514 sic,
846 2457 873 2503 ut

73 2528 98 2580 in
112 2540 139 2578 eo
152 2541 197 2579 non
213 2528 332 2594 insurgant
344 2532 493 2582 uehementes
508 2531 626 2594 passiones
639 2527 722 2579 rationi
741 2525 873 2577 contrariu.

106 2699 138 2759 (1)
154 2701 327 2757 aequivalenter
346 2707 370 2746 et
383 2702 473 2758 plantus
487 2703 530 2749 tin,
545 2702 581 2757 ΙΙ,
596 2713 648 2759 cap.
662 2699 709 2762 td,
720 2701 761 2746 ubi
775 2700 808 2746 sic
820 2701 869 2746 ait:

77 2763 170 2810 Virtute
178 2769 247 2809 nemo
259 2765 424 2815 multaretur,
434 2767 493 2823 quia
503 2777 563 2823 opaca
572 2765 673 2810 uirtutis
683 2770 716 2810 cat
724 2762 803 2810 denua
812 2776 872 2809 aaut

73 2827 174 2874 illorum
188 2827 276 2884 quibua
289 2839 340 2872 nun
359 2827 416 2873 bend
429 2830 468 2874 atta·
477 2839 625 2890 puarumucp
640 2839 709 2873 nm
721 2833 802 2874 uestem
813 2826 872 2872 dent

74 2890 161 2938 utendo
174 2890 237 2936 meld
250 2892 342 2936 utitur.
693 2907 697 2913 ·
