1934 3284
120 171 165 219 tta
219 181 472 230 ammoneremus,
489 183 584 228 nomn.
599 183 686 232 curun,
702 184 759 222 ur.
778 185 815 222 nr.

119 257 172 308 dem
189 259 225 308 est
246 255 328 308 modus
344 257 417 321 magis
430 258 548 323 specialis,
567 258 695 310 attribuitur
712 259 808 325 spetiali
824 259 911 320 virtuti,

119 328 205 379 scibeet
226 328 369 392 firmitudini3
389 331 418 380 ad
437 343 505 394 quam
524 331 623 394 pertinet
644 330 744 382 munitor·
759 336 837 382 contra
859 345 914 395 qna·

118 413 216 464 cumque
230 401 387 465 impugnantia
399 407 467 454 stare.

149 472 183 522 td
203 473 328 523 meandum
349 473 483 535 dicendum,
497 473 559 538 quod
578 475 709 528 dmbrostus
727 475 811 540 accipit
829 475 912 526 tortitu-

119 540 194 593 dinem
212 543 290 607 large,
304 544 427 598 secundbm
444 544 506 610 qubd
521 547 629 611 importat
640 546 711 598 ammi
727 547 858 598 firmitatem
877 561 916 597 res

118 617 185 679 pectu
198 628 392 680 quorumcumque
404 617 593 681 impugnantium.
607 619 636 670 Et
647 623 735 681 umen,
748 617 820 670 etiarn
833 632 916 670 meun-

118 685 173 736 dbm
186 686 245 751 qubd
254 687 497 752 estapeciulisrirtns,
506 689 774 742 babensdetermiuatam
789 691 913 752 materiam,

118 758 241 823 coadjuvat
252 760 280 809 ad
294 760 444 812 resistendum
457 761 666 826 impugnationibus
680 761 784 813 omnium
802 761 913 813 uitiorum.

118 829 162 888 Qui
175 829 236 880 enim
249 834 325 894 potest
337 831 429 881 tirmiter
444 836 506 882 stare
519 833 544 882 in
554 833 592 882 bis
605 845 659 896 qua
677 836 732 882 sont
742 833 880 884 difficillima
889 833 913 881 ad

119 900 289 966 sustinendum,
303 917 444 968 consequens
454 907 490 954 est
502 903 562 968 quod
574 904 605 956 sit
617 904 710 956 idoneus
722 906 750 955 ad
765 904 916 956 resistendum

119 970 170 1022 aliis
183 987 233 1036 quac
246 978 300 1024 sunt
310 974 387 1025 minis
400 975 510 1026 difficilia.

150 1046 183 1095 td
194 1045 285 1096 tertium
297 1046 431 1108 modum,
441 1046 502 1110 quod
512 1047 610 1113 objectio
625 1047 664 1098 illa
676 1046 779 1112 procedit
788 1049 818 1100 de
830 1047 916 1100 tortitu-

118 1113 171 1165 dine
184 1116 257 1180 primo
265 1117 331 1168 modo
344 1117 413 1168 dieb.

412 1274 572 1326 tumentes
588 1275 627 1326 lll.

221 1399 307 1444 Utrum
320 1399 436 1453 fortitudo
445 1401 477 1444 stt
487 1400 550 1446 circo
560 1401 656 1446 timoren
665 1404 688 1446 et
697 1402 821 1448 audacias.

149 1526 183 1576 bd
198 1525 288 1575 bertinum
308 1527 342 1577 sic
356 1526 483 1591 proceditur
495 1527 540 1592 (ll.
555 1525 648 1580 Videtur
666 1525 725 1591 qubd
748 1527 859 1582 tortitudo
876 1543 918 1580 non

118 1597 149 1648 sit
159 1597 218 1648 circa
227 1596 319 1648 timores
330 1602 353 1649 et
364 1597 477 1649 audacias.
490 1599 549 1648 llicit
565 1600 626 1649 enirn
641 1600 743 1664 drogon,
758 1599 798 1650 Vll
809 1601 915 1651 Morud:

120 1685 134 1715 n
147 1671 262 1720 tustanum
271 1669 379 1721 tortitudo
390 1674 424 1721 est
437 1683 528 1721 carnem
537 1670 642 1733 vincere,
654 1671 751 1735 propriis
765 1671 916 1736 voluptatibus

118 1740 242 1803 contraire,
263 1741 433 1793 delectationem
449 1742 569 1806 presentis
587 1742 642 1794 vitan
665 1742 807 1808 extinguere.
829 1759 844 1790 n
862 1745 916 1808 Ergo

119 1813 226 1864 tortitudo
237 1813 309 1875 magis
320 1812 408 1864 videtur
418 1826 470 1864 esse
480 1815 539 1864 circa
552 1812 724 1874 delectationes,
736 1813 803 1876 quam
818 1815 880 1866 circa
892 1815 916 1864 ti-

119 1896 193 1936 mores
207 1887 230 1934 ct
241 1884 354 1935 audacias.

149 1961 172 2005 Ξ.
187 1957 316 2018 Proteum,
330 1956 418 2008 Tullius
435 1957 491 2008 dicit
504 1955 528 2006 in
549 1971 591 2007 sna
612 1957 741 2006 llbetoricu
756 1957 800 2021 (ut
816 1957 917 2022 sopri),
943 2007 944 2024 ,

118 2027 178 2093 quod
193 2028 242 2076 uad
258 2027 416 2078 tortitudinem
425 2028 526 2092 pertinet
539 2028 654 2092 susceptio
670 2027 823 2091 periculorum
833 2033 858 2079 ct
870 2043 918 2094 pcr-

117 2099 192 2163 pessio
207 2098 341 2150 laborum.»
354 2097 733 2162 Sedbocuonuidetnrpertincre
747 2099 775 2148 ad
785 2101 917 2163 passionen
943 2103 944 2106 ’

118 2171 205 2223 timoris
218 2173 254 2222 vel
269 2172 387 2235 audacie,
399 2172 439 2222 sed
454 2170 526 2235 magis
541 2171 569 2222 nd
585 2171 686 2222 actiones
706 2172 807 2224 bominis
825 2173 918 2224 laborio-

117 2257 169 2307 sas,
182 2245 218 2295 uel
230 2245 257 2294 ad
271 2243 395 2295 exteriores
414 2255 451 2292 res
465 2243 613 2307 periculosas.
629 2243 691 2308 Ergo
705 2243 811 2295 tortitudo
825 2258 874 2294 non
890 2248 921 2293 est

118 2314 178 2366 circa
189 2315 281 2367 timores
294 2320 317 2366 et
330 2314 446 2364 audacias.

150 2391 173 2437 3.
187 2388 308 2448 Praeterea,
318 2386 394 2436 timori
405 2399 450 2436 noo
461 2386 533 2437 solium
545 2387 666 2452 opponitur
675 2387 786 2452 andacia,
799 2388 918 2440 sedetiam

119 2471 186 2542 spes,
203 2461 228 2507 ut
240 2458 307 2524 suprb
321 2457 423 2508 habiturn
437 2463 486 2521 cst,
501 2458 552 2509 cium
570 2459 597 2509 de
612 2457 758 2522 passionibus
767 2462 872 2522 ageretur
882 2458 920 2523 (²)-

153 2585 184 2649 (1)
200 2592 232 2635 lle
243 2590 358 2636 bisetium
368 2590 438 2647 lutri,
453 2603 493 2647 qu.
513 2589 566 2648 tao,
582 2597 626 2638 nrt.
639 2589 664 2648 t,
679 2597 702 2636 ct
714 2603 753 2646 qu.
766 2589 820 2650 137,
838 2597 880 2638 art.
895 2590 916 2647 1,

121 2657 195 2706 etqu.
209 2650 263 2706 111,
275 2658 319 2697 art.
332 2652 355 2710 1,
367 2658 417 2699 tum
427 2654 451 2697 in
460 2665 537 2712 torp,
546 2659 595 2698 turn
605 2653 634 2699 ad
647 2655 671 2707 ὴ
682 2656 734 2699 etl.
745 2659 815 2712 part,
827 2667 867 2711 qn.
879 2653 917 2708 21,

121 2719 165 2758 art.
179 2711 202 2765 ¹3
215 2712 245 2756 ad
258 2712 283 2769 1,
297 2720 321 2758 et
334 2727 374 2771 qu.
385 2715 430 2771 ot,
447 2722 491 2760 art.
504 2715 528 2772 3,
540 2717 568 2761 ad
580 2715 611 2769 ’ς
629 2722 653 2761 ct
667 2718 710 2774 Ill,
722 2716 799 2766 Sunt..
812 2717 866 2762 dist.
879 2715 917 2774 33,

122 2779 167 2820 art.
177 2774 206 2826 23
222 2779 247 2819 et
259 2787 299 2830 pu.
313 2775 337 2833 1,
352 2777 484 2836 deotmot,
498 2785 543 2823 art.
556 2779 569 2824 t
583 2785 608 2824 et
623 2785 666 2824 art.
678 2777 703 2822 5.

155 2843 188 2906 (2)
203 2845 291 2901 Nempe
304 2845 329 2899 1,
338 2847 362 2900 2,
375 2860 416 2904 qu,
428 2847 469 2907 ts,
484 2855 528 2894 art.
539 2849 563 2907 1,
574 2849 604 2895 ad
615 2851 640 2907 2,
651 2850 705 2907 quin
715 2856 739 2896 ct
748 2851 846 2896 nudauia
856 2861 918 2906 apem

122 2907 280 2966 ccmequitur,
295 2913 339 2952 art.
353 2908 378 2954 t.
