1934 3284
175 134 178 139 ·
240 140 273 179 ns
289 128 638 180 immansuetudinis.
794 131 841 181 itta

5 232 6 273 t
43 235 86 285 qne
99 218 202 269 videtin
221 214 331 279 somniis,
344 216 458 267 inducitur
471 218 498 267 ad
515 217 599 281 etiqnid
611 216 743 269 iaciendum
756 218 793 269 vei
806 218 840 267 ri-

43 292 137 341 tandum.
157 288 300 351 Quandoque
316 287 373 339 reid
391 288 478 339 somma
491 293 544 339 sunt
555 290 620 353 signa
638 289 763 353 aliquorum
779 288 842 339 iutu-

44 363 268 415 dirimerentuum.
280 359 426 423 inquantum
439 362 576 411 reducuntur
592 362 620 411 ad
633 360 731 423 aliquem
746 373 841 412 eausam

43 444 183 484 communem
196 429 294 481 somniis
304 436 327 481 et
338 430 420 481 tuturis
428 432 559 496 eventibus3
573 436 598 483 et
607 430 731 482 seeundum
740 433 842 497 hospiu-

43 505 116 555 riuriun
131 500 327 567 precognitiones
346 502 473 552 futurorum
490 516 519 553 ex
539 503 633 553 somniis
646 504 714 553 dunt.
730 503 770 553 nst
788 516 841 567 ergo

42 574 227 626 coudderandnm
246 586 297 637 qnae
317 573 347 623 sit
363 586 430 623 causa
449 572 601 635 somunrnn,
615 579 639 625 et
658 587 686 623 an
699 573 773 638 possit
790 586 842 625 esse

42 660 102 697 canu
112 645 243 695 futurorum
253 648 388 706 eventuum,
397 644 433 695 uei
444 658 470 695 ea
483 646 555 709 pessit
563 658 709 708 cognoscere.
720 645 841 695 Sciendum

43 724 74 766 est
88 730 142 780 ergo
157 714 221 778 qndd
234 714 374 765 somniarunt
390 729 457 768 eausa
468 718 605 781 quandoque
619 716 710 778 quidem
726 720 762 766 est
777 715 842 766 inte-
889 764 893 769 .

43 788 102 851 riis,
118 786 257 850 quandoque
272 789 348 835 autern
369 786 479 837 exterius.
493 787 590 837 interior
608 790 684 836 auten
703 786 842 837 somniorum

42 872 104 909 ausa
121 861 159 909 est
175 857 270 920 duptex.
287 857 336 907 tina
348 857 440 919 quidem
451 857 563 908 ‘animatis
570 894 579 920 ‚
591 858 616 907 in
631 860 741 920 qnantum
754 857 843 907 seilicet

41 944 65 980 ea
79 934 202 981 occurrunt
214 928 315 979 nominis
323 930 449 991 phantasiae
463 928 643 988 inderauuda,
657 929 714 977 eirea
727 942 779 991 qne
790 928 842 992 ejus

41 1000 186 1065 cogitattoet
199 997 292 1050 adeptio
302 999 346 1049 inii
357 1000 474 1051 immorata
489 1000 638 1064 invigilando
656 1015 662 1048 :
679 1003 703 1049 et
712 999 765 1049 tatis
774 1012 842 1051 eausa

41 1073 178 1125 nudorum
192 1084 242 1123 eon
255 1074 291 1122 est
303 1084 373 1121 cansa
387 1072 513 1122 iuniorum
531 1075 671 1133 eventuurn3
687 1070 747 1121 nude
761 1070 842 1133 nujus·

42 1144 97 1194 ruodi
110 1142 202 1195 somnia
215 1154 259 1207 per
271 1142 377 1192 residens
392 1154 416 1193 se
429 1143 514 1193 nauem
524 1145 552 1193 ad
568 1142 657 1193 futuros
675 1146 787 1203 eventus3
803 1144 841 1204 et,

42 1216 58 1262 ei
70 1216 209 1278 quandoque
222 1212 291 1263 simul
299 1217 447 1275 oenuunant,
462 1214 506 1264 erit
518 1215 616 1265 menate.
637 1213 777 1276 Quandoque
786 1213 842 1264 reid

42 1300 103 1336 uun
118 1286 249 1339 intrinseca
268 1284 408 1335 somniorum
426 1288 462 1335 est
476 1285 614 1348 corporatis3
629 1298 682 1334 nani
697 1298 727 1335 ex
740 1284 843 1337 interiori

43 1358 189 1421 dispositione
209 1356 312 1420 eorporis
336 1356 446 1407 inroratus
461 1357 543 1420 eliquia
564 1359 640 1407 motus
658 1356 683 1406 in
706 1357 841 1421 phantasia,

42 1427 233 1483 condideretur
248 1426 402 1491 dispositioni,
413 1428 470 1477 siunt
482 1428 571 1479 homini
581 1429 605 1478 in
617 1441 664 1491 quo
675 1428 790 1478 abundant
799 1428 839 1477 iri·

45 1501 219 1565 gidiuuntores,
235 1503 358 1551 rerumne
371 1498 395 1549 in
405 1498 492 1549 umida
502 1500 562 1563 quod
574 1500 605 1550 sit
618 1500 641 1549 in
657 1512 716 1563 aqna
725 1500 761 1551 rel
770 1500 841 1564 nire;

47 1574 67 1617 et
76 1574 216 1637 propterhne
231 1569 314 1621 medici
327 1570 409 1620 dieunt
418 1583 467 1621 esse
482 1570 645 1621 intendendum
660 1570 755 1621 somniis
767 1572 795 1621 ad
804 1585 843 1623 eo-

43 1645 193 1704 gnnsoendura
204 1640 328 1692 interiores
345 1638 516 1705 dispositiones.
530 1642 602 1693 Causa
615 1646 692 1691 eutem
704 1642 843 1694 somniorum

41 1714 133 1766 exterior
146 1712 259 1766 simititer
275 1715 311 1763 eat
327 1712 419 1777 duplex,
427 1712 515 1763 scilieet
531 1713 653 1778 corporalis
667 1716 691 1763 et
709 1713 841 1778 spiritualis.

42 1785 165 1851 corporatis
181 1786 295 1850 quidem,
309 1784 334 1835 iu
351 1787 461 1847 quantum
471 1782 602 1847 imaginatio
615 1785 749 1836 dormientis
761 1784 843 1835 inmu-

41 1862 93 1909 tatur
106 1858 144 1910 vel
159 1858 192 1908 sn
205 1868 259 1907 aere
275 1854 417 1918 eonduenti,
426 1856 463 1906 vel
477 1868 507 1906 ex
519 1855 668 1921 inpressione
681 1855 781 1907 eoelestis
795 1869 843 1907 eor-

40 1931 109 1993 poris,
118 1934 146 1981 nt
157 1928 195 1981 sic
206 1926 331 1996 dormienti
339 1926 421 1989 aitque
438 1926 563 1989 ptautssie
579 1932 704 1993 appareant
714 1928 843 1980 conformes

40 2002 162 2053 celestium
176 1998 339 2063 dispositioni.
349 1996 479 2061 Spiritualis
490 2002 568 2049 autem
577 2012 645 2049 eausa
660 2003 697 2049 est
707 2000 842 2063 quandoque

39 2074 125 2133 quidem
143 2072 159 2121 ia
177 2072 238 2132 Deo,
258 2070 297 2132 qui
317 2066 445 2119 ministerio
466 2070 596 2133 augelorum
617 2070 692 2133 aliqua
715 2070 858 2123 hominihus.

39 2146 120 2196 revelat
135 2146 161 2195 in
183 2140 297 2201 maiis,
311 2138 435 2191 menadinii
453 2140 508 2191 iilud
522 2142 639 2195 Numen,
655 2140 694 2190 iili
710 2156 716 2188 :
733 2138 780 2189 «si
793 2141 844 2203 quis

40 2214 180 2267 fueritinter
192 2223 235 2265 vos
249 2214 360 2279 propheta
375 2212 508 2275 donidio
519 2215 609 2265 risione
629 2214 743 2277 apparebo
757 2211 792 2276 ei,
807 2213 844 2262 rel

39 2300 74 2348 per
89 2288 211 2341 somnium
228 2287 310 2349 loquat
327 2283 443 2335 aditione.
458 2301 472 2332 »
487 2287 626 2351 Quandoque
640 2283 694 2336 veri
713 2284 843 2349 operatione

39 2359 165 2411 munuum
182 2358 266 2423 atique
279 2354 405 2422 phantasia
416 2356 581 2408 dormientibus
594 2359 716 2421 apparent,
725 2356 843 2419 exquibus

40 2433 176 2497 quandoque
191 2429 267 2492 aliqua
282 2428 358 2479 futura
369 2428 471 2480 revelant
478 2429 518 2480 his
530 2428 570 2493 qni
581 2441 634 2479 cum
643 2427 770 2479 eishabent
780 2432 844 2493 pacta

38 2501 125 2554 itticita.
136 2500 177 2555 sie
190 2513 247 2563 ergo
261 2500 382 2553 mudum
392 2499 452 2563 quod
460 2500 481 2551 si
489 2500 541 2564 quis
553 2504 630 2551 utatur
640 2498 734 2551 somniis
745 2502 773 2550 ad
784 2514 844 2566 pra-

39 2574 199 2637 tognoscenda
214 2572 291 2624 tntura
308 2569 433 2623 secundini
449 2571 509 2636 quod
523 2571 612 2623 semida
626 2572 843 2635 procedentem

39 2647 155 2699 veutmne
169 2642 248 2697 divina
261 2642 340 2693 velex
351 2654 425 2699 uuna
437 2644 534 2701 natanti
545 2642 685 2708 (intrinseca
694 2643 743 2695 sive
756 2643 844 2695 extrin-

39 2729 87 2768 sea
98 2720 119 2779 t,
137 2720 248 2781 quantum
263 2716 341 2779 potest
357 2726 382 2764 se
398 2712 469 2767 virtus
490 2714 542 2765 talis
557 2727 633 2765 eausa
647 2714 783 2773 extendere,
797 2727 844 2763 nou

38 2800 55 2836 ri
60 2789 78 2839 it
84 2788 179 2855 ,inicia
186 2784 361 2845 ,ddaauoet
374 2789 448 2843 auten
467 2786 600 2851 huq'nemudi
611 2784 729 2835 diuinatio
741 2788 846 2833 musetur

39 2871 64 2913 u
81 2857 230 2917 redonus
243 2857 375 2913 wmonun
387 2869 439 2911 euni
450 2856 533 2926 onnus
539 2861 609 2927 paor
616 2856 847 2921 odeum-expressi
