1934 3284
101 138 147 187 let
226 146 335 185 sneurrnn
350 144 477 196 sumnus,
491 142 655 193 ornemur,
672 142 727 183 aar.
745 146 773 181 rr.

99 229 170 286 sunt,
184 228 210 273 nt
223 224 248 273 in
264 222 359 273 ecelesia
368 221 491 272 theatrales
502 221 586 272 moduli
598 221 717 272 adduntur
730 224 755 271 et
770 220 873 273 mulien.
891 238 907 270 n

100 294 150 343 Non
159 306 213 357 ergo
224 293 250 343 in
260 293 338 343 laudes
348 292 389 343 fisi
398 295 452 343 sunt
466 296 549 343 canens
559 292 700 343 assumendi.

134 368 156 413 e.
173 366 284 416 Praetersa
293 403 306 427 ,.
314 364 404 415 laudare
418 366 490 415 Deum
499 364 608 415 conuenit
620 365 698 429 paruis
707 367 731 415 et
745 364 837 428 magnis
846 403 853 428 ,
866 379 909 418 se-

101 434 201 485 eunddm
220 435 283 486 illlud
297 436 411 501 Aperui„
425 436 475 487 xlx
491 452 498 485 :
514 453 530 485 a
542 438 643 488 Laudem
658 437 728 488 dieite
744 436 790 487 lieo
807 441 908 504 nostro,

101 520 181 557 omues
192 508 267 557 saneti
280 508 341 572 ejus,
354 512 378 559 et
393 507 433 572 qui
446 508 531 559 timetis
544 510 632 572 heum,
647 508 724 573 pusilli
739 513 764 559 et
783 510 873 571 magni.
891 528 908 559 n

101 578 146 629 Sed
161 580 257 643 maiores
266 581 306 642 qui
316 584 370 630 suut
383 579 406 629 in
416 580 514 631 erolum
524 593 570 631 non
579 582 644 632 deest
652 584 759 644 eantare;
770 580 827 631 dicit
839 582 910 633 euim

102 648 237 713 Gregorius,
253 653 276 702 et
286 650 384 701 hahetur
400 650 424 701 in
438 652 565 712 Decretis,
579 651 680 703 mulnet
696 657 743 713 92,
754 664 805 703 ean.
826 667 863 703 :a
878 656 910 706 in

102 724 182 772 saneta
194 722 295 773 Romana
309 722 433 773 Ecclesia»
446 723 489 786 (er
500 723 540 774 fib.
558 725 597 787 lu,
610 724 684 788 opis.
696 726 726 774 tt
736 724 754 786 ),
770 727 911 788 «praesenti

104 794 193 843 deoreto
206 794 317 845 musitae
331 797 357 844 ut
374 794 464 845 insede
480 796 525 843 hao
538 795 597 845 sacri
609 795 687 846 altaris
699 794 798 845 minutii
809 800 910 849 mutare
962 791 963 802 ¹

103 878 149 915 nen
160 864 266 915 deleam.
282 882 296 913 n
310 867 369 929 firgo
385 868 466 915 cantus
478 878 525 917 non
539 866 679 917 conveniunt
691 864 778 917 diuinis
787 865 911 919 laudibus.

136 938 159 985 l.
172 935 300 999 Praeterea,
315 937 340 987 in
358 937 429 987 ueteri
441 937 492 999 iege
505 938 637 987 laudabatur
651 939 712 987 Deus
729 941 754 987 et
771 936 852 987 multis
867 940 910 989 in-

103 1007 233 1058 strumentis
255 1010 279 1059 et
303 1008 409 1058 humanis
435 1008 555 1069 cantibus,
580 1010 705 1060 seeundum
725 1008 780 1058 illud
804 1010 910 1063 Pauim.

104 1079 204 1131 xxxo!
222 1080 390 1133 «confilemini
404 1080 499 1131 fiumina
514 1081 540 1130 in
549 1081 650 1144 eithara,
665 1081 689 1131 in
704 1080 812 1145 psalterio
823 1082 913 1134 dotem

104 1151 239 1203 ohordarnnr
250 1150 338 1215 psallite
348 1150 395 1215 illi,
409 1152 499 1201 cantate
513 1153 536 1201 ei
544 1152 661 1203 eantiourn
676 1161 796 1203 novumn
809 1153 858 1203 Sed
869 1153 913 1205 iu-

104 1224 231 1273 strumenta
250 1223 348 1283 musies,
367 1222 426 1274 sient
445 1224 543 1275 citharas
563 1227 586 1275 et
606 1224 728 1288 psalteria,
744 1236 791 1275 non
806 1228 913 1277 assumit

105 1293 205 1345 Eoolesia
217 1294 243 1344 in
256 1294 344 1345 dismas
356 1295 448 1357 laudes,
464 1309 494 1346 ne
507 1295 613 1346 uidentur
630 1296 756 1359 jndaizare.
778 1294 838 1357 firgo
856 1298 914 1360 pari

104 1366 191 1415 rohone
208 1379 253 1416 neo
267 1370 346 1417 eantur
359 1366 383 1417 in
394 1366 483 1417 divinas
491 1368 570 1418 laudes
583 1371 637 1418 sunt
645 1367 784 1418 amonendi.

109 1472 113 1479 .
138 1441 161 1487 h.
184 1437 309 1501 Proierea,
331 1438 476 1503 principalior
491 1443 528 1490 est
542 1440 595 1489 iaus
610 1438 695 1489 mentis
705 1438 773 1502 quim
784 1438 834 1487 laus
847 1439 911 1492 oris.

105 1508 149 1559 Sed
170 1508 220 1559 faus
231 1510 315 1561 ruentis
328 1509 449 1573 impeditur
463 1524 505 1575 per
519 1514 613 1572 ennius,
627 1514 676 1560 tum
689 1509 744 1573 qnia
760 1510 912 1563 mutantium

104 1579 203 1631 mtentio
216 1581 375 1633 abstrahiturh
386 1581 566 1633 consideratione
579 1594 657 1633 eorum
665 1594 717 1645 que
727 1584 836 1641 mutant,
849 1582 912 1636 durn

106 1651 166 1703 ahos
178 1656 268 1702 oantnrn
281 1654 386 1717 student;
397 1652 523 1704 tumeliam
534 1653 589 1717 qnia
599 1666 627 1703 ea
635 1666 687 1717 qun
699 1655 818 1703 oanmmm
826 1651 914 1705 mirrhe

106 1722 135 1772 ah
149 1722 199 1773 aliis
220 1723 316 1788 intelligi
338 1728 450 1790 possunt,
467 1724 536 1788 quim
551 1724 571 1775 si
588 1725 638 1775 sine
654 1728 722 1775 cantu
737 1722 911 1788 proferrentur.

106 1794 166 1857 Ergo
179 1799 259 1845 cantus
270 1808 315 1847 nou
326 1800 379 1847 sunt
391 1796 415 1845 in
424 1795 509 1847 divinis
517 1796 623 1848 laudibus
635 1794 774 1846 assumendi.

137 1866 180 1917 Sed
194 1872 271 1918 contra
283 1870 331 1930 est,
346 1866 406 1931 quod
417 1868 444 1918 B.
455 1868 586 1919 Ambrosius
595 1867 621 1917 in
629 1866 725 1918 ecelesia
737 1866 912 1920 Mediolanensi

106 1942 186 1989 cantus
198 1938 305 2003 institnit,
317 1942 342 1989 ui
353 1940 491 2003 Augustinus
501 1939 571 1990 refert
584 1939 607 1990 in
620 1940 652 1989 lii
666 1938 776 2003 consess.

139 2010 300 2075 (Conunusro.
310 2038 341 2048 —
352 2012 474 2062 salubriter
484 2010 614 2062 institutum
629 2011 698 2062 fuisse
712 2011 848 2061 eredendum
858 2016 909 2075 est,

105 2080 172 2132 utin
192 2081 277 2133 diuinis
295 2081 397 2133 laudibus
417 2086 497 2135 cantus
523 2087 691 2135 assumerentur
711 2082 742 2134 ad
763 2081 912 2137 infirmorum

105 2152 251 2209 excitandum
262 2153 366 2207 affectum
381 2158 448 2217 atque
467 2154 637 2218 devotionern.)

136 2226 271 2291 Respondeo
280 2226 410 2290 dicendum,
421 2226 481 2289 quhd
494 2227 553 2277 siud
563 2226 703 2289 dictumest,
718 2226 767 2276 hans
777 2225 866 2277 roais
878 2228 912 2279 ad

105 2300 149 2349 hoo
165 2300 292 2353 necessaria
308 2288 342 2351 est
356 2302 381 2350 ut
397 2296 491 2351 euentus
508 2299 607 2351 hominis
624 2301 758 2363 prorooetur
770 2296 795 2347 in
812 2299 908 2351 oenum

105 2368 130 2421 ei
138 2370 189 2421 ideo
200 2384 346 2435 quacumque
355 2371 383 2421 ad
392 2370 436 2421 hoo
445 2370 510 2423 utilia
518 2384 568 2424 asse
577 2374 681 2435 possunt,
690 2369 715 2420 in
727 2368 817 2421 diuinas
825 2370 911 2423 laudes

105 2445 255 2505 congruenter
267 2446 420 2495 assumuntur.
431 2442 574 2493 Manifestum
583 2445 618 2495 est
626 2444 702 2493 antem
711 2440 773 2503 auhn
779 2442 912 2495 nundin

105 2514 207 2564 diversas
218 2514 326 2568 melodias
341 2526 464 2575 sonorum,
477 2513 550 2565 animi
562 2513 681 2565 hominum
692 2511 848 2565 diversimode
859 2514 913 2567 dis·

105 2589 232 2650 ponuntur,
246 2590 271 2635 ul
291 2591 353 2649 patet
371 2600 410 2651 par
428 2586 592 2651 Philosophum
608 2586 633 2635 in
651 2584 701 2636 Vill
715 2582 805 2643 eollo,
820 2589 844 2636 et
864 2599 910 2650 per

106 2652 211 2709 Bootium
225 2656 249 2707 iu
262 2657 370 2721 Proloqo
389 2658 510 2710 enusr‘ooe:
525 2660 549 2708 el
566 2657 617 2707 ideo
626 2654 745 2709 salubriter
758 2654 912 2709 fuitiuslilu·

106 2732 168 2791 tum,
181 2731 206 2778 ut
219 2727 242 2777 in
257 2728 345 2779 dininas
360 2728 439 2779 laudes
454 2733 533 2783 uanius
546 2730 728 2789 assumerentur,
741 2730 768 2777 ut
786 2726 859 2780 annui
869 2729 912 2781 in·

106 2798 221 2868 firmorum
235 2799 494 2863 magispnovoearentur
513 2801 543 2865 pri
560 2799 719 2862 devotionem,
731 2798 795 2851 Unde
816 2802 914 2865 hugus·

105 2867 167 2934 tinus
182 2870 237 2923 dicit
247 2869 272 2923 in
282 2870 304 2925 tf
316 2870 425 2937 Consano.
436 2871 502 2938 (oap.
515 2873 572 2937 etl:
590 2870 839 2933 «hdduoormutaadi
850 2885 911 2925 oon·
