1934 3284
260 217 292 254 oa
306 215 417 256 aarum
434 215 559 254 erramus.
762 205 808 253 'trs

23 297 91 344 tamen
111 295 198 358 ruptae
219 293 304 344 dirimit
326 293 491 344 matrimonium
512 293 560 356 jam
581 295 740 351 contractum,
764 292 811 345 etat

23 365 122 428 moediat
134 366 317 416 contrahendum.
329 365 391 423 Quod
405 370 481 414 auteur
497 365 580 414 dcitur
592 363 615 412 tn
630 363 737 428 praeuticto
747 363 808 414 Con·

23 436 77 491 tilio,
93 436 218 486 dictumest
231 436 254 486 iu
269 435 441 486 detestationem
456 437 518 486 itlius
532 435 642 487 oriminis.
656 440 679 486 et
694 440 730 487 est
742 437 809 487 abro-
880 481 884 490 .

23 511 101 570 gotum.
117 507 178 557 Unrle
191 509 341 570 Hieronymus
356 507 492 558 eontrarium
505 507 559 558 uicit
575 523 580 555 :
600 524 615 554 u
628 508 690 566 Tria,
706 509 810 578 inquit,

25 579 113 642 egitima
127 579 230 642 conjugia
243 580 266 628 in
281 578 402 641 Scripturis
420 579 526 640 tegrrntur
544 596 550 629 :
570 580 671 628 Prirmrm
687 583 735 636 est,
747 579 811 642 virgo

23 655 77 700 rasta
93 650 114 700 iu
124 649 249 713 virginitate
261 650 308 701 viro
322 651 371 700 data
382 649 481 712 legitime
495 652 639 702 :securatam
649 655 693 709 est,
710 649 773 712 virgo
785 650 811 700 in

23 723 108 772 :tritara
119 723 256 786 deprehensa
267 721 281 772 a
291 721 339 770 viro
355 727 378 771 et
391 722 423 772 itti
437 735 477 786 oer
491 721 536 770 vim
546 723 650 786 copulata
661 739 667 780 ;
680 722 700 771 si
712 722 807 772 voluerit

23 799 78 843 mter
90 793 138 854 ejus
154 793 239 844 uotuott
250 806 298 842 eam
311 794 353 843 iate
368 793 411 855 uir,
426 798 536 855 quantum
549 793 685 858 jurdiearerit
697 796 769 856 pater„
784 795 808 844 et

23 863 77 913 tabit
96 864 189 927 pretium
203 864 318 927 pudicitiae
331 865 382 928 ejus
397 865 516 917 :Tertium
526 871 601 914 autem
615 869 650 914 ost
667 865 756 928 quomo
769 877 811 913 au-

23 942 86 986 ertur
97 935 117 985 ei
129 939 150 986 et
163 935 257 986 traditur
270 936 332 986 atteri
344 937 372 1002 de
387 936 502 997 voluutate
511 937 591 1000 patris.
606 954 619 983 o
636 937 676 985 Vel
686 939 761 1000 potest
776 935 810 986 in-

23 1009 86 1070 ettigi
97 1007 124 1058 de
135 1007 178 1058 iltis
191 1021 241 1072 quae
255 1013 309 1058 suut
319 1008 370 1057 aliis
383 1009 534 1072 desponsatae;
542 1015 566 1058 et
577 1007 674 1058 maxime
685 1021 726 1071 per
740 1007 812 1057 rerba

23 1081 41 1130 te
58 1079 172 1142 praesenti.

45 1151 79 1200 Ad
91 1155 191 1213 quartum
207 1151 336 1214 dicendum,
348 1150 407 1215 qutd
421 1164 520 1215 sponsus
532 1165 561 1201 ex
572 1151 621 1214 ipsa
636 1150 813 1214 desponsatione

23 1223 86 1272 tabet
99 1221 189 1284 ¹aliquot
198 1221 238 1286 jus
247 1223 269 1272 io
280 1237 319 1274 sou
335 1236 416 1286 suousa
429 1245 435 1272 r
452 1228 475 1273 et
485 1223 537 1273 ideo
548 1223 652 1286 quamvis
669 1225 749 1286 uertet
759 1221 811 1279 rio-

23 1295 107 1344 eutiam
127 1293 261 1356 inserendo,
275 1299 394 1344 excusatur
407 1299 481 1344 tameo
499 1293 619 1343 trrimiue
641 1295 726 1356 motuis.
749 1293 812 1344 itudo

23 1366 120 1416 tetasiua
139 1366 200 1428 Papa
220 1365 274 1416 dieit
289 1381 296 1414 ι
312 1366 437 1416 «taxilla
457 1367 619 1430 promeritorum
639 1365 767 1429 principum
780 1364 813 1414 ibi

24 1443 104 1502 aptum
120 1435 175 1486 dixit
190 1450 239 1488 esse
252 1437 411 1499 commissum,
424 1438 463 1488 utri
477 1437 551 1501 ouetta
563 1438 593 1488 do'
603 1437 670 1503 eujus
686 1441 739 1488 ante
756 1449 815 1500 nap-

23 1510 50 1560 iis
67 1505 125 1558 nittt
136 1511 210 1570 ectum
226 1508 308 1570 tuerat,
323 1509 439 1560 videbatur
454 1510 562 1560 abducta.
580 1525 594 1555 o

296 1689 457 1741 ARTlCULUS
472 1689 533 1742 vlit.

23 1814 104 1860 'ltrr'am
121 1813 268 1860 adulterium
283 1813 314 1858 err
328 1815 491 1926 leguminum
498 1816 587 1872 specim
596 1817 710 1868 tumea,
722 1817 752 1860 alr
761 1815 818 1861 atita

374 1879 479 1924 tattueta.

42 2006 201 2057 edoctorum
217 2003 251 2056 rio
268 2005 397 2069 proceditur
411 2006 454 2069 (tt.
473 2004 567 2056 Videtur
583 2005 642 2068 quod
656 2005 818 2056 adulterium

25 2093 58 2131 on
78 2077 109 2126 stt
123 2076 270 2130 determinata
282 2076 370 2140 speeies
388 2077 484 2130 luxuriae
497 2078 525 2128 ab
539 2078 590 2135 aliis
600 2077 716 2128 distincta.
732 2077 819 2126 ttieitur

23 2152 74 2201 nim
91 2149 228 2198 adulterium
240 2162 268 2198 ex
282 2163 309 2200 eo
323 2148 477 2212 unitationis
490 2149 519 2199 ari
533 2150 625 2198 atteram
637 2149 725 2198 accedit
737 2152 820 2211 prater

23 2236 90 2285 uam3
104 2219 164 2270 siout
176 2219 230 2270 dicit
242 2221 342 2283 quamdam
355 2221 433 2270 atussa
448 2233 518 2284 super
533 2220 615 2271 and.
626 2220 670 2270 Sed
683 2219 726 2268 atta
737 2218 819 2268 mulier

23 2299 96 2345 meter
111 2305 177 2342 suam
192 2291 266 2356 §otest
279 2305 331 2342 esse
344 2293 482 2342 diversarum
497 2292 665 2354 molitionum
679 2289 766 2340 seilicet
778 2291 817 2340 uel

23 2369 95 2429 irgo,
114 2362 139 2412 ia
157 2367 267 2427 potestate
279 2363 348 2427 patris
363 2363 480 2428 existeus3
497 2357 534 2414 u'el
550 2364 672 2425 meretrix,
689 2362 723 2412 ret
736 2361 819 2425 eujus·

23 2449 116 2499 umque
134 2435 228 2485 atterius
245 2435 390 2486 conditionis.
401 2437 459 2500 Ergo
477 2436 565 2487 uidetur
578 2435 639 2499 quod
655 2434 817 2487 adulterium

23 2524 56 2561 on
75 2507 108 2558 sit
125 2507 213 2572 speeies
229 2507 323 2558 luxuria
335 2508 363 2557 ab
374 2507 425 2558 attis
439 2507 553 2564 distincta.

40 2587 67 2630 2.
93 2581 224 2638 Praeterea,
238 2580 388 2644 Hieronymus
408 2580 463 2630 dicit
483 2579 545 2643 (litu,
559 2581 577 2628 l.
593 2579 687 2630 Contra
704 2577 817 2626 lour'nta-

23 2669 74 2705 um
84 2651 131 2717 (t),
144 2650 206 2714 quod
215 2651 294 2701 anihil
304 2652 398 2703 interest
408 2665 436 2702 ex
444 2663 490 2716 qua
499 2664 568 2701 eausa
577 2650 629 2714 quta
639 2649 745 2700 insaniat.
757 2648 820 2699 Unde

44 2815 79 2879 (1)
98 2818 134 2870 Do
144 2817 183 2862 hie
192 2816 262 2862 etiam
273 2819 314 2862 tv.
330 2815 408 2867 Semi„
419 2817 472 2862 dist.
484 2813 513 2860 rt
525 2849 532 2875 ,
547 2822 590 2863 art.
602 2814 626 2875 2,
643 2817 781 2872 quaestione.
793 2815 822 2868 ὃς

23 2888 85 2940 tqu.
101 2878 143 2932 15,
160 2880 189 2926 de
200 2880 270 2934 mato,
284 2886 326 2925 ort.
338 2879 368 2941 3.,

40 2952 76 3015 (2)
95 2953 134 2998 Ex
145 2963 192 3009 quo
207 2951 305 2997 retertur
317 2951 342 2997 in
356 2952 474 3002 Deerete'r,
484 2949 561 2999 Garat
571 2952 667 3012 xxm,
678 2963 721 3010 qu.
731 2948 755 3009 2,
768 2928 822 3006 aaa.
