1934 3284
261 166 265 176 ¹
343 166 376 205 Μ
389 164 565 207 me
732 182 734 191 ¹
805 146 853 207 m

50 242 205 295 umanum
215 242 329 295 alimmiit
347 244 419 310 Sapor
430 247 520 307 autern,
534 244 574 309 qui
587 247 623 297 eat
634 243 727 311 proprii
738 243 854 309 oliorum

50 315 150 380 puram,
167 317 204 365 eet
216 314 276 365 dont
294 314 482 367 delectamentum
505 316 671 368 alimentorum.
690 317 750 381 mro
767 320 853 382 tempe-

49 387 127 437 rantia
144 385 218 449 magia
230 388 267 440 eat
281 386 342 437 circa
354 388 445 449 gutum
462 386 531 451 onim
546 387 606 438 eirea
619 390 713 439 tactum

84 462 108 507 e.
124 459 255 518 praterea,
268 457 327 508 aient
341 458 425 508 dicitur
442 459 469 509 in
484 459 537 508 llil.
558 458 649 515 ulmo..
666 474 681 507 a
696 459 757 511 eirca
772 460 852 512 eadent

50 531 109 581 eunt
119 529 271 593 temperantia
283 532 308 580 et
318 529 501 593 intemperrntia,
513 528 667 591 coutinentia,
677 534 701 581 ot
709 530 854 582 incontinen-

50 603 102 665 tia,
119 600 292 667 perseuerantia
302 605 326 651 et
338 600 460 664 mollitiea3
474 618 489 648 u
506 602 534 651 ad
548 614 615 665 quam
628 602 744 666 pertinent
757 602 852 653 delicia.

51 674 99 724 Sed
113 674 142 723 ad
157 671 253 722 deliciae
268 671 358 722 ridetm
373 671 487 737 pertinere
506 671 627 724 delectatio
642 686 693 736 qne
711 673 772 724 inest
785 686 853 739 eape-

51 745 133 806 nina,
149 743 189 806 uni
206 741 322 807 pertinent
333 742 362 793 ad
379 746 480 807 paetum.
498 744 559 807 Ergo
580 745 730 809 temperantia
742 742 854 795 calcinea

50 815 222 868 delectationen
238 814 341 879 propriae
356 814 445 878 matie.

85 887 133 938 Sed
146 889 224 937 centra
234 890 282 946 eat,
297 886 357 949 qnod
371 885 523 951 Philosophus
531 886 586 938 dicit
602 888 661 938 vlll.
676 887 773 945 liidie..
792 887 854 953 quel

53 977 69 1008 u
83 957 238 1023 temperantia
255 960 279 1008 et
292 956 466 1022 intemperantia
487 956 594 1009 uidentur
614 961 682 1022 gustu
700 971 796 1024 parvum
815 958 854 1009 vel

52 1030 114 1082 nihil
123 1029 167 1080 uti.
176 1045 191 1077 n

87 1102 252 1169 (concauam.
264 1126 295 1139 -
307 1098 467 1164 'temperantia
484 1099 557 1164 magis
574 1103 610 1151 eat
624 1099 683 1151 circa
695 1100 856 1153 delectationes

52 1176 139 1241 gustate
156 1172 226 1237 paim
237 1172 297 1224 circa
313 1172 474 1225 delectationea
489 1172 730 1235 adoramentorum.)

86 1246 224 1311 Respondeo
234 1244 363 1305 dicendam,
374 1242 435 1307 quid
448 1244 508 1295 aient
524 1244 609 1295 dictum
618 1247 654 1295 eet
668 1244 727 1309 (art.
743 1244 782 1309 t),
797 1246 855 1297 tam·

52 1317 160 1384 perantia
170 1315 275 1367 mneietit
288 1315 350 1367 cirea
359 1315 485 1381 praecipuae
497 1315 675 1377 delectationem
689 1329 739 1381 qua
756 1315 854 1369 maximi

52 1389 175 1455 pertinent
193 1388 223 1438 ad
235 1386 429 1440 mnuemtiouem
439 1387 546 1437 humane
561 1386 615 1437 rite
628 1386 666 1437 nel
676 1387 701 1439 in
714 1388 803 1453 apecie,
817 1389 856 1439 rel

53 1462 80 1511 iu
94 1458 215 1510 individuo
229 1472 236 1508 :
248 1458 274 1508 in
289 1458 373 1522 quiuua
387 1456 542 1509 eeneideratm
554 1457 639 1521 eliquid
653 1459 819 1524 principaliter,
831 1463 856 1513 at

52 1532 143 1597 aliquid
155 1529 299 1582 emundarit.
311 1528 467 1595 Principaiiter
477 1531 579 1594 qnidam,
588 1530 638 1595 ipae
646 1544 702 1582 uana
712 1531 855 1584 nummario·

51 1618 119 1666 remp
132 1602 188 1669 pult
200 1601 421 1666 reticulumque
432 1605 469 1652 eat
480 1602 609 1653 peccauerit
621 1603 650 1653 ed
658 1602 854 1655 conservationem

50 1675 153 1741 speciei
162 1675 201 1724 rel
212 1674 257 1724 cibi
269 1678 293 1724 et
305 1673 383 1738 potia,
392 1686 443 1736 pun
456 1676 513 1724 aunt
524 1674 652 1725 demenda
664 1676 692 1725 ad
701 1674 854 1727 commeratio-

52 1762 110 1800 nem
125 1745 237 1797 individui
248 1760 255 1795 a
266 1748 290 1796 et
297 1744 346 1809 ipae
358 1758 413 1794 naua
425 1745 506 1795 herum
514 1745 691 1797 ueoeawiorum
700 1746 769 1797 habet
777 1758 856 1809 mm·

52 1820 109 1871 dam
127 1816 274 1867 eaaeutielem
289 1816 462 1866 delectationem
477 1815 616 1880 adjunctam.
626 1815 767 1868 secundarit
778 1830 856 1867 autem

51 1890 213 1942 cenaideratnr
228 1887 287 1939 eirca
299 1888 421 1949 utrumqne
438 1898 505 1937 naum
523 1886 606 1950 aliquid
626 1888 686 1949 quod
699 1886 755 1937 iacit
768 1889 795 1938 ud
812 1889 856 1939 lucc

52 1961 118 2027 qnod
131 1972 190 2010 uena
203 1959 234 2009 eit
246 1957 487 2023 magiedelectalnilia,
500 1957 558 2009 sicut
569 1958 714 2021 puleiuritndu
727 1962 856 2010 alternatur

54 2032 176 2094 immine,
188 2035 213 2081 et
225 2042 294 2095 aapor
303 2028 443 2081 delectabilia
455 2029 481 2079 in
495 2028 559 2092 ciue,
570 2032 595 2081 et
607 2028 675 2080 etiam
687 2030 750 2081 ador.
763 2032 792 2080 Et
804 2030 856 2081 ideo

54 2104 215 2171 principaliter
226 2101 377 2166 temperantia
390 2105 427 2152 eat
445 2101 503 2151 circa
513 2100 694 2152 delectationem
707 2101 795 2163 umis,
806 2114 857 2165 apuu

53 2190 100 2242 per
107 2189 135 2227 ee
149 2173 296 2238 consequitur
310 2174 386 2237 ipeum
397 2184 465 2223 naum
475 2172 653 2225 necemauarum
662 2184 737 2224 rerum
745 2210 753 2234 ‚
761 2186 857 2236 quarum

55 2246 136 2300 omnia
148 2259 206 2296 uena
218 2244 288 2296 eatin
300 2244 424 2309 tangendo.
433 2242 497 2295 Circa
508 2242 667 2295 delectationes
679 2247 754 2295 anem
766 2244 853 2308 punem,

54 2318 97 2370 nel
107 2317 221 2380 olia'ctda,
234 2318 270 2369 rel
283 2315 362 2377 deda,
372 2319 410 2366 eat
422 2315 573 2379 temperantia
585 2319 609 2366 et
625 2315 798 2379 intemperantia
813 2328 855 2367 ae-

56 2388 180 2452 cnndarid3
196 2388 223 2438 iu
235 2392 344 2452 pennum
356 2387 472 2439 mnaiieilia
485 2388 565 2438 lucrum
575 2400 683 2438 aenauum
697 2387 816 2437 conferunt
829 2388 857 2439 ad
870 2384 872 2389 '

56 2460 218 2514 delectabilem
232 2473 297 2511 usam
306 2473 381 2511 rernm
394 2460 574 2511 ncueeaarimum
585 2470 636 2523 qun
649 2458 766 2522 pertinent
775 2459 857 2511 adtac·

58 2536 119 2584 tum.
130 2530 188 2592 Quia
194 2533 271 2581 tamen
279 2535 359 2595 gustus
367 2531 515 2597 propinquior
523 2534 559 2581 eat
565 2529 636 2581 tactui
642 2527 710 2594 quim
718 2528 757 2579 elii
765 2541 855 2595 meede,

56 2604 113 2656 iden
128 2602 278 2667 tempeuntir·
301 2603 375 2667 meppie
391 2606 427 2654 eat
447 2601 509 2655 cirea
526 2604 617 2666 gnatum
633 2601 702 2667 quim
719 2600 779 2652 eirca
800 2600 858 2654 alins

58 2688 153 2727 aeneue.
714 2710 718 2716 .

91 2747 129 2797 td
142 2745 240 2813 primum
257 2758 312 2812 erge
324 2746 458 2809 dicendum,
468 2746 528 2811 qudd
541 2746 609 2799 etiem
627 2746 678 2813 ipre
690 2760 745 2799 nauta
757 2746 857 2799 ciberum

59 2823 85 2871 et
101 2819 226 2871 delectatio
241 2818 389 2873 carentialitcr
405 2818 632 2884 iprumeomeuuauu
649 2818 678 2871 ad
690 2817 858 2883 taetumperti-

60 2895 121 2943 neat
130 2891 211 2946 eunde
223 2890 375 2957 Phileaeplaaa
384 2890 447 2943 dicit
458 2889 483 2941 in
497 2890 532 2944 tl.
543 2891 585 2943 dle
597 2893 685 2945 ocimo
698 2892 746 2959 (nt
761 2888 857 2955 cupri-l,
