1934 3284
85 98 149 159 Ι311
237 108 345 148 mouson
359 108 490 162 ssuonon,
507 109 592 156 oonsu-
610 111 654 161 nx,
672 110 728 151 sss.
745 114 763 152 r.

375 306 543 378 donorio
560 307 619 373 ΩΧ.

116 457 152 505 Da
163 458 233 504 muts
246 460 363 518 oppositis
373 461 488 511 ssrs’tstt,
502 461 532 506 s'n
545 463 651 520 quatuor
665 462 783 508 articulos
795 463 889 510 dicias.

134 618 219 670 Deinde
239 619 425 672 considerandum
445 622 480 671 est
502 619 530 671 de
549 618 611 672 vitiis
631 621 742 686 oppositis
759 622 860 672 uenisti.
876 625 907 674 Et

103 694 130 740 1⁰
150 691 178 740 de
195 692 326 754 menducio;
341 696 370 740 2⁰
385 692 413 744 ds
430 689 575 743 simulatione
600 691 650 742 sive
672 690 803 758 hypocrism
828 699 856 742 ³⁰
876 695 905 746 de

100 761 211 827 jactantia
231 766 255 813 ct
272 763 378 828 opposito
390 763 455 814 uitio.

134 833 200 884 Circa
215 833 358 884 mendacium
373 837 505 898 queruntur
525 837 642 900 quatuor:
660 839 687 884 10
704 835 782 886 Utrirm
802 838 905 888 monda-

103 905 162 956 cium
180 919 269 970 semper
286 910 412 972 oppountur
425 905 530 968 ueritati,
545 907 611 970 possi
633 907 751 958 continuus
769 907 904 960 tutantem.

103 981 131 1026 2⁰
146 977 177 1028 tie
191 976 310 1041 speciebus
328 977 449 1029 mendacii.
464 981 491 1026 30
509 977 589 1030 Utrdm
607 977 861 1044 mendaciumsemper
875 979 906 1032 sit

103 1048 230 1113 peccaturi.
244 1053 270 1100 t⁰
280 1049 360 1100 Utrim
369 1063 459 1114 semper
470 1049 501 1100 sit
512 1052 629 1114 peccatum
641 1049 743 1100 mortale.

400 1229 563 1281 sarmatius
578 1229 595 1278 1.

186 1354 273 1400 dtrtm
292 1354 443 1400 mandacium
458 1366 550 1411 semper
564 1355 698 1410 oppmmcur
715 1353 820 1399 seruati.

134 1481 168 1532 nd
181 1481 278 1546 primum
291 1480 325 1532 sic
335 1480 463 1546 proceditur
472 1479 517 1544 (1).
525 1479 619 1530 Videtur
629 1479 689 1545 pudd
700 1480 843 1532 mendacium
856 1497 903 1535 non

102 1565 193 1617 semper
210 1555 337 1618 opponatur
356 1551 454 1603 veritati.
470 1550 580 1617 Opposita
593 1551 656 1602 euim
676 1565 722 1604 nou
735 1557 831 1617 possunt
851 1567 903 1606 asse

103 1625 180 1676 simut.
194 1624 239 1676 Sed
253 1623 395 1676 mendacium
415 1623 484 1674 simul
504 1626 580 1688 potest
596 1637 648 1675 esse
664 1637 716 1674 cum
734 1623 844 1688 variates
862 1625 903 1688 qui

102 1696 163 1748 enim
180 1709 260 1749 uerum
282 1695 381 1759 loquitur
393 1696 454 1760 quod
469 1695 551 1746 misum
564 1708 616 1746 esse
637 1694 722 1758 credit,
737 1695 858 1759 mentitur,
875 1700 902 1746 ut

103 1767 242 1831 Augustinus
255 1766 309 1818 dicit
318 1767 346 1817 iu
360 1767 402 1818 tiis.
420 1767 458 1817 De
474 1766 672 1832 mendosiomap.
692 1765 727 1829 d).
740 1765 800 1830 drgo
810 1767 901 1818 menda·

103 1838 163 1891 cium
176 1853 224 1891 non
242 1839 364 1904 opponitur
372 1838 472 1890 veritati.

134 1915 158 1960 2.
172 1912 296 1973 Praeterea
309 1911 383 1962 virtus
396 1909 500 1962 sentitis
511 1924 557 1962 non
565 1909 638 1962 solum
652 1909 795 1960 consistitis
811 1911 901 1974 verbis,

103 1982 219 2034 sedetiam
232 1981 258 2033 iu
267 1983 348 2047 iactis3
362 1982 417 2047 qnia
430 1980 554 2034 sscnndirm
565 1981 728 2045 Philosophum
737 1980 762 2034 iu
774 1982 804 2032 111
816 1981 899 2032 Etim.

105 2055 172 2120 (sup.
188 2057 218 2104 tt
232 2056 270 2106 rel
279 2058 318 2114 13,
334 2057 360 2104 ut
366 2054 416 2119 jam
427 2053 495 2118 sopri
504 2056 523 2117 1,
535 2051 658 2103 secundina
667 2053 726 2102 hanc
735 2051 842 2103 uirtutem
855 2052 901 2103 ali·

104 2125 155 2192 quis
170 2139 273 2178 «serum
289 2124 344 2176 dicit
354 2130 378 2176 et
390 2125 415 2175 in
426 2135 532 2175 sermone
542 2123 597 2174 etin
609 2123 664 2173 uita.
674 2139 687 2170 u
701 2123 745 2174 sed
757 2123 900 2174 mendacium

105 2195 208 2249 consistit
225 2197 298 2248 solim
316 2197 341 2246 in
361 2196 452 2260 verbim
466 2195 548 2246 dicitur
566 2193 626 2244 enim
646 2195 689 2256 (ab
708 2194 844 2258 Augustino,
858 2195 905 2266 ou,

106 2268 201 2320 Contra
214 2269 392 2328 menducium,
405 2281 455 2331 cap.
468 2270 498 2316 12
506 2265 531 2331 1,
542 2265 601 2331 quod
617 2281 630 2314 u
641 2265 785 2316 mendacium
796 2269 831 2318 est
845 2266 900 2318 tnlsa

103 2339 167 2390 vocis
175 2338 343 2404 significatio.»
357 2338 395 2389 Sic
407 2351 461 2402 orgo
477 2337 567 2390 uidetur
582 2337 642 2402 qudi
652 2337 794 2390 mendacium
805 2351 854 2392 non
866 2339 899 2389 di-

103 2408 165 2476 recte
178 2414 306 2474 opponatur
314 2409 392 2460 rituti
403 2407 517 2460 veniatis.

136 2485 159 2529 3.
173 2481 296 2545 Preterea,
304 2480 443 2545 Augustinus
456 2479 512 2532 dicit
523 2481 546 2532 in
558 2480 599 2532 lib.
616 2481 652 2531 Dc
663 2480 793 2532 mendacio
805 2481 865 2544 (cap.
877 2485 899 2544 3,

103 2554 129 2601 nt
134 2554 182 2615 jam
191 2549 279 2617 cupri),
293 2550 353 2617 pudd
368 2569 382 2600 u
391 2551 457 2616 culpa
466 2552 598 2604 mentientis
605 2556 640 2604 est
651 2551 743 2604 isttendi
754 2551 875 2616 cupiditas
884 2569 898 2599 u

103 2622 149 2672 Sed
161 2623 206 2674 troc
224 2635 272 2672 non
283 2622 406 2689 opponitur
420 2623 525 2689 ueritati,
540 2625 580 2676 sed
597 2623 669 2688 magis
686 2623 852 2676 benevolentiae
863 2623 898 2675 vel

100 2692 208 2760 iustitie.
222 2694 282 2758 Ergo
295 2694 437 2746 mendacium
447 2709 494 2746 non
507 2695 629 2760 opponitur
642 2695 743 2748 venisti.

138 2843 171 2909 (1)
185 2850 217 2894 Do
226 2847 341 2895 trisetism
354 2849 379 2896 in
390 2848 435 2910 111,
444 2849 523 2902 Sonti„
536 2849 590 2902 dist·
603 2849 643 2911 ³8,
657 2849 733 2914 (11.1,
747 2856 791 2898 nrt.
805 2848 828 2896 1.
