1934 3284
109 149 155 197 'tud
195 215 198 222 ι
225 153 332 194 annuant
347 155 475 204 samone,
494 153 588 201 onaan.
604 153 675 203 carra,
691 154 746 193 aar.
765 156 793 193 v.

139 235 170 285 nd
182 233 273 283 tertium
287 231 421 296 dicendum,
436 231 497 295 qndd
512 231 721 282 ndetectationitus
732 233 837 286 luxuria
851 247 913 300 pra·

109 304 175 371 cipnd
188 303 256 366 aiiuui
271 303 386 353 abstinent
399 307 493 367 propter
502 316 566 366 spem
580 303 662 354 tutare
674 305 753 368 glorian
765 343 772 366 ,
783 318 856 369 qnam
866 307 915 357 des

109 377 194 442 paratio
211 375 331 425 subtrahit.
351 375 379 424 at
399 376 450 426 ideo
469 380 546 425 causat
569 374 680 425 luxuriam
701 377 763 427 sieut
784 393 915 428 removens

105 448 255 514 prolamans.
272 460 318 498 non
333 449 392 498 sicut
404 459 444 511 per
458 460 483 497 se
502 461 584 511 cansa3
600 449 661 511 quod
679 449 764 512 requiri
781 449 874 501 videtur
888 451 915 500 ad

108 521 164 570 vitia
179 519 291 585 capitalia.

404 627 563 678 sariendus
579 627 608 678 V.

113 753 199 799 Utrr'tm
208 753 374 798 convennienter
382 753 477 797 dicatur
486 753 600 808 essefita'oe
615 751 731 805 domnio,
742 753 839 798 nocitos
847 767 914 798 men·

137 817 182 869 tis,
198 816 396 864 inconsideratio.
408 816 575 872 proripitutio,
593 815 769 867 inconstantia,
779 829 853 859 onror
869 817 916 871 sni,

135 879 216 924 odium
226 881 279 934 Dei,
292 880 391 936 affectus
405 879 529 936 protentis
537 878 631 932 soeonti,
641 883 664 920 et
677 876 764 920 taorror
775 879 872 933 saturi.

140 1007 173 1058 aa
187 1006 290 1070 quintum
302 1005 334 1056 sic
348 1005 483 1070 prmeditur.
499 1003 595 1055 Videtur
606 1003 666 1067 qndd
677 1003 914 1056 inconvenienterdi·

109 1082 188 1128 cantur
205 1091 255 1128 esse
272 1077 323 1128 tilia
341 1076 449 1139 luxuria,
466 1091 480 1122 rr
497 1075 586 1126 caecitas
603 1075 699 1135 mentis,
715 1075 914 1140 inconsideratio,

109 1149 273 1214 precipitato,
289 1148 451 1210 inconstantia,
463 1160 527 1197 amor
535 1148 581 1208 sni,
594 1147 670 1196 odium
681 1146 730 1207 tici,
744 1147 844 1198 aiiacms
856 1164 915 1213 pra

109 1221 181 1272 sentis
201 1222 292 1283 saeculi,
307 1223 386 1270 horror
403 1220 440 1270 ael
459 1220 588 1284 desperatio
605 1219 689 1280 intnri;
709 1236 723 1266 u
741 1220 797 1282 qnia
821 1223 916 1271 sacius

110 1293 194 1344 mentis
211 1296 235 1343 at
248 1291 422 1344 inconsideratio
436 1294 461 1341 et
480 1290 629 1354 praecipitatio
647 1290 762 1354 pertimui
777 1292 805 1340 ad
822 1291 915 1356 impru-

109 1365 221 1424 dentiam,
237 1378 287 1427 quae
302 1364 419 1413 invenitur
432 1363 456 1412 in
470 1363 534 1414 omni
546 1365 656 1425 peccato,
668 1362 728 1411 sicut
745 1366 769 1412 et
787 1364 914 1426 prudentia

109 1436 133 1485 in
144 1436 206 1486 omni
222 1437 313 1486 virtute.
322 1435 381 1497 Ergo
398 1449 442 1484 non
454 1434 537 1484 debent
548 1433 602 1498 poni
615 1433 725 1497 speciates
736 1433 790 1483 dria
804 1435 912 1484 luxuriae.

141 1511 163 1556 Ξ.
183 1508 302 1568 Praeterea,
316 1506 442 1556 constantia
457 1506 549 1570 porritnr
561 1518 614 1568 pars
629 1504 781 1565 tortitudinis,
796 1510 823 1553 nt
844 1506 915 1569 sopra
950 1550 952 1577 Ι

109 1577 211 1628 habitum
231 1581 267 1628 est
282 1577 327 1641 (t).
340 1579 385 1628 Sed
403 1577 492 1628 luxuria
505 1590 551 1628 uon
574 1576 695 1640 opponitur
712 1575 862 1640 tortitudini,
875 1580 913 1627 sed
950 1580 952 1645 t

109 1649 274 1712 temperant-in.
292 1651 351 1713 Ergo
365 1649 517 1700 inconstantia
528 1662 575 1699 non
591 1649 685 1699 astilia
702 1648 808 1699 luxuria.
950 1696 952 1711 ,

142 1725 165 1769 t.
181 1722 306 1783 Praeterea,
326 1739 340 1770 a
358 1735 420 1772 amor
437 1722 472 1772 sui
490 1734 563 1784 usqne
578 1721 607 1770 ad
622 1724 781 1784 adsumptum
801 1719 856 1784 Dei,
879 1725 915 1771 est
950 1714 952 1729 '

109 1793 244 1860 principium
258 1795 333 1845 omnis
345 1793 432 1858 peccati
441 1833 447 1855 ‚
457 1811 471 1842 u
480 1799 506 1843 ut
514 1797 578 1858 patet
586 1807 628 1858 per
637 1793 789 1856 angustinum
803 1794 866 1845 le.
878 1796 914 1844 ite

111 1866 187 1916 Gr'oit.
203 1865 248 1916 Dei
264 1867 307 1930 (t).
324 1868 374 1917 Non
388 1879 442 1930 ergo
456 1867 524 1916 dehet
538 1866 593 1929 poni
606 1865 653 1914 iiiia
665 1864 770 1914 luxuriae.

142 1939 164 1986 t.
181 1937 308 2003 Praeterea,
318 1938 415 1988 isidorus
428 1937 493 2002 ponit
503 1942 613 2000 quatuor3
629 1935 715 1986 scilicet
735 1937 912 2000 «turpiloquia,

110 2008 225 2070 scurrilia,
240 2009 338 2069 ludicra,
357 2009 505 2074 stultiloquia.
527 2026 541 2055 n
563 2010 622 2070 Ergo
641 2007 750 2072 praedicta
769 2009 913 2059 enumeratio

109 2079 398 2144 videturessesunerilna.
858 2121 874 2148 Ι.

58 2204 60 2208 ,
141 2149 185 2201 sea
204 2155 281 2200 contra
295 2155 347 2210 est,
365 2151 491 2202 authoritas
502 2151 604 2212 Gregorii
616 2151 695 2202 xxxi.
710 2151 804 2202 Morut.

89 2222 92 2228 '
141 2221 294 2285 (Coucnusro.
301 2223 432 2274 -Caenitas
443 2223 537 2285 mentis,
546 2222 722 2279 inconsideratio
731 2259 738 2282 ,
748 2219 911 2286 praecipitatio,

110 2293 275 2356 inconstantia,
294 2308 356 2344 amor
373 2295 426 2357 sni,
443 2294 521 2344 odium
542 2294 596 2357 tici,
608 2293 704 2344 affectus
724 2295 847 2356 presentis
867 2309 912 2345 aa·

110 2367 169 2430 cuii,
184 2370 207 2416 at
225 2366 303 2416 horror
320 2367 406 2429 icturi,
421 2366 473 2416 tilia
489 2367 584 2416 iuxnriae
596 2365 656 2417 rectd
669 2365 804 2428 dicuntur.)

125 2500 177 2610 ,ὺ(1)
192 2506 250 2550 Tum
264 2517 304 2561 qn.
316 2502 371 2565 128,
385 2510 429 2550 art.
442 2505 523 2559 unico,
533 2510 585 2552 tum
598 2518 638 2562 qu.
652 2503 710 2562 137,
720 2509 765 2549 art.
776 2503 801 2562 3,
817 2515 914 2561 expres·

112 2579 131 2612 sr
147 2580 167 2612 s.

142 2633 177 2696 (2)
194 2638 367 2694 AEquivalenter
381 2641 423 2686 sub
436 2640 472 2684 his
481 2640 574 2700 verbis,
589 2651 642 2697 cap.
656 2638 687 2684 28
700 2639 749 2683 sine
760 2637 823 2682 uit:
838 2638 913 2683 Fece-

112 2702 171 2740 runt
192 2698 239 2742 aidi
258 2702 365 2747 ciuitates
383 2703 444 2746 duos
460 2715 552 2748 amores
571 2702 642 2746 duo:
663 2707 800 2748 terrenum.
820 2701 915 2746 scilicet

112 2770 181 2802 amor
191 2763 231 2802 sui
247 2763 366 2818 usquead
381 2769 541 2823 contemptum
557 2766 601 2809 Det
609 2780 617 2816 ,·
632 2767 745 2809 coetestem
760 2761 834 2810 nard,
844 2776 914 2807 umor

113 2819 159 2862 Dea·
177 2831 250 2876 usone
264 2821 295 2866 od
314 2831 474 2883 contemptum
491 2828 540 2871 eni.
556 2827 611 2880 Quid
628 2833 665 2872 est
678 2825 747 2884 porrd
765 2830 913 2884 contemptus

112 2881 153 2924 Dei
167 2881 211 2926 nisi
226 2883 363 2940 principium
379 2890 454 2934 omnis
476 2885 581 2947 pcccati?
598 2894 653 2934 etos
