1934 3284
137 149 186 202 'let
255 156 362 196 mennon
377 156 505 210 ειωιεει,
521 155 616 202 επιστ.
630 154 690 208 mx,
707 155 763 196 m.
779 157 810 197 ιι.

163 237 196 288 tu
216 234 307 286 tertium
325 233 535 298 simulamenta
548 233 658 284 modestia
675 233 792 298 aecipitrm
809 235 848 288 itti
866 237 924 288 modo

132 305 278 360 communiter
291 309 394 372 sumptu,
412 311 478 371 prout
493 306 615 370 requiritur
626 305 653 356 in
668 304 781 359 ommibus
797 307 924 360 summu

425 484 585 538 seutellulis
596 483 625 535 ll.

213 613 297 659 Utrs'em
306 611 419 658 modestia
428 613 460 657 eit
472 612 549 658 seldene
559 611 623 656 circe
631 611 763 656 aerem
774 615 855 658 actus.

163 741 197 792 td
220 741 341 792 monadum
361 739 393 790 sic
412 738 546 804 proceditur.
570 737 664 790 Videtur
686 735 750 802 qnod
770 740 887 792 modestia
904 740 926 789 sit

134 811 206 862 solium
222 812 280 863 utrm
300 811 422 864 exteriores
441 811 550 862 actiones.
565 810 687 860 interiores
706 808 773 859 enim
794 815 874 864 motet
886 825 927 876 pse

133 884 221 936 donum
232 883 339 936 uffieneti
348 896 398 935 csse
408 895 452 935 non
461 886 564 947 possunt.
573 880 799 945 Sedspustelnsud
808 883 925 947 Philipp,

133 957 172 1018 Ill,
184 955 274 1006 mundat
286 959 311 1005 ut
319 971 333 1003 u
342 953 450 1006 modestia
461 957 538 1005 nostra
545 957 598 1004 nota
609 953 640 1004 sit
647 951 756 1003 omnibus
765 953 925 1006 hominibus»

132 1029 192 1090 tngo
206 1027 315 1078 modestia
331 1031 366 1078 est
380 1025 453 1077 solim
469 1026 529 1076 circa
538 1025 661 1076 exteriores
671 1023 786 1075 actiones.

163 1104 186 1150 t.
204 1100 328 1161 Praeterea,
347 1099 442 1148 uimrrtes
462 1111 514 1161 que
537 1101 591 1147 snut
609 1096 669 1147 circu
689 1095 835 1162 passiones,
856 1100 927 1150 distin

132 1175 230 1236 pnuntnr
244 1170 258 1221 l
267 1171 348 1222 vitute
354 1169 464 1235 justitie,
474 1183 525 1234 que
537 1173 573 1219 est
585 1168 645 1218 cium
653 1168 817 1231 operationes.
832 1170 879 1222 Sed
888 1184 927 1220 mo

132 1243 205 1294 destia
225 1241 314 1293 uidetur
327 1255 375 1293 esse
388 1255 433 1292 nna
445 1241 526 1291 uirtus.
545 1240 570 1290 Si
583 1253 636 1302 ergo
655 1242 690 1289 est
705 1239 768 1288 circa
788 1244 928 1306 operationes

132 1314 268 1378 exteriores,
283 1327 328 1365 non
341 1314 383 1365 erit
396 1313 455 1364 circs
469 1313 556 1377 aliquus
569 1310 688 1362 interiores
703 1310 843 1373 passiones

164 1391 186 1436 ε.
202 1385 394 1447 Preteren‚nnlla
404 1385 475 1434 vlntm
486 1397 532 1434 una
540 1387 563 1434 et
571 1384 649 1436 eadem
659 1386 695 1433 est
704 1380 768 1434 cirea
778 1397 812 1435 ea
823 1401 877 1450 quc
887 1400 927 1451 per·

132 1459 204 1510 tinent
217 1459 244 1508 nd
259 1457 383 1521 appetitum
399 1456 475 1522 (quod
491 1460 526 1508 est
538 1455 653 1520 proprium
664 1453 780 1506 uirtutum
796 1457 925 1519 morutium]

132 1537 157 1582 et
169 1529 227 1580 circa
240 1542 267 1580 ee
282 1541 332 1592 qum
345 1528 460 1594 pertinent
481 1529 510 1580 nd
530 1527 697 1591 memnonem,
714 1539 769 1589 que
788 1533 831 1580 est
849 1531 927 1600 propriu

132 1601 238 1652 uirtutum
252 1600 447 1665 intellectualium
463 1613 538 1664 neque
549 1599 619 1651 etiam
633 1597 691 1648 circa
704 1610 732 1649 ea
746 1614 803 1663 quen
817 1604 925 1668 pertinent

133 1675 160 1725 ad
177 1673 311 1724 irascibilem
329 1677 353 1724 et
368 1671 575 1738 concupiscibilem.
589 1671 614 1722 si
630 1683 684 1734 ergo
699 1671 819 1723 modestia
840 1681 878 1728 est
893 1686 926 1725 un

31 1764 36 1786 l
132 1745 215 1806 uirtus,
231 1757 276 1796 non
289 1748 364 1809 potest
378 1757 429 1796 esse
440 1746 500 1794 circa
511 1743 586 1794 omnia
599 1741 714 1807 predicta.

165 1817 209 1868 sed
222 1820 312 1880 contre,
327 1817 352 1866 in
363 1817 468 1868 omuibus
480 1815 597 1880 predictis
607 1817 695 1879 oportet
706 1813 837 1868 obseruare
846 1820 927 1870 modun

134 1891 147 1941 i
162 1903 207 1954 qun
224 1888 349 1938 modestia
362 1884 452 1940 dicitnr.
467 1889 527 1952 Ergo
543 1887 603 1938 circa
616 1885 691 1938 omnia
703 1887 822 1950 predicta
836 1894 876 1942 est
891 1903 928 1940 me

133 1963 215 2014 destia.

166 2032 481 2099 (conanum-Modestia
498 2045 545 2083 non
562 2031 628 2082 modu
646 2028 708 2082 cinca
727 2032 881 2098 exteriores,
898 2035 930 2085 sed

132 2107 201 2159 etiam
213 2104 272 2156 circa
291 2104 410 2156 interiores
425 2104 544 2156 hominnm
561 2103 660 2155 dodones
676 2105 793 2167 uersatur,
807 2110 839 2157 nt
857 2121 930 2159 escun

134 2176 293 2239 moderatrix.)

163 2249 298 2313 Responden
307 2248 440 2310 dicendum,
452 2247 514 2311 qued
528 2247 586 2298 sicud
598 2247 681 2298 dietum
691 2249 728 2296 est
744 2245 806 2310 (art.
824 2254 836 2299 l
851 2250 875 2315 )‚
889 2263 931 2300 mo

132 2321 203 2373 destia
215 2319 290 2370 didert
302 2318 315 2369 t
328 2319 489 2383 temperantia,
498 2318 524 2369 in
536 2320 580 2370 troc
592 2319 651 2382 qndd
664 2319 820 2382 temperantia
836 2325 876 2372 est
890 2334 931 2371 nuo

132 2392 233 2444 deratiuu
241 2403 319 2443 eorum
328 2390 539 2455 quaedttfieiltimum
547 2391 721 2453 estrefrennre3
731 2390 849 2442 modestia
857 2399 931 2443 auten

131 2467 167 2516 est
181 2463 317 2515 moderatim
327 2476 404 2514 eornm
417 2475 466 2525 que
479 2462 504 2512 in
517 2463 561 2513 hoo
574 2461 716 2513 mediocriter
727 2474 754 2512 se
768 2461 870 2514 nubem.
887 2465 930 2512 Di·

132 2533 257 2586 ueruimodd
267 2538 341 2586 summ
352 2533 421 2598 aliqui
434 2534 462 2584 de
476 2533 586 2586 modestia
597 2534 701 2584 uidentur
714 2545 766 2584 eme
781 2534 867 2584 locuti.
879 2535 930 2585 Ubi-

131 2619 226 2670 cumque
236 2607 297 2658 enim
308 2607 505 2658 consideraverunt
513 2607 611 2671 aliquam
619 2605 740 2671 specialem
749 2606 865 2657 rationem
878 2605 928 2656 boni

131 2676 169 2725 vel
188 2677 325 2728 difficultatis
342 2679 367 2728 in
380 2679 531 2741 moderando,
545 2678 601 2728 illud
617 2678 775 2728 mbtrnxerunt
790 2679 923 2738 modestia,

130 2743 281 2806 relinquentes
296 2749 427 2800 modestiam
440 2750 501 2800 eirca
514 2749 609 2800 minora.
631 2748 775 2800 Manifestum
796 2753 832 2800 est
853 2753 927 2799 antem

131 2813 234 2892 omnihus
243 2815 303 2877 dudd
316 2819 441 2870 retrenatlo
448 2820 623 2870 delectationum
632 2819 706 2870 meets
717 2819 928 2884 specialemquam-

132 2881 184 2931 dnm
194 2883 347 2938 drtltoultutem
357 2889 442 2940 hehet:
455 2891 516 2942 unde
524 2903 604 2942 omnes
611 2890 927 2954 unpermeiuntnuutusm
