1934 3284
99 139 147 193 tes
208 139 317 188 munim
331 143 466 198 mmm,
476 145 570 192 oum.
585 144 668 197 miv,
682 145 741 186 m.
756 144 792 186 nv.
811 198 815 205 ι
955 176 956 213 ᾖ

98 223 429 290 ιιιιιιιιιιιιιιιιιιιιιιιιιιιιιι
442 221 730 288 sulmmotostuuuol
745 222 907 274 oh'omssre-

99 295 190 348 nundin.

131 367 175 418 Sed
193 369 334 430 continuet,
349 369 409 432 qnod
428 365 580 431 Philosophus
597 364 653 416 dicit
672 366 697 416 in
709 365 750 416 lv.
763 364 849 416 nette.
860 365 910 430 (ut
955 372 956 395 ³

98 438 166 504 suppl
174 438 194 503 ),
207 437 267 504 quid
282 439 440 492 «verecundia
454 451 503 490 uon
516 441 552 488 est
562 437 662 489 huminis
672 436 808 488 studiosi.»

131 509 289 574 (conclusio.
301 511 418 575 -Nequs
435 523 512 574 senes,
525 522 600 574 nequo
613 509 732 572 scelerati,
748 521 827 574 noque
840 508 911 573 pnuhi

100 581 206 634 homines
219 580 355 634 uerecundil
376 585 510 646 mouentum
525 581 586 645 quod
602 583 681 632 umen
698 579 744 632 iilis
766 579 867 642 ditonus
880 579 911 631 do
956 620 958 735 y

100 653 175 704 oensis
189 653 291 718 accidit.)

132 725 266 790 [despondeo
283 724 417 788 dicendum,
430 723 491 790 quod
505 724 566 778 siout
577 723 664 775 dietum
678 723 786 788 estitit.
798 726 813 773 1
828 723 909 787 eti),
956 740 957 789 p

101 797 239 850 uerecundia
248 803 283 850 est
292 799 360 850 timor
371 798 469 862 alienius
481 797 637 862 turpitudinis.
649 795 714 854 Quod
725 799 805 846 autem
815 795 909 860 aliquod

101 869 186 920 mulum
206 884 253 922 uon
265 870 380 932 timeatur,
394 872 471 934 potest
484 873 577 934 proptor
592 868 708 932 duplicem
724 867 840 919 ationem
852 879 911 918 ouu-

102 941 189 1006 tingere
200 959 207 994 ι
217 955 264 994 uno
279 941 423 1006 modo‚quiu
432 954 478 993 non
493 940 619 992 estimetur
626 943 652 990 nt
661 939 763 998 mulum
773 939 821 990 alio
829 939 909 1001 modo,

102 1013 156 1078 quin
168 1026 215 1064 nun
224 1013 350 1064 nstimntun
361 1017 386 1064 ut
394 1012 502 1076 pomihite
517 1011 577 1074 sihi,
588 1010 626 1062 uel
639 1014 664 1061 nt
677 1011 770 1063 diiiioile
779 1012 862 1062 muri.
883 1013 911 1062 nt
956 1020 957 1025 ’

102 1083 226 1137 secundum
240 1085 284 1136 hoo
298 1084 437 1136 verecundis
449 1083 527 1134 delicit
539 1082 564 1134 in
576 1084 653 1148 ulique
665 1083 699 1147 (ι)
715 1081 846 1146 dupliciter.
858 1082 910 1134 Uno
957 1116 959 1151 3

102 1156 178 1219 modo,
192 1156 247 1219 qnia
260 1167 286 1206 ea
298 1169 348 1220 qun
357 1159 410 1206 sunt
417 1155 593 1218 erubescibilis,
605 1168 651 1205 non
664 1155 871 1218 apprehenduntur
884 1156 910 1202 nt

101 1227 176 1292 turpia
191 1243 197 1277 z
213 1230 236 1277 et
254 1228 299 1278 hou
317 1229 384 1278 modo
397 1232 475 1278 curent
490 1226 627 1279 utnocnndid
644 1226 751 1278 homiues
764 1226 792 1276 in
807 1225 911 1290 peoentis
957 1194 959 1279 Ι

102 1297 241 1364 prolnndnti,
253 1299 336 1363 quihus
347 1312 389 1350 suu
397 1304 493 1364 peccata
501 1312 547 1349 non
555 1298 675 1362 displicent
684 1337 691 1359 ,
701 1299 742 1348 sed
751 1297 826 1363 magis
835 1299 866 1348 de
877 1298 910 1349 eis
957 1284 959 1351 i

102 1370 236 1435 gloriantur.
255 1369 305 1422 llio
319 1371 398 1435 modo,
414 1371 468 1435 quin
486 1384 534 1422 nou
548 1371 722 1436 apprehendunt
738 1368 910 1434 turpitudinem
957 1396 958 1409 ι

101 1447 127 1492 ιιι
140 1441 271 1506 possibilem
280 1441 334 1504 sihi,
344 1444 381 1494 vei
391 1443 456 1508 quasi
468 1441 593 1494 noniuciid
604 1443 738 1494 vitabilem:
750 1446 774 1494 ιι
785 1445 830 1494 hoo
839 1443 911 1494 modo

101 1528 168 1566 senes
181 1517 205 1564 et
218 1515 313 1566 virtuosi
325 1515 461 1566 verecundid
474 1519 560 1567 camut.
578 1516 639 1566 Sunt
651 1519 731 1566 tamon
741 1515 777 1565 sio
789 1514 908 1580 dispositi,

101 1591 128 1638 ιιι
142 1587 161 1636 si
175 1587 199 1636 in
209 1586 243 1638 eis
253 1591 314 1638 esset
326 1587 410 1652 aliquid
423 1592 504 1654 turpe,
519 1590 600 1640 dehoc
612 1587 832 1639 usieoundmontm.
844 1588 908 1639 Unde
958 1640 960 1655 ¹

102 1657 255 1722 Philosophus
274 1659 328 1709 dicit
349 1659 373 1710 in
396 1660 434 1711 iv.
448 1659 545 1721 iiiito,
558 1659 653 1725 qundo
667 1659 808 1710 ueseoundiu
825 1663 865 1711 est
882 1671 909 1710 ex

102 1729 258 1796 suppositione
273 1731 377 1784 studiosi.
395 1748 409 1780 ι

134 1802 169 1852 Ad
182 1804 279 1867 primum
294 1816 347 1868 ergo
357 1803 493 1867 dicundum,
503 1804 565 1868 pnhd
575 1803 678 1856 delectus
691 1803 839 1856 nereonndiue
853 1817 909 1857 eou-

103 1873 172 1940 tingit
180 1875 205 1924 in
213 1875 320 1940 possimis
330 1878 353 1926 et
361 1874 454 1939 optimis
462 1875 529 1939 uiris,
538 1889 568 1928 ex
578 1875 676 1927 diosmis
683 1876 811 1936 nausis,ut
818 1875 908 1928 dicem

103 1951 147 2000 est.
164 1947 282 1998 invenitur
295 1952 371 1998 nutem
385 1947 410 1998 in
424 1949 462 1998 his
473 1949 514 2013 qni
522 1948 665 2000 mediocriter
678 1961 705 1998 so
713 1948 808 2012 hahent,
824 1961 908 2000 sueno·
958 1970 959 1979 ι

104 2018 158 2070 dium
172 2017 232 2083 quhd
243 2023 278 2070 est
291 2020 314 2069 in
327 2019 362 2070 ois
373 2017 457 2083 aliquid
467 2021 497 2072 de
510 2032 587 2070 amoro
597 2019 665 2081 uum,
673 2024 698 2070 et
707 2023 786 2070 tumen
796 2032 845 2071 uon
856 2022 909 2072 sunt

103 2090 203 2142 totaliter
219 2089 356 2143 immunesd
369 2091 437 2144 mulo.

135 2162 170 2214 Ad
183 2163 308 2214 secundum
324 2162 458 2224 dicendum,
477 2163 538 2228 quhd
554 2163 583 2214 ud
599 2163 708 2214 uitiosum
717 2163 821 2227 pertinet
833 2164 907 2215 ιιιιιι

103 2247 150 2286 non
166 2233 239 2286 solium
254 2234 323 2295 vitia,
337 2235 378 2286 sed
393 2235 463 2286 otiam
475 2248 503 2286 ea
515 2249 567 2300 quo
577 2236 663 2290 hahent
675 2234 775 2300 speeiem
784 2234 905 2300 vitionnm,

103 2305 227 2358 secundilm
242 2305 298 2356 illud
310 2307 330 2358 1.
349 2305 386 2356 od
405 2306 524 2368 Thessal„
539 2307 558 2356 t'
577 2315 586 2357 ς·
599 2307 657 2358 uhi)
672 2307 735 2358 omni
751 2309 831 2370 specio
846 2308 905 2358 mah

104 2377 217 2431 ahshmte
233 2392 284 2430 nos.
303 2395 318 2426 ιι
335 2379 365 2428 ιιι
383 2378 533 2442 Philosophus
552 2379 608 2430 dicit
626 2377 652 2430 in
668 2379 707 2429 uu.
730 2379 831 2440 totto„
848 2377 907 2444 qudi

106 2451 222 2502 «vitando
233 2455 288 2502 sunt
299 2449 412 2514 virtuoso,
427 2453 474 2503 tum
488 2465 517 2502 eu
526 2465 577 2515 quse
586 2455 642 2502 sunt
655 2450 714 2503 muln
728 2449 857 2502 sooundhm
867 2465 906 2504 vo·

104 2520 204 2586 nitatem,
223 2521 291 2586 quhm
305 2536 333 2572 en
345 2534 396 2586 qum
411 2525 464 2572 sunt
474 2523 533 2575 mdo
546 2521 673 2574 soouudium
680 2519 821 2586 opidium.
832 2540 848 2572 ι

135 2594 170 2644 ιι
182 2594 275 2644 testium
285 2595 420 2657 dicendum,
433 2593 493 2658 quon
508 2593 670 2648 infamationes
682 2599 706 2645 et
719 2595 842 2659 upprohiin
862 2596 906 2647 sir-

106 2667 195 2728 tuosus,
209 2669 235 2716 nt
243 2665 328 2716 dietum
337 2670 373 2717 ost
381 2666 434 2732 (unt.
445 2665 478 2730 2).
488 2665 629 2730 conmuni,
642 2666 707 2730 pomi
719 2679 747 2718 ou
757 2665 844 2730 quihus
856 2667 905 2732 ipse

106 2815 447 2928 „fflffifflmffl
462 2821 907 2882 ιιιιιιιιιιιιιιι,ιιιιιιιιιιιιι
