1934 3284
118 144 165 195 tta
226 152 335 195 muana
348 153 477 207 nnn,
489 154 586 204 aaut.
603 154 687 207 cuti,
704 156 761 197 aar.
780 155 808 197 v.

116 233 221 285 montom
237 230 399 284 onomaton
410 244 494 284 ciana
506 231 690 298 mamarius
701 233 810 298 proprius
823 232 912 286 unicni-

117 301 255 383 gnoainouti.
266 302 477 384 Salsuperallitm
486 303 543 384 aius
552 306 647 355 ornatus
655 318 686 356 an
693 304 745 370 ipsa
757 305 914 370 magnitudine
947 315 948 381 l

117 386 194 437 aponus
203 376 308 437 autnon,
320 388 361 439 per
371 378 578 447 mgnmrmrtatam
584 412 594 440 ,
605 388 658 441 gna
668 388 748 427 ornnes
761 376 861 429 virtutm
872 390 917 427 ma-
947 384 948 403 ³

116 443 179 509 J'oros
191 445 295 510 iacit,ut
305 443 389 499 meina
400 446 425 497 in
438 446 467 497 lll
480 446 568 498 Eitis.
583 446 742 513 (ulrisupnl).

417 624 623 677 maculosa.

220 749 306 796 omn
322 749 512 807 mammam
529 750 562 796 ει
585 762 642 808 με
654 750 821 807 foraminis.
948 722 949 725 '

151 878 186 931 tl
198 877 305 943 quintarm
319 878 354 929 sic
365 876 493 942 proceditur
503 877 549 943 (t).
565 877 657 929 Videtur
669 876 729 941 guod
742 878 921 942 magnanimitas

119 963 167 1004 non
180 950 210 1003 sit
227 964 281 1015 pars
295 948 519 1002 [amministrum
532 949 594 1001 anim
606 960 653 1001 non
666 952 702 1001 est
715 962 774 1013 pana
783 949 820 1000 sui
834 950 919 1014 ipsius.

120 1022 165 1074 Sall
179 1020 353 1087 magnanimitas
369 1021 460 1073 villelm
476 1021 537 1073 idam
554 1034 607 1073 csse
625 1019 770 1073 fortitudini:
786 1019 843 1071 dicit
859 1021 920 1071 onim

120 1094 290 1149 Soneoainlilt.
300 1093 339 1145 Dc
348 1093 506 1145 uirtutibus:
516 1110 529 1143 u
538 1092 710 1157 llagnanimitas
720 1130 727 1157 ‚
737 1102 789 1156 qum
801 1094 827 1143 at
843 1092 922 1157 sorti-

121 1167 186 1219 todo
197 1165 287 1229 dicitur,
302 1164 324 1216 si
334 1164 389 1218 lusit
400 1165 479 1217 animo
490 1168 544 1229 tuo,
554 1179 607 1217 cum
622 1164 705 1217 fiducia
721 1176 805 1228 magna
815 1162 893 1215 muas.
907 1180 921 1211 n

120 1239 149 1294 Et
158 1236 311 1290 Tulliusdicit
320 1236 345 1287 in
357 1237 375 1287 l.
391 1237 487 1301 Ossia:
504 1254 518 1287 a
532 1237 597 1288 lliros
610 1237 681 1288 lorias
694 1235 854 1301 magnanimos
868 1249 922 1287 eos·
950 1256 951 1261 ¹

121 1312 174 1363 nam
182 1322 233 1361 esse
242 1308 347 1359 ruamus
355 1307 458 1360 εεήιειίε
468 1308 562 1373 amicos,
574 1308 713 1373 minimaque
723 1306 827 1360 milaces.
838 1308 923 1373 »tingo

121 1380 296 1445 magnanimitas
309 1394 357 1431 nou
367 1384 403 1431 εει
413 1393 467 1444 pars
479 1379 626 1433 fortitudinis.

153 1458 179 1503 ι.
192 1453 322 1514 Praeterea,
337 1451 490 1516 Philosophus
505 1452 530 1503 in
544 1452 583 1503 lll.
601 1450 685 1503 atto.
701 1450 744 1515 (ul
757 1449 852 1515 sopri),
866 1452 924 1502 dicit
951 1502 952 1511 ,

121 1524 183 1591 quid
191 1522 369 1587 «magnanimus
376 1536 424 1574 nou
433 1527 470 1575 est
479 1523 680 1589 piilokladgaos,
692 1523 721 1575 id
729 1530 777 1580 acts
788 1527 877 1575 mator
885 1538 924 1589 pe·

122 1595 220 1648 nicoli.»
232 1596 270 1646 lid
281 1595 365 1647 aarum
378 1599 454 1646 antam
462 1594 563 1659 pertinet
574 1608 600 1646 sa
609 1607 724 1659 exponere
734 1593 851 1659 perieulis.
865 1596 923 1660 Ergo

38 1712 42 1719 .
123 1666 300 1749 magnanimitas
318 1680 366 1718 non
385 1668 494 1719 conuenit
513 1680 564 1718 cum
585 1666 731 1731 tortitudine,
744 1670 771 1717 ut
787 1666 863 1731 possit
880 1668 924 1719 dici

122 1753 177 1805 pars
189 1753 250 1803 epus.
952 1782 953 1785 ,

154 1816 177 1861 t.
193 1812 316 1870 Praeterea,
329 1810 504 1875 magnanimitas
513 1810 608 1877 respicit
620 1824 742 1876 moganum
755 1808 781 1859 in
793 1808 860 1861 bonis
873 1824 925 1875 spe

122 1882 207 1937 mulis
226 1880 344 1935 Fortitudo
356 1883 433 1933 autem
446 1883 541 1948 respicit
556 1896 678 1948 magnum
690 1881 714 1931 in
726 1880 806 1944 malis,
817 1880 924 1933 timendis

121 1956 160 2009 acl
169 1954 289 2007 audentis.
306 1954 353 2005 Sel
365 1954 450 2005 mnam
462 1958 499 2006 cat
511 1953 660 2019 principalius
676 1955 744 2019 pam
757 1952 852 2004 malum.
866 1953 924 2017 lingo

122 2025 297 2091 magnanimitas
307 2027 344 2077 est
354 2025 500 2091 principalior
512 2024 585 2077 cirtam
594 2024 663 2089 quim
674 2024 790 2075 tortitudo.
801 2024 854 2075 Non
870 2037 923 2089 crgo

121 2103 160 2164 ast
169 2111 224 2164 pars
236 2097 298 2162 eius.
436 2138 441 2147 .

152 2171 199 2225 sol
209 2172 292 2223 coatia
299 2172 347 2232 sat,
361 2170 424 2234 qnod
437 2167 564 2221 musonius
576 2170 600 2219 el
615 2166 759 2219 Andronicus
771 2166 781 2232 (
791 2169 817 2216 ut
825 2167 875 2232 jam
886 2181 926 2219 su·

122 2243 164 2309 pri
174 2243 198 2308 ),
210 2244 298 2308 ponunt
312 2241 521 2306 magnanimitatem
535 2238 675 2291 foritudinis
688 2241 786 2303 purtem.

155 2316 316 2381 (mnenumo.
330 2339 361 2351 -
378 2312 550 2377 llagnanimitas
569 2314 671 2377 estpars
688 2310 843 2375 tortitudinis,
857 2310 923 2375 cique

123 2388 230 2453 adjuncta
240 2389 266 2435 ut
279 2384 411 2437 secundaria
424 2384 499 2434 ritus
509 2381 655 2448 principali.)

154 2457 291 2523 ilaspondeo
312 2455 446 2521 dicendum,
464 2453 524 2520 quod
540 2454 598 2505 sicut
616 2454 686 2521 suprl
700 2454 788 2507 dictum
803 2459 840 2507 cst
851 2457 890 2519 (1,
901 2456 923 2515 ι,

123 2545 163 2596 qn.
176 2533 222 2591 61,
237 2533 281 2581 art.
295 2528 336 2594 t),
349 2526 482 2594 principalis
499 2524 571 2577 virtus
583 2530 620 2578 est
626 2563 635 2590 ,
647 2528 675 2578 aul
691 2539 759 2591 quam
771 2524 871 2590 pertinet
885 2526 925 2575 ali·

124 2614 194 2667 gnam
205 2601 335 2666 pneumam
347 2600 440 2654 mollum
452 2598 542 2651 virtutis
555 2598 691 2650 constituere
703 2598 729 2649 in
744 2597 819 2663 aliqua
830 2596 925 2649 materia

124 2672 252 2738 principati.
266 2673 327 2727 lutor
340 2671 397 2723 alios
408 2673 489 2723 autom·
497 2670 613 2735 generales
626 2669 706 2721 modos
715 2667 807 2719 uirtutis
816 2681 878 2721 unus
891 2671 924 2719 est

124 2742 219 2795 tinius
236 2742 528 2809 animi,guiaallnmiton
548 2739 670 2792 mamare
688 2738 924 2805 acquirituuinomni

158 2875 194 2941 (l)
207 2881 241 2927 llo
251 2879 289 2927 liis
298 2881 369 2928 etiam
383 2880 462 2945 cupri,
475 2892 516 2940 qu.
530 2875 584 2937 tat,
597 2875 696 2929 ellocis
709 2876 746 2925 ilsl
759 2878 885 2932 ennomus.
