1934 3284
125 165 170 217 'lot
237 177 343 218 sueonos
358 170 492 230 sueonum,¹
504 179 594 225 oum.
610 179 690 228 eumn,
706 181 763 218 aur.
782 181 811 218 ιι.

124 255 187 306 llude
207 255 353 306 manifestum
365 258 402 307 est
418 255 478 319 qood
491 259 540 306 tam
554 256 674 307 elementia
688 256 759 321 qutun
774 259 922 309 mansuetudo

125 330 160 378 est
173 327 253 376 uirtus.

156 397 299 463 ltprimum
313 411 367 461 ergo
386 397 523 459 dicendum,
536 399 595 463 quod
609 401 762 451 mensuetuno
772 415 821 451 non
840 400 921 451 direetd

124 471 245 533 opponitur
254 469 377 521 severitati.
391 471 447 520 Nam
457 472 607 522 mansuetudo
619 474 655 522 est
667 471 727 521 eirea
738 472 801 532 iras,
813 473 920 523 seueritas

124 545 200 590 nutem
213 543 334 592 attenditur
348 541 405 592 eirca
415 543 549 593 exteriorem
563 543 712 594 indictionem
721 559 854 609 poenamm.
866 545 924 595 Unde

125 612 248 663 seeundum
264 615 307 665 troo
326 614 437 665 uideretur
456 615 529 678 megin
547 615 632 679 opponi
649 615 844 680 clementiaeque
861 617 924 668 etiam

124 683 183 736 eirea
193 686 328 736 exteriorem
339 685 480 751 punitionem
492 687 659 751 considemtur3
672 690 699 736 nt
711 687 801 738 dietum
812 692 850 740 est
862 704 869 739 :
883 702 922 738 non

126 759 201 808 tamen
215 759 350 822 opponitur,
367 771 394 808 eo
410 757 469 822 qudd
483 763 603 822 utrumqne
621 763 657 809 est
673 758 803 809 seeundum
818 761 925 810 rationem

125 831 218 880 rectam.
229 830 285 879 Nam
299 830 407 880 severitas
419 829 550 881 inflexibilis
563 834 600 881 est
609 831 668 881 eirea
681 830 836 882 indictionem
851 845 926 897 poeua·

125 915 190 964 rum,
205 903 295 966 quando
306 902 390 952 scilieet
400 906 502 966 oportet,
513 907 536 953 et
544 901 568 952 io
577 903 658 968 quibos
668 905 767 966 oportet.
780 904 811 953 Et
820 905 874 955 ideo
883 917 925 954 uon

126 977 178 1023 suut
192 973 313 1037 oppositu,
330 973 440 1038 quianon
455 978 508 1025 sunt
520 973 580 1023 eirea
590 974 658 1023 idem.

160 1045 193 1096 nd
201 1046 325 1095 seeundum
335 1045 463 1106 uiuendum,
474 1044 532 1108 qrrdd
544 1044 665 1096 seeundum
674 1045 845 1111 Philosophum
854 1047 879 1098 in
889 1047 923 1097 lv.

126 1117 209 1167 orote.
224 1117 290 1188 (unp.
309 1120 347 1179 tl,
360 1117 407 1168 sive
420 1121 449 1167 lt
459 1122 477 1181 l,
490 1117 581 1168 babitus
593 1118 633 1182 qui
646 1118 746 1168 medium
760 1121 829 1168 tenet
842 1119 869 1170 in
882 1119 925 1178 ira,

127 1192 162 1239 est
180 1189 341 1240 innominatus.
355 1191 384 1240 llt
396 1190 447 1240 ideo
464 1189 535 1240 virtus
548 1191 676 1240 nominatur
692 1188 706 1240 l
718 1190 876 1242 diminutione
890 1190 925 1240 ire

127 1275 177 1326 que
189 1261 329 1326 significatur
342 1261 434 1313 nomine
452 1262 647 1326 mansuetudinem
665 1261 766 1326 eoquod
782 1263 861 1314 virtus
873 1277 927 1327 pro-
951 1300 953 1305 -

127 1331 232 1397 pinquior
245 1337 279 1384 est
293 1333 438 1384 diminutioni
450 1333 518 1398 qndm
530 1334 755 1398 superabundantiae,
774 1339 874 1399 propter
886 1338 925 1385 hoo

127 1403 187 1466 qnod
200 1403 323 1454 naturalius
336 1409 371 1455 est
382 1405 468 1456 homini
481 1410 589 1470 appetere
598 1405 719 1454 vindictam
730 1405 872 1468 injuriarum
881 1407 927 1457 illa·

128 1478 199 1524 tarum
214 1475 281 1539 qutm
295 1477 323 1527 ab
337 1478 380 1526 lroo
398 1477 510 1541 duleum
528 1477 580 1540 quia
596 1475 662 1525 «vix
679 1476 748 1527 alieni
761 1477 834 1529 nimis
851 1493 924 1543 parm

126 1545 231 1596 uidentur
247 1546 328 1611 injuria
347 1547 391 1598 sibi
407 1548 484 1613 illata,
499 1564 513 1596 n
527 1552 552 1598 ut
565 1547 622 1598 dioit
636 1547 755 1598 Sallustius
770 1548 826 1613 (De
841 1551 927 1615 conju·

128 1618 226 1666 ratione
239 1617 359 1668 Catilium
373 1621 399 1668 ιἰι
412 1623 478 1669 oret.
502 1617 637 1683 Caerurr‘e).
657 1620 784 1671 Clementia
802 1627 883 1672 autem
896 1625 926 1672 est
952 1634 954 1699 p

128 1685 262 1738 diminutiva
274 1701 407 1754 poenarum,
423 1703 469 1742 non
483 1691 576 1756 quidem
589 1689 613 1740 in
629 1694 734 1755 respectu
743 1692 770 1741 ad
785 1691 809 1741 id
824 1695 888 1758 quod
898 1698 927 1743 est
952 1702 954 1731 Ι

129 1759 252 1810 secundum
266 1761 376 1812 rationem
384 1767 468 1814 rentem
478 1803 485 1825 ,
496 1764 536 1814 sed
547 1763 570 1812 in
583 1767 687 1828 respectu
697 1763 725 1812 ad
738 1762 761 1811 id
772 1765 837 1826 quod
849 1770 887 1816 est
895 1777 926 1815 se-

128 1832 226 1883 eundrlm
239 1834 313 1897 legem
327 1847 487 1899 communem,
501 1848 567 1899 quam
579 1834 672 1899 respicit
678 1833 767 1898 justitia
777 1835 872 1898 legalis.
887 1838 927 1887 Sed

127 1913 219 1970 propter
241 1907 314 1970 aliqua
336 1907 478 1970 particularia
502 1909 655 1969 considerata,
679 1905 801 1957 elementia
822 1907 928 1959 diminuit

100 1985 107 1996 ·
128 1989 222 2040 poenas,
233 1978 298 2042 quasi
311 1979 436 2029 decernens
447 1978 563 2029 hominem
573 1991 620 2028 noo
631 1989 681 2028 esse
692 1976 764 2041 magis
774 1977 927 2040 puniendum.

129 2045 193 2098 Unde
205 2048 260 2099 dioit
272 2050 355 2100 Seneca
370 2049 394 2099 in
407 2051 436 2100 ll.
450 2052 487 2100 De
497 2049 627 2100 clementio
637 2049 815 2114 (propellnem)
831 2063 867 2100 t«
881 2053 928 2103 cte-

129 2119 216 2170 mentia
224 2121 268 2170 luno
278 2121 374 2185 primum
389 2125 497 2185 prestat,
508 2125 534 2170 ut
546 2133 603 2185 quos
616 2118 720 2183 dimittit,
731 2119 790 2168 nillil
802 2121 870 2173 aliud
880 2123 927 2173 illos

128 2191 176 2254 pati
190 2191 294 2242 delinisse
307 2193 446 2256 pronuntiet.
457 2209 471 2240 »
488 2192 558 2243 Venia
570 2191 623 2242 vend
639 2191 720 2241 debite
733 2203 809 2255 poeuae
820 2194 927 2245 remissio

129 2266 172 2312 est.
186 2263 220 2312 llx
230 2277 275 2327 quo
289 2267 352 2328 patet
363 2263 421 2329 qnod
433 2264 552 2315 elementia
568 2265 709 2328 comparatur
722 2263 749 2312 ad
760 2264 927 2326 severitatem,

129 2333 188 2384 siout
206 2335 289 2399 epiilaia
306 2335 335 2385 ad
351 2335 462 2400 justitiam
475 2335 582 2398 legalem3
597 2335 663 2398 eujus
681 2337 788 2398 estpars
802 2339 927 2400 severitas,

128 2410 237 2470 quantum
258 2408 285 2457 ad
306 2406 453 2459 indictionem
466 2419 583 2472 poenarum
601 2405 723 2457 monadum
743 2406 829 2469 legem.
852 2409 929 2460 llidert

128 2479 206 2529 mmen
224 2479 343 2531 clementia
357 2480 385 2530 ab
396 2479 495 2544 opilia,
510 2483 536 2528 ut
553 2478 611 2528 intra
629 2478 710 2529 dieitur
720 2479 776 2543 (art.
795 2483 825 2544 3,
841 2481 928 2544 adt).

161 2551 197 2600 Ad
204 2551 296 2600 tertium
306 2552 435 2616 dicendum,
443 2550 502 2615 quod
512 2550 662 2600 beatitudines
671 2555 724 2601 sont
734 2551 926 2602 notuerirtutum.

129 2621 222 2672 chtns
234 2627 309 2674 autem
323 2627 376 2674 sunt
389 2623 550 2675 delectationes
561 2623 589 2674 de
600 2623 688 2673 actibus
700 2623 820 2673 uirtutum.
837 2625 866 2674 ur
880 2625 928 2674 ideo

129 2689 185 2739 nihil
198 2692 301 2755 prohihet
314 2695 509 2746 mansuetudinem
521 2694 577 2759 poni
595 2698 619 2746 et
631 2695 756 2745 uirtutem
773 2697 798 2745 et
817 2696 925 2747 dentilo-

129 2759 231 2818 dinem,
246 2767 270 2814 et
279 2765 405 2826 frutetum.
