1934 3284
115 108 162 157 111
221 118 330 157 escorni
347 116 475 166 1111111,
489 116 583 163 unm.
600 117 697 166 cumr,
712 118 774 157 nr.
790 120 815 157 1.

112 196 168 245 lldes
180 196 255 245 nostra
268 192 298 243 sit
308 192 455 253 rationabilis,
466 192 521 255 quia
531 193 650 243 credentes
658 198 761 259 accepto
772 196 858 261 spiritu
865 210 918 263 pro-

113 266 243 333 phetabant.
255 280 269 311 1
283 266 334 315 lion
346 278 401 328 crgo
414 263 709 329 pmplretiaidaemoniius
723 268 777 317 dari
792 274 880 333 potest.

145 338 187 389 Sed
197 340 275 387 contra
291 340 334 397 est,
346 337 405 399 quod
415 335 496 385 dicitur
505 336 542 386 lll.
553 338 623 401 neg..
633 337 705 386 illllll
716 354 723 387 ε
736 356 752 386 n
763 341 886 405 Coum
898 344 920 391 al

113 424 149 461 me
164 410 294 459 uuiversum
307 408 375 459 lsrael
388 408 411 458 in
425 412 501 458 monte
510 408 616 471 Carmeli,
627 412 651 458 et
659 411 793 473 prophetas
807 414 919 477 11111111-

114 480 245 543 dringentos
254 479 419 544 quinquaginta
427 518 434 541 ,
442 481 611 543 prophetasque
619 480 724 530 lucomm
734 484 919 547 quadringentos.

115 552 154 616 qui
170 552 292 602 comedunt
305 554 424 602 demensa
437 550 539 602 lezabel.
554 566 568 597 o
581 550 627 600 Sed
642 550 701 600 tales
715 558 788 603 erant
802 558 921 607 daemonum

115 624 223 675 cultores.
234 624 292 688 llrgo
302 624 389 674 uidetur
402 622 462 686 quod
473 622 542 674 etiam
554 622 568 673 1
578 623 724 674 demonibus
738 625 772 675 sit
788 628 868 693 aliqua
881 642 922 693 pro·

115 699 203 764 plnetia.

152 772 309 835 (ssoncmsro.
318 768 480 833 —Proplrelin
493 768 627 832 simpliciter
640 772 664 819 et
678 770 780 833 proprie
795 787 847 825 nou
860 775 923 839 aliquo

116 842 244 894 daemonum
259 841 397 902 ministerio,
415 840 455 893 sed
468 839 546 891 divini
558 840 698 891 revelatione
714 842 772 905 lit.)

148 916 283 980 despondeo
294 913 493 978 dicendum,qudd
506 913 565 963 sicut
574 911 643 979 cupri
654 913 748 963 dictum
759 920 801 966 est
811 918 863 983 (qu.
876 921 925 976 til,

117 990 159 1037 nrt.
171 990 215 1050 1),
230 986 347 1051 pmphetia
358 986 462 1049 importat
472 985 626 1048 cognitionem
637 986 766 1047 quamdam
780 992 866 1052 procul
876 991 926 1040 eris·

118 1062 202 1108 tentem
218 1057 231 1107 1
243 1058 372 1121 cognitione
386 1058 493 1106 humana.
513 1056 656 1106 Manifestum
673 1060 710 1105 est
724 1064 812 1109 autem
826 1061 887 1125 quiid
900 1062 927 1108 iu·

117 1129 222 1179 tellaclus
233 1129 356 1194 superioris
368 1127 454 1179 ordinis
468 1127 542 1193 aliqua
558 1140 695 1189 cognoscere
715 1134 804 1192 potest
819 1148 872 1196 qua
886 1140 927 1181 suut

118 1204 205 1250 remota
223 1199 381 1265 dcognitione
404 1200 534 1250 intellectis
552 1197 675 1249 interioris.
694 1198 777 1265 Supra
794 1204 928 1255 intellectum

118 1276 195 1322 111111
212 1274 334 1323 iurnauum
348 1276 438 1324 estnon
451 1270 524 1321 soldm
535 1270 667 1320 intellectus
678 1270 782 1323 divinus
793 1313 801 1334 ,
812 1278 856 1327 sed
868 1278 926 1326 otium

28 1338 33 1349 '
118 1344 248 1395 intellectus
261 1345 391 1408 angelorum
402 1344 512 1394 bonorum
527 1343 688 1402 etmalorum,
699 1346 843 1397 secundum
856 1355 927 1398 natus

118 1415 237 1466 ordinem:
251 1421 274 1467 et
283 1416 334 1466 ideo
348 1416 448 1479 quaedam
463 1417 603 1476 cognoscunt
614 1414 735 1465 demones
750 1418 928 1471 1111111111-
950 1433 952 1498 1

120 1487 186 1535 lurali
195 1487 334 1550 cognitione,
342 1500 391 1550 quae
401 1488 454 1535 suut
463 1488 549 1536 remoto
557 1483 715 1534 abdominum
724 1488 881 1551 cognitione,
890 1503 928 1554 qun

119 1561 217 1620 possunt
239 1557 368 1607 hominibus
392 1558 501 1607 revelare.
520 1554 659 1618 Simpliciter
683 1561 818 1611 autemst
840 1561 929 1612 1111111

120 1633 206 1678 remota
217 1632 271 1679 suut
285 1642 334 1692 qun
349 1628 410 1679 solus
423 1630 482 1679 Deus
494 1627 612 1691 cognoscit
622 1631 661 1677 :et
670 1626 725 1677 ideo
740 1636 875 1695 prophetin
889 1649 930 1699 prn-

119 1698 168 1763 prid
188 1703 211 1749 et
224 1700 356 1765 simpliciter
370 1702 441 1760 dicta,
456 1702 482 1751 lit
495 1714 536 1764 per
548 1700 619 1750 solam
634 1700 738 1750 11111111
755 1708 929 1758 revelationem.

17 1832 18 1843 χ
119 1768 163 1821 Sed
184 1770 234 1837 ipsa
249 1772 357 1823 revelatio
375 1774 435 1822 lucta
451 1786 491 1837 per
508 1772 625 1822 demones
642 1774 720 1834 potest
735 1777 876 1828 secundum
889 1779 930 1841 quil

120 1843 164 1893 dici
176 1844 312 1908 prophetia:
330 1846 389 1895 uude
402 1844 435 1893 illi
449 1844 532 1908 quilius
545 1843 631 1906 aliquid
648 1856 690 1906 per
704 1844 835 1899 daemones
850 1851 930 1901 rereli-

121 1918 169 1976 lur,
189 1929 234 1966 uon
257 1916 362 1967 dicuutur
383 1915 407 1966 in
425 1916 549 1979 scripturis
571 1915 701 1979 proplietoe
719 1916 882 1981 simpliciter,
900 1921 929 1971 sol

119 2000 171 2036 oum
190 1986 265 2051 aliqua
286 1988 413 2046 additione,
430 1987 486 2050 pull
504 1986 633 2051 propheto
652 1986 718 2049 fulci
736 1990 778 2038 vel
804 1996 930 2058 pmptelu

120 2058 262 2109 idolorum.
279 2062 345 2111 Unde
367 2059 521 2123 Augustinus,
542 2059 590 2109 llll.
611 2058 695 2122 Super
715 2059 813 2111 Gener.
839 2066 876 2113 nd
896 2065 929 2112 lu.

122 2130 180 2193 (cop.
193 2132 230 2191 19)
244 2148 250 2181 :
269 2130 347 2182 «Cium
356 2132 430 2182 malus
444 2131 539 2195 spiritus
553 2130 632 2195 arripit
644 2130 764 2180 homiuem
776 2133 804 2183 in
816 2136 930 2199 1111111-

119 2200 173 2251 licet
190 2202 267 2267 visu),
280 2206 320 2253 aut
338 2202 491 2255 demoniacos
507 2202 575 2265 lacit,
587 2206 625 2251 aut
645 2201 799 2267 arreptitios,
812 2212 857 2257 aut
869 2209 930 2257 falso:

119 2277 276 2340 prophetas.»

151 2348 184 2399 11
203 2348 299 2412 primum
321 2362 374 2413 ergo
390 2349 527 2410 dicendum,
546 2348 606 2413 quod
624 2347 776 2399 Cassiodorus
798 2352 837 2401 ini
856 2354 930 2403 diffinit

119 2420 261 2482 prophetiam
279 2418 368 2485 proprii
383 2424 407 2469 et
421 2420 553 2485 simpliciter
564 2420 655 2470 dictam.

152 2490 186 2540 lu
198 2493 323 2541 secundum
336 2492 472 2554 dicendum,
488 2492 547 2554 quiid
561 2493 677 2543 daemones
691 2504 719 2541 ea
730 2506 784 2554 quse
796 2494 878 2545 sciunt
891 2498 929 2545 lio-

120 2560 220 2611 minibus
235 2564 391 2626 manifestant,
404 2577 449 2613 uon
466 2564 557 2627 quidem
568 2577 608 2629 per
616 2562 816 2615 illuminationem
830 2568 929 2618 intoller-

121 2630 172 2693 tus,
187 2634 226 2682 sed
240 2647 282 2697 per
299 2635 398 2699 aliquam
410 2635 568 2697 imaginariam
579 2635 704 2699 visionem,
717 2638 843 2688 autetiam
858 2641 928 2689 seusi-

120 2700 194 2750 bililer
213 2704 370 2768 colloquendo.
388 2708 415 2757 Et
428 2708 453 2757 in
470 2709 515 2757 lroc
536 2708 612 2757 delicit
628 2708 750 2771 prophetia
770 2711 825 2760 hac
843 2712 927 2761 1111.

152 2771 183 2819 lo
200 2775 291 2823 lentium
307 2778 441 2840 dicendum,
457 2778 517 2843 qudd
530 2779 644 2841 aliquibus
656 2779 730 2841 signis
743 2782 818 2831 etiam
841 2784 927 2833 exterio·

119 2839 181 2888 ribus
195 2839 295 2893 discerni
313 2850 391 2909 polest
405 2850 528 2913 prophetia
544 2850 696 2901 demonumi
704 2854 834 2916 prophetia
847 2855 925 2905 diuina.
