1934 3284
107 168 154 218 tot
208 175 459 224 semronmaron,
476 175 570 222 onam.
585 173 690 223 manu,
706 170 762 211 aar.
779 173 808 213 u.

139 262 163 307 Ξ.
175 257 297 317 Pratema
308 253 388 304 uitium
402 251 499 316 capitale
509 251 607 313 adquam
618 249 814 315 principalitatem
829 250 920 302 halare

108 329 197 379 uidetur
214 327 239 376 in
252 327 339 374 ratione
353 323 447 389 peccati.
464 324 510 374 Sed
528 325 571 373 troc
587 335 634 372 non
652 323 763 386 competit
776 323 856 386 gulas
867 323 924 386 qnia

109 401 199 449 uidetur
219 410 269 448 esse
291 396 414 448 secundiam
434 410 501 445 suum
517 408 590 458 genus
608 395 730 443 minimum
753 399 923 458 peccatorum,

111 471 188 536 utpote
199 471 250 534 plus
261 470 446 533 appropinquans
459 469 489 518 ad
502 468 524 517 id
538 468 598 530 quod
608 469 646 517 est
658 464 786 516 secunddm
800 472 922 516 naturam.

112 545 171 606 Ergo
191 543 242 606 gula
257 557 302 592 non
317 543 471 591 videturesse
485 539 566 589 uiuum
576 537 684 602 capitale.

145 621 168 666 3.
183 618 301 676 Praeterea,
313 619 432 678 peccaturo
442 613 553 674 contingit
567 624 596 661 ex
608 612 651 660 troo
660 609 721 673 quod
733 611 822 675 aliqum
834 612 923 663 recedit

113 688 127 740 t
140 690 199 740 bono
213 689 324 749 honesto,
337 690 429 749 propter
441 684 525 748 aliquid
538 684 595 734 utile
609 684 719 746 prasenti
736 683 813 746 uite,
829 687 871 735 sel
885 687 927 736 de-

113 760 218 812 lectabile
232 758 318 810 sensui.
334 759 379 808 Sed
394 757 453 808 circa
465 757 526 808 bona
538 770 589 820 poe
602 757 688 806 trahent
703 754 824 806 rationem
846 758 925 818 utilis,

115 832 209 897 ponitur
222 846 293 882 unum
310 829 397 880 mutium
411 830 491 879 uitium
507 829 618 893 capitale,
636 828 725 878 scillcet
738 829 852 881 auaritia.
868 831 927 894 Ergo

117 909 140 956 et
161 905 219 964 circa
236 902 398 954 delectationes
414 902 506 952 uidetur
522 915 575 951 esse
594 899 726 966 ponendum
741 914 820 950 nnunr
838 902 929 952 mndata

116 977 198 1026 silitum
212 974 316 1038 ospitale.
328 973 421 1023 Ponitur
433 977 507 1022 antem
520 972 625 1034 lrrxuria,
634 985 684 1038 quae
698 975 735 1021 cst
745 973 827 1037 majus
843 975 925 1024 vitium

118 1049 186 1113 quim
199 1049 250 1112 gula
260 1083 268 1104 ,
280 1051 304 1097 et
317 1045 376 1096 circa
388 1049 485 1110 maiores
497 1046 667 1096 delectationes.
681 1045 740 1108 llrgo
754 1045 814 1108 gnta
830 1061 881 1098 non
895 1051 930 1097 est

119 1121 200 1172 uitium
214 1119 318 1183 capitale.

153 1193 196 1243 Sed
210 1196 288 1242 contra
303 1193 350 1253 est,
366 1189 427 1253 quod
443 1189 565 1252 Gregorius
580 1189 661 1240 lililll.
674 1187 782 1250 iterat,
805 1195 932 1255 computat

121 1264 197 1329 gulam
208 1264 268 1314 inter
282 1263 338 1315 uitia
348 1263 463 1326 capitalia.
472 1262 509 1313 Sic
524 1263 586 1311 enim
598 1262 622 1310 in
634 1275 687 1324 cap
701 1265 731 1310 tt
743 1261 782 1310 uel
795 1265 849 1312 ³1:
867 1281 883 1310 u
894 1264 931 1313 lli·

122 1337 204 1389 tiorum
223 1335 301 1399 regina
315 1335 421 1398 superbia
434 1332 487 1384 edm
498 1332 612 1384 devictum
627 1332 695 1396 pleni
704 1345 745 1382 cor
758 1335 863 1396 ceperit,
880 1340 932 1386 mor

123 1409 178 1458 illud
191 1413 276 1472 septem
290 1406 454 1470 principalibus
466 1406 531 1456 vitiis
542 1405 608 1468 quasi
621 1404 757 1468 quibusdam
770 1404 821 1456 suis
831 1407 930 1457 andrus

125 1479 289 1533 devastandum
309 1478 396 1528 tradit:
411 1478 476 1528 radix
491 1477 576 1542 quippe
593 1474 672 1526 capeti
683 1476 744 1536 ,mali
757 1479 872 1541 snperbia
886 1484 928 1530 est

126 1551 206 1600 Primo
221 1554 296 1600 autern
309 1549 398 1601 soboles
415 1550 465 1613 ejus
478 1548 610 1613 principalia
625 1550 713 1611 septem
727 1547 784 1598 vitia
796 1551 827 1600 de
842 1553 889 1602 trac
901 1553 932 1602 ni

126 1624 216 1672 rulenla
231 1621 305 1671 radice
321 1621 478 1685 proteruntur3
493 1620 583 1673 scilicet
594 1622 670 1671 inanis
682 1621 762 1684 gloria,
773 1621 874 1688 inuidia,
890 1627 931 1690 ira,

127 1693 220 1744 tristitia
242 1693 293 1755 (uel
306 1693 421 1757 acedia),
442 1694 531 1745 renuis
552 1693 665 1758 ingluvies
686 1694 740 1754 (nel
759 1696 851 1762 gula),
868 1699 932 1749 luxu

126 1767 171 1828 ria,
186 1770 252 1818 etc.»

163 1840 325 1905 (Cosmusro.
345 1839 483 1888 —Vitium
504 1839 581 1903 gulas,
599 1839 659 1904 quod
680 1840 741 1890 circa
765 1840 932 1896 delectationes

130 1913 204 1962 tactos
216 1911 276 1961 iuter
293 1924 372 1962 omnes
381 1911 509 1976 praecipuae
519 1915 631 1977 uersatur,
642 1911 779 1976 capitatione
791 1912 858 1966 uitiis
870 1918 932 1970 recti

130 1987 298 2034 annumeratur.
312 1985 321 2044 )

163 2056 298 2118 despondeo
312 2054 447 2117 dicendum,
461 2054 521 2118 qudd
541 2054 600 2105 sieut
617 2056 685 2120 sopr'a
698 2057 784 2108 dictum
799 2062 836 2110 est
851 2065 895 2125 (l,
911 2067 933 2128 t,

133 2141 172 2190 qu.
184 2130 222 2189 dl,
234 2131 276 2175 art.
289 2130 302 2176 t
312 2127 329 2190 l,
338 2125 418 2174 vitium
432 2125 527 2190 capitale
536 2125 626 2187 dicitur,
636 2142 664 2177 ex
673 2142 719 2192 quo
729 2130 774 2179 alia
784 2131 844 2182 uitia
854 2135 932 2184 oriun-

132 2201 169 2246 tur
190 2197 315 2249 secundom
335 2198 445 2248 rationem
466 2211 541 2248 causa
562 2199 652 2260 finalis,
667 2199 692 2250 in
712 2205 824 2263 qnantum
849 2205 936 2256 scilicet

134 2269 203 2319 habet
216 2269 284 2320 finem
300 2268 395 2319 multtum
411 2268 558 2332 appetibilem
578 2286 584 2320 :
599 2272 660 2321 unde
674 2273 767 2335 exejus
781 2273 936 2338 appetitulro

134 2339 209 2392 mines
224 2345 374 2405 provocantur
385 2339 539 2402 multipliciter
552 2342 582 2392 ad
594 2345 745 2406 peccandum.
754 2345 789 2393 lla
803 2347 847 2396 hoc
859 2353 934 2400 autern

135 2411 218 2474 aliquis
233 2413 284 2462 lluis
295 2409 396 2461 redditur
408 2409 505 2460 maltirm
518 2413 664 2477 appetibilis,
680 2413 741 2477 quod
753 2416 826 2467 natet
840 2419 937 2483 adquam

137 2481 165 2531 dc
186 2483 352 2534 conditionibus
372 2481 500 2544 felicitatis,
516 2499 567 2547 quae
587 2490 624 2536 est
640 2486 774 2537 naturaliter
796 2492 934 2554 appetionis.

137 2553 238 2604 Pertinet
246 2560 324 2606 autem
337 2553 365 2604 ad
382 2556 492 2605 rationem
508 2557 623 2608 felicitatis
634 2559 767 2622 delectatio,
777 2566 805 2610 nt
817 2566 881 2626 patet
892 2565 933 2614 inl

138 2628 162 2671 et
175 2624 204 2672 ll.
220 2626 303 2676 Etdic.
316 2627 345 2674 lit
355 2625 409 2676 ideo
423 2625 505 2674 vitium
515 2630 575 2689 gula
585 2631 646 2692 qood
655 2637 692 2680 est
701 2631 761 2681 circa
774 2633 934 2686 delectationes

138 2693 226 2770 taetris,
242 2711 292 2757 pue
306 2703 359 2746 sunt
372 2697 493 2761 praecipuae
510 2699 569 2751 inter
584 2700 657 2765 alias,
672 2704 836 2756 conuenienter
847 2709 937 2771 ponitur

141 2765 200 2810 inter
214 2765 268 2814 vitia
282 2767 394 2830 capitalia.

173 2833 206 2882 nd
218 2835 317 2898 primum
327 2851 380 2902 ergo
395 2840 534 2906 dicendum,
546 2843 607 2907 qndd
620 2843 671 2910 ipse
682 2847 750 2898 cibus
759 2849 877 2901 ordinatur
889 2853 935 2914 pai

142 2911 194 2960 dem
209 2911 236 2959 sd
251 2909 348 2976 aliquid,
360 2913 420 2972 sicul
431 2921 459 2970 ad
473 2921 551 2972 linem
561 2923 605 2974 Sed
617 2924 783 2987 quiaillellnis
793 2931 830 2978 est
840 2929 932 2982 mulne
959 2940 961 2955 ²
