1934 3284
345 233 376 270 os
391 232 460 271 runnu
474 234 572 276 uuonan.
813 232 860 281 515

55 308 136 373 glorib
153 324 166 357 ε
180 310 209 360 ln
222 321 285 361 sacra
298 308 367 359 etiam
380 310 494 374 Scriptura
505 310 644 375 promittitur
657 315 728 379 gloria
737 330 778 382 pro
789 317 857 371 bonis

55 380 180 444 operibus,
197 379 323 431 seountbm
336 378 392 430 illud
408 380 444 429 od
464 382 548 442 llum„
566 384 588 433 ll
606 400 612 433 ε
630 386 696 437 «llis
711 387 801 451 quidem
819 390 861 455 qui

55 451 181 503 mondum
194 450 329 515 patientiam
342 451 397 501 boui
408 452 497 516 operis,
507 453 602 517 gloriam
610 459 634 507 et
646 458 764 511 honorem.
775 476 789 508 o
800 461 858 527 Ergo

56 522 174 588 appetitus
194 522 270 587 glorie
287 536 335 575 non
348 526 383 574 εει
394 528 521 588 peecatum.
947 562 948 567 κ

85 600 109 645 a.
123 596 256 657 Ρεεειεεεε,
271 594 361 647 Τειιιεε
377 595 432 647 dicit
445 596 470 647 in
485 604 526 649 sua
544 598 623 657 fluet„
636 601 696 665 publ
712 604 861 667 «gloriaest

54 667 166 731 frequens
180 668 208 719 tle
217 667 292 731 ulique
301 669 362 719 fama
374 683 426 719 cum
437 670 512 721 laude.
521 686 535 718 n
544 671 572 721 lit
584 672 611 722 ad
624 672 683 724 idem
693 676 791 740 pertinet
800 680 860 744 quot

53 739 190 791 Ambrosius
202 739 258 790 dicit
273 738 334 803 qarbu
351 756 365 788 a
380 740 451 805 gloria
466 744 501 793 est
514 744 579 807 quasi
591 744 652 795 clara
669 760 722 797 oum
739 749 804 801 laude
817 764 859 803 no·

54 810 144 862 titia.»
161 811 207 862 Sed
229 814 337 877 appetere
357 812 492 864 laudabilem
512 815 595 866 lamam
608 830 655 869 non
673 822 709 869 εει
727 824 858 887 peccatum

53 882 160 947 quinimb
172 883 324 935 videturesse
338 884 464 948 laudabile,
475 887 599 939 secantium
610 888 665 939 illud
676 888 779 947 Erotes„
791 894 839 945 llll

55 974 69 1003 o
80 956 166 1007 Curam
179 955 249 1007 babet
261 956 291 1007 de
301 956 361 1008 bono
375 957 480 1020 nomine3
493 974 507 1006 n
519 960 587 1009 etad
601 962 683 1019 nom„
701 962 742 1014 llll
755 978 761 1013 ε
778 980 792 1012 u
805 966 859 1017 Pro·

54 1026 375 1090 utentesbona,nonsoli1m
389 1032 575 1093 obnuntiasset
587 1032 657 1083 etiam
666 1046 743 1085 soram
753 1035 859 1088 omnibus

54 1099 196 1151 bominibus.
208 1116 222 1148 n
237 1100 298 1163 Ergo
315 1100 429 1165 appetitos
442 1101 519 1153 mauis
530 1102 607 1165 gloria
619 1118 666 1156 non
680 1108 716 1157 εει
729 1109 856 1170 peceatum.

83 1172 131 1224 Sed
151 1176 234 1223 eontra
250 1175 301 1235 est,
316 1172 376 1236 quot
396 1173 536 1237 Augustinus
550 1174 606 1225 dicit
619 1176 648 1226 ll.
665 1176 703 1226 De
720 1177 799 1229 civit.
811 1180 859 1229 Dei

54 1242 64 1307 (
70 1254 127 1308 cap:
139 1243 187 1306 13)
200 1257 207 1293 :
220 1242 323 1294 «Sabim
337 1243 409 1305 videt,
422 1244 462 1307 qui
476 1249 500 1296 et
512 1258 612 1298 aurorem
624 1247 699 1300 lautis
709 1248 794 1299 vitium
807 1262 858 1303 osse

54 1314 212 1379 cognoscit.»

86 1388 250 1451 (Conctnsro.
269 1388 452 1453 -Quamquam
473 1386 555 1440 uitium
572 1402 618 1441 non
636 1390 665 1442 sit
681 1391 774 1456 gloriam
788 1404 858 1459 appe-

55 1462 115 1524 lare,
130 1462 251 1523 peecatum
265 1462 342 1510 umen
358 1463 394 1510 εει
409 1472 491 1511 nauem
503 1474 603 1525 quarere
616 1462 725 1527 gloriam;
740 1463 853 1533 videlieet,
947 1483 949 1491 ¹

54 1532 89 1581 vel
99 1532 130 1582 de
140 1542 169 1583 eo
182 1531 242 1595 quod
252 1544 298 1583 non
308 1534 356 1594 est,
366 1532 405 1583 vel
414 1532 442 1583 de
455 1545 483 1583 eo
497 1534 557 1599 quod
568 1548 614 1586 non
624 1538 659 1587 εει
669 1534 741 1600 glorit
754 1536 855 1604 dignum,

55 1602 90 1653 rel
107 1602 139 1653 de
156 1614 185 1653 eo
206 1605 265 1667 quod
283 1603 370 1669 judicio
388 1604 506 1656 bominum
525 1606 613 1657 aarum
628 1608 746 1672 laudatur,
761 1608 856 1673 gloriam

54 1675 200 1739 expetendo,
216 1676 252 1726 vel
265 1675 338 1741 ipsam
351 1676 445 1739 gloriam
454 1678 482 1727 ad
491 1677 559 1729 linem
571 1679 696 1731 indebitum
709 1681 857 1745 referendo.)

82 1746 223 1811 nesponueo
244 1747 378 1813 dicendum,
392 1746 452 1812 quid
465 1749 537 1813 gloria
552 1750 677 1803 olarltatem
693 1753 812 1814 quamdam
826 1753 858 1805 si-

54 1818 151 1879 gnifieat
162 1832 169 1868 a
182 1816 243 1869 uude
259 1818 379 1882 glorificari
389 1819 449 1870 idem
463 1824 499 1871 est
513 1823 571 1886 quod
586 1822 718 1884 clarificari,
729 1826 755 1873 ut
768 1826 857 1889 lngus-

53 1890 115 1942 tinus
137 1890 195 1942 tioit
208 1904 276 1956 super
288 1892 361 1942 loon.
378 1892 467 1956 (tract.
488 1897 534 1943 tut
548 1898 572 1944 ει
586 1898 631 1945 ιιι
640 1898 657 1959 ).
671 1894 765 1947 Claritas
780 1900 856 1951 auom
940 1892 950 1903 ”

54 1964 76 2011 ει
88 1964 159 2015 deoor
180 1962 300 2027 quamdam
323 1962 408 2013 babent
422 1962 628 2017 manifestationem
648 1980 654 2017 :
668 1969 692 2017 ει
706 1967 758 2019 ideo
771 1982 856 2020 nornen

54 2033 132 2097 glorias
149 2034 238 2099 proprie
252 2033 359 2098 importat
369 2033 578 2088 manifestationem
591 2036 688 2101 alieuius
704 2038 731 2088 de
743 2040 787 2090 boo
796 2042 856 2104 quod

54 2108 112 2170 apud
131 2105 239 2157 homines
252 2107 357 2157 deboram
370 2106 477 2168 videtur,
491 2106 540 2157 sine
554 2106 610 2157 illut
626 2109 655 2149 sit
675 2110 763 2165 munao,
774 2123 856 2175 eorpo-

54 2178 99 2229 rale
116 2177 224 2241 aliquod,
235 2176 284 2228 sive
301 2176 426 2242 spirituale.
437 2178 496 2237 Quia
509 2177 564 2231 verb
577 2178 632 2230 illud
647 2180 707 2243 quod
721 2168 855 2243 simpboitu'r
941 2242 950 2245 ,Ἴ

54 2250 140 2301 clarum
154 2253 203 2311 εει,
218 2246 323 2300 bmnltis
336 2248 440 2314 conspici
453 2252 543 2315 potest,
556 2249 719 2314 elimoniis,
733 2250 785 2303 ideo
799 2265 856 2317 pro-

54 2322 101 2383 prit
115 2334 158 2387 per
175 2334 259 2373 nomeu
273 2321 351 2387 glorie
364 2320 496 2385 designatui
507 2321 568 2387 qubd
581 2323 666 2374 bonum
679 2322 777 2387 alicujus
785 2324 856 2375 deve-

54 2393 101 2444 niat
114 2394 140 2445 in
154 2394 277 2445 multorum
291 2393 395 2446 notitiam
409 2397 433 2445 et
447 2395 647 2459 approbationem,
658 2393 782 2447 secundbm
794 2395 855 2460 qubd

54 2463 167 2517 Salustius
178 2464 233 2515 dicit
246 2464 269 2515 in
282 2464 448 2524 Cutilinorio,
463 2483 477 2515 a
490 2467 581 2531 gloriari
595 2467 624 2517 ad
637 2479 709 2517 nuum
722 2478 767 2518 non
780 2470 824 2518 est.
839 2484 853 2516 n

55 2536 149 2602 Largius
161 2539 237 2588 tamen
251 2541 345 2603 aooepto
357 2536 434 2601 gloria
448 2538 551 2601 nomine,
566 2551 612 2590 non
624 2536 697 2590 solim
711 2536 815 2590 consistit
829 2539 853 2591 in

55 2608 206 2660 multitudiuis
221 2609 366 2673 cognitione,
381 2610 419 2661 sed
433 2610 503 2660 etiam
517 2610 661 2675 paucorum!
670 2609 707 2661 vel
723 2608 803 2673 unius,
814 2613 856 2663 aut

54 2679 88 2729 sui
101 2680 189 2744 solius,
205 2681 259 2731 duur
272 2680 360 2732 scilicet
373 2680 456 2745 aliquis
469 2681 586 2746 proprium
599 2681 685 2733 bonum
699 2694 764 2733 suum
779 2682 855 2735 oonsi-

55 2750 131 2816 lerat,
147 2754 174 2801 ut
194 2750 288 2816 digamm
308 2752 383 2805 laude
406 2752 471 2812 Quod
494 2756 570 2805 autem
590 2752 671 2819 aliquis
687 2752 772 2805 bonum
787 2768 853 2805 suum

55 2826 174 2886 eognoscat
193 2828 218 2875 ει
230 2824 353 2889 approbet,
367 2838 414 2876 non
433 2827 469 2875 εει
487 2829 625 2889 peecatum:
642 2825 723 2877 unitur
736 2824 798 2877 enim
819 2826 855 2877 od

57 2896 126 2958 Gor,
137 2896 157 2946 ll
170 2911 177 2945 :
191 2896 261 2948 ullos
272 2900 405 2949 autemnon
419 2896 525 2960 spiritum
538 2896 609 2963 buius
620 2898 700 2951 munti
714 2898 854 2963 aesopimus,

55 2965 212 3032 nedspiritum
231 2968 313 3033 quiex
330 2968 597 3033 beoest3utseiamus
618 2968 754 3037 proibeo
772 2970 856 3021 donata
