1934 3284
124 166 173 225 ott
233 172 344 215 nonme
357 173 487 223 mcum,
499 172 595 219 offl-
611 172 681 225 sm,
695 171 752 211 aar.
771 173 808 213 m.

123 252 257 305 testationes
272 251 382 303 bonorum
395 250 538 303 sensibilium
557 253 581 301 et
602 250 663 301 circa
677 248 782 301 tristitias
800 263 829 301 ex
842 250 925 301 absen-
944 250 952 275 ·

123 324 157 377 tia
174 322 285 389 ejusmodi
301 323 412 375 bonorum
428 322 541 383 orientes,
559 325 585 373 ut
600 335 678 375 earum
692 320 830 373 moderatrix
846 335 925 373 sersa-

157 467 294 533 ltespondeo
302 467 423 520 dicendum
426 503 437 532 ,
446 465 507 531 qnbd
519 464 578 516 sicul
591 465 661 531 snprb
671 466 757 519 mlum
766 466 858 531 esttqm
871 471 926 530 iss,

127 542 171 590 art.
186 542 264 601 leil,
278 544 303 605 et
314 554 354 603 qn.
363 544 418 601 loo,
433 543 477 589 art.
492 538 528 602 l),
541 538 570 589 ad
580 538 689 589 volutem
702 538 810 589 moralem
825 540 926 603 pertinet

126 612 268 663 conservatio
278 611 333 663 boni
344 611 442 662 salionis
455 614 534 661 contra
541 609 659 675 passiones
668 608 750 661 rationi
759 616 924 675 repugnantes.

123 683 198 735 Holus
217 688 294 733 estem
307 681 439 747 mannum
456 682 538 732 anime
553 683 590 732 est
604 682 700 746 duplex,
716 681 825 745 utsupra
840 683 926 733 dictum

123 758 161 807 est
172 757 221 817 (l,
235 759 259 819 a,
271 769 311 819 qu.
323 758 365 818 st,
373 759 416 804 art.
426 753 471 816 s),
482 752 536 803 cum
545 754 574 805 de
582 752 726 817 passionibus
734 757 848 816 ageretur.
863 755 925 805 Unus

124 826 218 891 quidem
229 825 356 878 meandum
363 825 426 890 qnbd
435 825 550 890 appetitus
563 824 686 875 sensitiuus
695 824 840 889 prosequitur
853 826 926 875 seusi-

125 897 180 949 bilis
194 902 219 949 et
233 897 358 962 sorpomlsa
371 898 441 947 bons.
457 896 521 947 llius
535 900 611 947 aulem
631 894 754 946 secundum
768 894 830 961 qnbd
843 896 927 959 refugit

126 969 243 1021 sensibilia
259 974 283 1020 et
301 968 427 1033 corporalia
439 968 507 1019 mala.
521 968 610 1018 Primus
628 972 704 1019 summ
721 972 797 1019 motus
811 968 927 1032 appetitis

126 1042 233 1094 sensiliri
244 1039 359 1107 precipue
380 1045 492 1105 repugnat
504 1039 587 1091 rationi
596 1053 638 1105 per
648 1039 857 1091 immoderantiam.
871 1040 928 1090 Nam

126 1114 187 1165 bona
200 1114 354 1165 sensibiliaet
364 1111 490 1176 corporatio.
499 1110 623 1162 secundbm
633 1124 697 1162 susm
706 1112 807 1176 speciem
821 1111 929 1162 conside·

126 1190 176 1237 rate
187 1200 233 1237 non
247 1189 374 1251 repugnant
390 1184 487 1249 ralioni3
502 1185 541 1235 sed
555 1184 628 1246 magis
642 1184 744 1234 serviunt
757 1184 793 1245 ei,
806 1184 870 1235 sicam
881 1186 929 1234 ins·

126 1261 255 1320 usmeta,
272 1258 353 1322 quibos
365 1256 423 1307 ratio
435 1256 507 1306 utitur
519 1256 547 1306 ad
561 1255 746 1307 consecutionem
761 1256 850 1319 proprii
863 1258 925 1307 funis.

126 1330 248 1393 Repugnat
259 1330 368 1381 submisi
384 1327 500 1393 precipub
514 1327 639 1379 secundbm
652 1327 712 1393 qubd
724 1328 841 1392 appetitus
855 1330 929 1379 sensi-

128 1401 188 1451 tisus
200 1401 225 1451 in
238 1414 265 1451 ea
278 1402 354 1453 ondit
365 1413 412 1451 nou
425 1399 550 1450 secundum
567 1400 658 1451 modum
672 1400 767 1451 rationis
780 1416 786 1451 :
798 1404 821 1451 et
831 1402 884 1452 ideo
900 1402 928 1451 ad

127 1471 234 1523 rntubm
247 1474 354 1524 ruornlem
366 1472 466 1537 pertinet
475 1471 567 1536 proprib
578 1472 709 1537 hujusmodi
720 1472 840 1537 passiones
852 1475 929 1525 mode-

126 1543 384 1608 ruri„qua·importmt
398 1542 578 1608 prosecutionem
596 1544 659 1594 boni.
677 1544 751 1594 Motus
767 1548 845 1596 autem
859 1560 929 1611 appe·

126 1614 184 1665 lituis
191 1615 439 1680 sensitis-mingiends
448 1616 508 1665 mala
518 1615 643 1677 sensibilia,
652 1615 767 1681 precipue
777 1620 929 1668 contrariatur

127 1686 227 1746 rationi3
245 1699 292 1738 non
314 1688 405 1751 quidem
424 1684 549 1737 secundbm
571 1700 635 1737 suum
657 1686 868 1755 immoderantiam,
890 1690 929 1740 sed

128 1757 226 1808 maxime
238 1759 363 1810 mcundbm
378 1772 446 1810 sunm
463 1758 602 1821 discessum3
617 1764 686 1823 prout
698 1759 786 1811 scilicet
801 1762 885 1826 aliquis
895 1775 930 1811 re-

127 1830 237 1894 fugiendo
252 1834 312 1883 mals
325 1832 442 1883 sensibilia
456 1834 481 1881 et
497 1831 639 1895 corporalia,
653 1846 705 1896 quae
718 1832 834 1883 interdum
845 1846 930 1885 cunco-

130 1904 239 1955 mltnntnr
252 1907 335 1955 bonnm
345 1904 452 1966 radonis,
462 1916 503 1968 per
511 1916 652 1967 consequens
662 1904 759 1955 discedit
770 1904 798 1956 ab
810 1906 863 1970 ipso
873 1908 929 1959 bono

128 1976 239 2029 milonis:
252 1981 276 2027 el
286 1977 339 2028 ideo
352 1978 381 2027 ad
394 1978 501 2026 simulem
515 1975 622 2027 moralem
635 1977 747 2041 pertinet,
758 1976 783 2027 in
797 1978 928 2043 hujusmodi

129 2047 232 2098 discessu
241 2048 370 2098 drmitatem
378 2051 488 2112 praestare
499 2046 524 2097 in
534 2046 706 2099 honorationis.
718 2049 782 2098 Sicut
793 2063 849 2114 ergo
858 2051 928 2101 uirtus

129 2118 278 2181 tortitudinis,
285 2120 315 2170 ds
322 2120 389 2183 cujus
399 2119 489 2169 ratione
501 2122 537 2169 est
547 2118 673 2169 firmitatem
684 2131 804 2185 prestare,
816 2118 929 2186 precipue

129 2191 236 2243 condent
250 2192 311 2242 circa
324 2191 456 2259 passionem
472 2191 623 2255 pertinentem
642 2192 671 2241 ad
688 2192 765 2255 lugam
780 2194 928 2257 corporalium

129 2264 254 2326 malorum,
265 2265 353 2315 scilieet
365 2264 426 2313 circa
438 2264 559 2326 timorem;
574 2276 603 2315 ex
620 2264 768 2327 consequenti
781 2268 860 2315 autem
871 2266 928 2317 sirm

129 2337 246 2390 andaciam
252 2348 327 2399 ,nus
338 2335 466 2399 aggrsddur
476 2334 584 2385 terribilia
596 2334 638 2385 sub
652 2348 693 2399 spe
704 2335 802 2400 alicujus
814 2337 873 2389 boui
884 2336 928 2387 :ila

127 2407 197 2457 etiam
218 2406 449 2473 temporatimque
468 2405 576 2471 importat
593 2406 768 2457 moderationem
789 2410 909 2472 quamdam
918 2444 927 2471 ,

128 2478 240 2543 praecipue
260 2478 364 2529 consistit
383 2478 443 2528 circa
455 2478 575 2541 passiones
588 2478 709 2529 tendentes
719 2478 744 2529 in
757 2480 819 2529 bona
831 2480 926 2531 sensibi-

128 2546 167 2611 lia,
178 2549 264 2601 seilicet
275 2550 335 2600 sirm
345 2546 560 2614 consupiscentiam,
571 2553 596 2599 st
608 2548 779 2601 delectationem
792 2564 839 2601 :ex
849 2564 928 2603 conse-

128 2619 207 2685 quenti
216 2624 291 2671 autem
301 2621 363 2671 eirca
373 2619 486 2682 tristitias,
496 2634 547 2684 qus
557 2620 691 2685 contingunt
698 2634 727 2673 ex
736 2622 840 2673 absentia
849 2624 925 2673 talium

129 2688 311 2743 delectationum.
327 2693 386 2743 Nam
407 2691 467 2741 sium
484 2690 580 2742 audacia
592 2693 748 2757 praesupponit
760 2692 885 2755 terribilia,
898 2692 929 2743 ita

128 2759 199 2880 aigum
215 2760 306 2811 tristitia
321 2763 374 2814 talis
391 2764 499 2827 provenit
517 2776 546 2815 ex
558 2764 661 2815 absentia
674 2764 835 2830 predictorum
851 2766 928 2817 delec-

184 2843 249 2882 num.
816 2880 819 2887 .

63 2916 68 2924 ¹
161 2899 196 2951 sd
209 2900 309 2965 pmmum
325 2914 380 2966 ergo
399 2904 537 2971 dicendum,
550 2905 617 2975 subd
631 2905 693 2961 sico
709 2907 930 2975 repudiemus
