1934 3284
123 135 171 184 Μ
230 142 340 184 acorna
354 137 481 192 maon,
495 135 587 187 cunm.
603 137 690 191 mm,
706 138 765 181 aar.
782 141 820 182 rr.

124 218 285 285 nprh)‚qnhd
295 218 437 282 antiquando
444 217 538 282 spiritns
547 216 725 282 propheticum
735 215 924 285 presena'ungn

123 295 225 344 animum
239 289 412 355 prophetantis,
426 293 451 340 et
470 303 499 339 ex
520 289 595 339 lutuno
611 301 760 352 nequaqnam
778 293 873 356 tangit,
886 295 923 343 ali·

123 363 214 428 anndo
227 365 301 412 anum
313 375 341 412 ex
357 363 464 425 presenti
482 374 528 412 uon
541 359 797 424 monumentorum
816 365 919 428 tangito

124 437 176 486 non
191 447 246 498 ergo
264 435 375 498 propheta
395 433 510 498 cognoscit
522 432 598 484 omnia
609 434 789 497 prophetabitis.

153 507 317 572 (Cormnsro
331 533 362 544 -
371 504 429 554 cum
441 505 514 570 prima
525 505 610 556 ueritas
623 503 654 554 sit
666 503 811 568 principium
828 509 921 558 omniun

123 591 201 630 eorum
219 591 269 641 quae
286 575 417 641 prophetice
435 575 612 636 manifestantur,
626 588 672 626 nnn
695 580 790 640 oportet
805 580 923 643 Prophetis

124 650 202 701 omnia
214 648 379 713 prophetahiliu
396 652 450 698 nota
470 661 533 711 esse,
547 648 586 698 sed
602 646 691 698 tanthm
707 661 763 710 qnce
776 649 828 701 illis
842 665 883 714 per
897 652 923 700 di-

124 722 201 772 rinam
215 721 376 772 revolutionem
386 724 441 770 nota
451 720 517 769 hunt.

156 793 292 858 Respondeo
309 791 441 854 dicendum,
456 791 517 855 quhd
539 791 629 842 diversa
641 805 688 842 non
707 797 745 845 eet
761 805 864 844 necesse
881 807 923 844 esse

126 865 194 916 simul
208 865 253 916 nisi
273 867 363 929 propter
382 863 472 926 aliquod
488 876 559 912 unum
577 862 660 926 inquo
679 869 868 929 connectuntur,
883 865 926 916 eti

126 952 171 1002 quo
183 938 325 1001 dependent3
342 936 400 985 sicut
414 948 483 999 supra
494 935 624 986 dictumest
637 935 695 999 (qu.
711 939 753 997 65,
766 940 814 988 art.
828 943 877 988 set
888 939 925 998 3),

126 1008 185 1074 quhd
196 1009 291 1059 uirtutm
301 1021 380 1060 omnes
388 1020 481 1057 necesm
493 1009 587 1057 estesse
599 1006 665 1056 simul
676 1011 773 1070 propter
784 1010 927 1072 prudentiam

126 1083 163 1133 rel
184 1081 322 1132 churitatem.
342 1081 423 1130 Omnia
442 1082 517 1129 antem
538 1091 589 1141 qua
609 1091 650 1142 per
672 1078 767 1141 aliquod
791 1081 926 1146 principium

126 1157 304 1217 cognoscuntur,
323 1153 487 1202 connectuntur
504 1150 529 1200 in
549 1149 586 1200 illo
603 1147 729 1214 principio,
744 1156 771 1202 et
791 1154 822 1204 ah
840 1156 880 1205 illo
893 1156 928 1203 de·

125 1228 235 1293 pendent.
250 1228 277 1277 Et
288 1226 339 1277 ideo
352 1225 392 1290 qui
404 1225 520 1290 cognoscit
536 1223 636 1289 perloctd
649 1225 794 1288 principium
804 1228 927 1278 secnndhn

126 1302 196 1349 totam
217 1299 268 1362 ejus
287 1299 407 1363 uirtutem,
421 1298 489 1348 simul
507 1295 623 1359 cognoscit
644 1295 722 1346 omnia
741 1311 798 1360 quoe
812 1311 859 1362 per
881 1300 927 1348 ilud

125 1371 263 1435 principium
274 1375 448 1434 cognoscuntur.
464 1372 567 1434 ignorato
586 1371 660 1418 aulem
680 1370 802 1419 communi
819 1371 927 1434 principio
954 1385 955 1390 ¹

126 1443 164 1494 rel
177 1443 325 1494 communiter
334 1445 493 1508 apprehenso,
507 1440 568 1490 nulla
582 1439 705 1491 necessitas
721 1445 758 1490 est
772 1442 848 1492 simul
862 1442 929 1494 omnia

126 1515 294 1578 cognoscendi,
308 1516 348 1566 sed
365 1515 542 1579 unumquodque
561 1525 638 1564 eorum
652 1526 693 1577 per
705 1526 732 1563 so
750 1519 851 1578 oportet
864 1515 929 1565 mani·

125 1585 218 1648 tostam
236 1590 259 1637 et
272 1599 312 1650 per
327 1599 471 1648 consequens
487 1587 560 1650 aliqua
575 1597 652 1636 eorum
667 1589 768 1650 possunt
779 1589 901 1651 cognosci,
911 1593 928 1636 et

126 1658 170 1709 alia
182 1672 228 1710 non
237 1660 353 1722 cognosci.
365 1659 505 1724 Principium
514 1662 592 1709 nutem
603 1671 682 1708 eorum
691 1672 743 1722 quae
755 1658 841 1711 divino
850 1662 929 1712 lumine

126 1731 260 1795 prophetice
276 1731 457 1794 manifestantur,
470 1735 506 1782 est
528 1731 577 1797 ipsa
595 1730 681 1781 ueritas
695 1729 785 1794 prima,
801 1746 876 1796 quam
889 1746 929 1798 pro

14 1794 16 1801 '
107 1804 203 1867 ‘phetae
216 1803 240 1853 in
253 1803 329 1868 seipsa
344 1817 391 1854 non
406 1805 486 1854 uident
501 1817 507 1852 ε
522 1803 604 1854 etideo
616 1815 662 1853 non
673 1806 765 1866 oportet
779 1805 846 1870 qnhd
861 1805 929 1857 omnia

127 1875 290 1940 prophetahilia
303 1880 443 1940 cognoscant
453 1892 460 1926 z
472 1877 513 1926 sed
522 1875 617 1939 quilibet
630 1887 709 1925 eorum
722 1877 890 1938 cognoscitur
903 1879 930 1927 eis

128 1947 205 2011 aliqua
218 1947 343 1998 secundum
357 1948 478 2012 specialem
498 1945 657 1998 revelationem
670 1946 742 2010 hujus
761 1949 802 1998 rel
815 1948 882 2000 illius
894 1949 928 1998 rei.

160 2021 192 2070 hd
206 2020 304 2085 primum
315 2032 369 2084 ergo
382 2020 516 2082 dicendum,
529 2018 589 2083 qndd
600 2019 710 2080 hominus
722 2019 804 2069 omniu
819 2035 874 2083 qnae
886 2025 930 2071 sunl

99 2111 105 2121 ·
128 2091 254 2142 necessaria
267 2092 295 2142 ad
309 2091 481 2142 instructionem
496 2091 568 2142 hdohs
579 2090 671 2155 populi,
683 2090 772 2140 revelat
787 2093 927 2157 Prophetis:

128 2165 268 2213 nontamen
289 2162 365 2212 omnia
383 2162 503 2226 omn-ihus,
519 2163 558 2212 sed
576 2161 677 2226 quaedam
696 2160 751 2223 uni,
762 2164 875 2226 quiedam
889 2161 929 2212 alii

160 2233 193 2283 hd
206 2232 332 2284 secundum
347 2233 481 2297 dicendum,
493 2233 554 2296 quod
567 2233 686 2296 prophetia
699 2234 735 2281 est
748 2233 813 2283 sicut
828 2235 929 2298 quiddam

128 2303 285 2368 imperiectum
303 2305 328 2355 in
343 2319 428 2369 genere
445 2305 528 2356 dirinae
541 2303 688 2355 revelationis
703 2318 709 2352 :
727 2305 791 2354 unde
809 2306 896 2356 dicitur
912 2308 928 2354 l.

128 2376 164 2426 od
178 2377 248 2432 Gor„
261 2377 325 2438 lllll,
341 2374 402 2440 quod
418 2394 432 2426 ι(
447 2377 573 2442 prophetie
592 2376 777 2434 eraouahuutnr;
795 2393 812 2424 u
828 2382 853 2428 et
876 2378 929 2442 qu'od

129 2463 144 2493 c
156 2459 185 2496 er
199 2453 263 2510 parte
275 2449 445 2512 prophetamus,
456 2465 470 2496 n
483 2450 506 2498 id
519 2452 564 2511 est,
577 2447 718 2511 imperfecte.
728 2447 849 2502 Perlectlo
860 2455 929 2501 entem

128 2516 211 2567 divine
223 2518 369 2570 revelationis
379 2519 422 2570 erit
432 2519 456 2569 in
467 2519 557 2584 patria:
571 2520 631 2570 unde
645 2519 751 2569 subditur
769 2533 775 2567 r
787 2536 801 2568 u
817 2519 876 2571 Clam
893 2533 927 2571 ve·

129 2586 188 2634 uerit
205 2590 265 2649 quod
281 2589 405 2652 perlectum
423 2594 475 2649 ent,
491 2591 636 2640 evacuabitur
649 2590 709 2653 qnod
728 2596 842 2656 exparte
860 2597 926 2644 estu

130 2655 194 2703 lJnde
207 2670 253 2706 uon
266 2663 354 2722 oportet
366 2658 427 2722 quhd
439 2661 578 2726 prophetice
592 2659 726 2712 revelationi
740 2661 802 2712 nihil
817 2663 886 2727 desit,
895 2664 927 2713 sel

129 2721 190 2783 qudd
201 2725 260 2775 nihil
271 2728 330 2779 desit
340 2742 417 2780 eorum
431 2733 458 2783 ad
473 2746 523 2796 qne
538 2731 654 2798 prophetia
666 2731 794 2782 ordinatur.

141 2796 146 2868 ¹·
160 2792 194 2840 hd
208 2795 299 2846 tertium
311 2799 446 2865 dicendum,-
465 2803 526 2866 quhd
546 2803 584 2854 ille
598 2802 638 2867 qui
650 2803 718 2853 hahet
734 2804 840 2867 aliquam
858 2806 921 2856 scien·

129 2861 202 2921 illm,
216 2868 333 2926 wssnoscit
355 2870 465 2937 principia
484 2872 547 2924 illius
568 2873 687 2937 scientio,
702 2883 731 2924 ex
751 2874 924 2938 quibuscum
