1934 3284
302 184 335 223 uu
350 182 556 225 mammam.
780 176 825 227 tot

28 262 98 315 linem
118 260 567 325 firmmmtiaeamueessrgoildueia
584 266 732 330 aitqumdam
750 266 824 319 uirtua

28 334 137 386 diruneta
147 332 161 383 l
171 332 377 398 magnanimitate:
392 335 452 399 qued
469 334 539 385 etiam
555 334 644 389 ridetur
656 350 696 402 per
708 340 753 391 hoe
765 338 826 403 qnod

29 405 157 458 rtaerelriue
170 417 220 456 eam
233 405 415 469 magnanimitati
422 406 546 458 mndiuidit
557 407 566 472 (
576 411 602 458 nt
615 408 704 473 sopri).

58 479 105 530 Sed
119 479 200 529 eontra
212 477 262 541 eut,
274 475 335 540 quod
350 476 438 528 imitus
453 477 478 528 iu
493 490 534 529 ma
547 479 625 536 lieth„
639 479 729 532 ridetur
739 494 827 547 ponere

27 551 155 614 fiduciam
165 549 217 600 lom
230 550 469 613 magrmrrimitntie,
480 554 507 601 nt
518 550 587 615 mprt
599 550 682 603 dirim
692 556 737 604 eat.

59 622 220 687 (conanum.
228 646 260 659 -
267 619 369 683 mmm,
376 620 431 673 eim
439 619 507 673 rdeur
519 622 630 686 quoddam
644 624 694 689 spei
708 624 762 676 loni
775 636 829 677 oon-

28 692 141 759 sequendi
152 692 274 757 importat,
287 692 317 743 ad
332 693 542 757 magnanimitatem
555 696 650 759 spectat.
663 694 673 760 )

58 765 198 831 Respondet>
209 762 345 827 dicendum,
357 764 418 828 qnod
431 778 516 817 nemen
526 764 614 817 fiducie
627 780 657 818 ex
668 768 712 819 lide
722 780 828 834 aerump-

28 842 77 889 tum
89 847 145 888 aeae
157 834 257 887 uidetur.
272 836 308 887 ad
319 836 387 887 fldem
404 841 482 889 numm
500 837 614 903 pertinet,
626 837 711 903 aliquid
726 842 750 890 et
763 840 830 891 alieni

27 910 130 960 eredere.
150 907 253 958 Pertinet
275 910 351 958 autern
370 908 451 959 dduria
474 910 603 974 adipem,
625 908 750 961 eemndim
772 909 829 962 illud

27 981 85 1042 lob,
99 980 132 1031 xi
149 994 156 1029 :
173 978 294 1029 «limbis
306 978 411 1029 fidutiam
419 980 537 1045 proposita
550 979 592 1031 tii
600 992 650 1046 epe3
665 984 717 1031 »et
723 980 775 1033 ideo
786 994 829 1032 no·

28 1066 83 1104 men
99 1050 191 1103 trude
203 1052 248 1103 hoe
260 1049 415 1115 principaliter
427 1051 555 1115 uignilloere
564 1051 663 1114 uidetur,
673 1052 733 1116 quid
748 1052 830 1116 eliquit

28 1139 94 1189 spern
111 1123 228 1187 eonnipiat
243 1136 275 1173 ex
291 1124 336 1174 hoe
349 1122 410 1187 quod
426 1123 499 1174 eredit
511 1123 587 1175 uerbis
602 1122 698 1189 alieujm
719 1123 827 1175 auxilinm

28 1193 196 1260 pmmittentie.
214 1193 260 1245 sed
272 1194 327 1259 quia
340 1194 397 1246 idea
416 1195 485 1246 etiam
502 1195 583 1246 dieitur
601 1195 678 1260 opinio
691 1197 827 1261 uehemens,

29 1267 146 1331 contingit
157 1269 235 1317 autem
245 1265 331 1331 aliquid
345 1267 495 1317 veliementer
509 1266 598 1331 opinari
612 1281 659 1319 uon
672 1266 745 1319 solim
758 1280 787 1319 ex
803 1280 831 1320 eu

28 1336 764 1403 qumemmadodiemnmedemmexnoequmestinnio
777 1352 830 1390 eon·

30 1412 170 1474 sideratum3
185 1408 240 1459 inde
249 1410 286 1459 eet
298 1408 360 1473 quod
368 1408 451 1459 tidueia
461 1409 532 1460 etiam
541 1412 618 1475 potest
626 1410 678 1473 diei,
693 1424 737 1476 qua
748 1410 830 1476 aliquia

31 1496 96 1547 spem
110 1480 210 1545 alicujus
222 1480 256 1531 rei
268 1480 368 1544 uoneipit
385 1494 416 1531 ex
433 1480 508 1543 aliquo
522 1480 680 1547 mnaidemtoq
696 1484 829 1549 quandoque

30 1555 124 1619 quidem
134 1553 161 1603 in
172 1551 249 1617 eeipro
259 1550 332 1617 (puta,
343 1550 396 1601 eim
407 1551 492 1616 aliqmr
504 1552 584 1605 videm
596 1566 621 1605 re
634 1566 727 1619 renum,
738 1544 831 1607 mnlldit

32 1642 55 1679 ee
67 1627 111 1680 diu
121 1623 272 1689 vieturnm);
286 1624 420 1689 quandoque
439 1628 517 1675 eutem
534 1624 560 1675 in
573 1624 635 1689 alio,
651 1627 706 1692 puta
719 1627 771 1679 cim
789 1626 832 1678 alt·

31 1700 80 1762 quis
94 1696 245 1749 uoneiderane
257 1695 327 1746 alium
339 1696 437 1747 amicum
455 1710 521 1747 enum
538 1709 590 1748 esee
603 1700 761 1763 etpetentem,
774 1697 831 1749 lida-

31 1772 88 1821 ciem
106 1769 176 1827 halet
189 1766 332 1832 adinveniri
350 1780 388 1819 eo.
401 1768 490 1819 liietum
510 1772 546 1820 eet
561 1772 636 1821 autem
650 1769 719 1835 snpra
734 1771 787 1837 (art.
800 1774 831 1834 1,

31 1843 102 1906 eda),
109 1838 171 1905 quod
179 1838 451 1905 magnanimilaeproprid
460 1843 497 1891 ert
506 1840 565 1891 eima
575 1854 638 1906 spem
649 1841 744 1907 alimjue
753 1842 830 1893 ardui:

32 1919 52 1965 et
64 1914 121 1966 ideo
134 1910 189 1976 qnia
201 1910 283 1962 lidueie
295 1911 403 1976 importat
418 1912 530 1975 quoddam
543 1912 684 1979 memmei,
696 1913 832 1979 provenient

32 2000 57 2037 er
71 1984 153 2048 aliqua
166 1981 346 2034 eoneideratione
357 1994 409 2046 que
420 1982 477 2033 iacit
492 1984 650 2035 uehementem
660 1985 792 2049 opinionem
803 1986 831 2036 de

32 2059 90 2109 bono
109 2053 273 2119 aerequend03
289 2052 343 2105 inde
356 2057 393 2105 ert
406 2052 469 2119 quid
486 2054 567 2106 iduria
582 2055 611 2106 ad
626 2055 833 2121 magnanimitatem

32 2144 97 2252 peld
112 2198 212 2264 primum
224 2210 279 2261 ergo
290 2197 423 2262 dicendum,
433 2196 494 2263 quid
502 2198 560 2249 siout
571 2198 722 2264 Philosophi·
736 2198 791 2250 dicit
807 2199 832 2249 in

33 2275 67 2325 lv,
78 2272 168 2324 Ettr’e.
184 2270 225 2333 (nt
237 2268 334 2334 euprl),
349 2270 401 2321 aad
417 2269 585 2335 magnanimum
604 2270 703 2335 pertinet
719 2270 781 2322 nulo
794 2270 831 2321 in-

35 2346 111 2411 digere
121 2358 156 2406 ‚a
172 2340 227 2407 qnia
241 2342 287 2393 luen
299 2341 424 2396 delmenia
438 2346 482 2393 eet.
503 2342 551 2393 lieo
562 2344 639 2395 terum
654 2342 720 2394 dehet
733 2340 831 2405 intelligi

37 2414 164 2469 seeunddm
178 2412 271 2464 modum
288 2412 411 2463 numanum
425 2428 431 2463 ε
447 2413 507 2465 unde
525 2414 601 2474 addit,
612 2413 651 2463 vel
663 2416 718 2465 vim.
733 2414 782 2466 Hoc
800 2417 837 2465 est

37 2488 99 2539 enim
112 2496 183 2551 eupra
200 2483 326 2546 nominem,
335 2488 363 2535 ut
373 2484 467 2538 omnino
480 2484 542 2536 nullo
557 2484 665 2549 indigeat.
674 2484 763 2549 lndigei
773 2484 834 2536 enim

36 2559 110 2610 onnia
126 2554 299 2621 homo,primi
317 2556 411 2620 quidem
428 2555 507 2607 diuino
523 2555 621 2621 auxili03
638 2556 738 2608 seeundo
760 2560 837 2608 antem

37 2632 102 2681 edam
122 2626 209 2680 auxilio
228 2628 342 2692 humanm
357 2628 411 2692 quie
431 2629 500 2679 homo
518 2631 584 2678 estu
605 2627 737 2679 naturaliter
755 2628 838 2681 animal

36 2702 119 2754 sociale
131 2699 193 2766 (liu.
208 2699 227 2749 l.
241 2698 330 2754 Petit,
342 2711 395 2764 eap.
407 2701 453 2763 a),
463 2711 492 2750 en
501 2696 561 2761 quon
574 2697 618 2749 aiii
634 2712 681 2750 non
703 2698 788 2750 suffieit
807 2700 836 2751 ad

37 2772 113 2823 utam.
127 2773 156 2830 lp
174 2771 285 2835 quantun
303 2782 358 2833 ergo
381 2769 469 2833 indiget
486 2767 551 2832 aliie,
565 2769 597 2821 eie
618 2770 645 2820 ad
669 2769 837 2834 magnanimum

38 2845 136 2908 pertinet
146 2847 174 2895 ut
185 2843 269 2895 haheat
280 2841 384 2894 fidutiam
397 2842 426 2893 de
436 2841 488 2893 aliia
498 2856 505 2905 3
516 2840 570 2905 quie
583 2842 627 2893 hoe
638 2840 705 2893 etiam
719 2842 747 2893 ad
758 2840 835 2891 exrel-

40 2915 130 2969 lentiam
146 2914 248 2968 dominia
261 2913 360 2980 putrer
376 2912 441 2977 qued
460 2912 545 2965 nahem
564 2912 620 2967 elim
635 2912 662 2967 iu
676 2915 782 2980 promptu
795 2910 835 2976 qui
