1934 3284
109 149 161 200 eto
218 153 329 204 mouson
344 153 470 208 munus,
485 151 580 203 onum.
594 154 678 206 οων,
694 154 751 196 mr.
763 157 807 196 un.

112 233 191 297 nent,
211 233 269 286 deut
285 234 357 283 honor
372 232 479 296 importet
489 231 646 284 testimonium
659 233 775 298 quoddum
791 234 822 285 de
835 234 910 286 erret·

111 306 180 358 lentie
190 305 317 369 alicnjnset
325 303 672 368 precipuequuestseuuueun
678 305 913 367 montemtremitum

111 377 256 444 opprobrium
267 375 333 440 cujus
344 375 411 426 timor
422 375 620 439 meserecordia,
634 377 744 442 importat
754 374 912 430 testimonium

110 452 139 502 de
152 449 242 500 deiectu
257 447 367 511 aiicujus,
382 449 406 496 et
420 445 535 511 precipue
556 447 679 498 secundum
698 447 798 515 utiquam
813 450 912 514 culpem.

110 521 139 572 Et
157 519 208 570 ideo
229 517 313 583 quenti
331 517 489 568 testimoninm
506 517 602 583 dionius
617 522 734 584 reputetur
748 519 844 584 majoris
856 535 914 585 pun·

111 590 184 654 deris,
201 589 263 641 tenid
277 590 304 640 rb
319 603 346 641 eo
362 589 444 654 uliquis
457 588 529 653 magis
549 591 722 641 verecundatur.
739 592 820 642 Potest
839 595 913 642 numm

111 661 266 714 testimoninm
287 661 377 726 aliquod
393 661 487 722 majoris
503 660 612 725 ponderis
632 662 749 726 reputari,
766 663 803 714 vel
824 667 915 728 propter

112 735 164 799 ejus
180 733 341 785 certitudinem
359 731 475 797 vertutis,
494 731 532 784 vel
551 730 647 798 'propter
665 734 779 784 eflectum.
798 735 914 786 Certitudo

114 811 189 858 summ
203 805 308 858 veritatis
329 805 393 855 ndest
411 804 543 855 testimonio
561 804 671 870 ancujus,
684 810 779 870 propter
795 807 849 858 dno.
865 809 914 858 Uno

114 880 207 945 qudem
224 877 291 930 modo
303 879 396 942 propter
409 875 567 929 rectitudinem
578 876 675 942 iudicii,
684 877 744 928 mont
763 883 827 943 putet
841 879 870 930 de
881 893 915 930 sa·

49 993 55 1000 .
115 951 229 1017 pientinus
241 954 264 1000 et
272 949 381 1000 virtuosis
394 947 500 1012 equibus
510 949 579 998 homo
590 952 615 999 et
630 949 703 1013 megin
716 949 833 1002 desideret
842 951 915 1002 hono
944 1002 945 1005 ,

117 1023 178 1084 rari,
192 1026 216 1073 et
232 1020 304 1086 meris
318 1019 485 1072 verecundatur
500 1034 506 1069 ε
522 1020 583 1072 unde
596 1019 610 1070 i
622 1020 701 1084 pueris
713 1023 737 1071 et
748 1021 830 1072 bestiis
841 1022 916 1073 nultus
944 1015 946 1047 ³

116 1096 283 1150 verecundatur
302 1097 395 1158 propter
413 1091 530 1143 deiectum
550 1093 608 1142 recti
620 1091 701 1156 judicii
721 1092 762 1156 qui
773 1096 812 1144 est
829 1093 855 1143 in
873 1094 914 1144 eis.

118 1170 168 1220 Atio
182 1167 261 1227 modo,
275 1167 367 1230 propter
377 1163 530 1227 coguitionem
541 1175 622 1214 eornrn
632 1164 660 1214 de
671 1163 755 1228 quibus
765 1168 803 1214 est
813 1165 916 1216 testimo·

118 1241 197 1300 niurn,
211 1237 263 1302 quin
281 1233 435 1300 unusquisque
453 1234 512 1286 bend
524 1234 676 1300 judicatque
692 1235 812 1298 conuenit
826 1252 833 1286 :
849 1240 873 1288 et
886 1237 915 1288 sir

117 1311 191 1378 mepis
208 1309 386 1362 verecundamur
398 1307 412 1358 i
422 1307 527 1370 personis
539 1307 745 1372 conjuncteque
763 1307 826 1358 tuctu
840 1313 914 1360 nostra

118 1385 190 1450 magis
201 1382 363 1445 ¹considerent3
377 1379 390 1430 i
406 1379 533 1444 peregrinio
546 1383 623 1430 unum
639 1382 665 1430 et
674 1379 768 1430 omnino
777 1379 878 1446 motis,
892 1382 916 1434 td
945 1406 946 1447 3

118 1469 176 1522 qnos
185 1456 245 1504 tumn
260 1456 338 1504 nostru
351 1464 398 1502 non
413 1450 561 1516 perveniunt,
574 1452 637 1502 nullo
646 1451 713 1503 modo
723 1454 912 1504 verecundemur.
945 1478 946 1481 =

119 1529 154 1580 Ex
169 1527 250 1578 menn
270 1528 345 1576 numm
364 1527 399 1574 est
421 1523 512 1587 aliquod
529 1523 687 1574 testimouium
704 1523 782 1587 magni
800 1525 915 1587 ponderis,

119 1601 210 1664 propter
229 1598 388 1662 juvamentum
403 1595 443 1648 vel
457 1599 618 1646 nocumentum
632 1595 660 1651 ab
676 1608 704 1646 oo
716 1596 858 1659 proveniens
877 1599 918 1650 :et

120 1671 174 1722 ideo
186 1669 259 1733 megin
273 1667 402 1720 desiderent
411 1667 632 1718 hominesironorsri
643 1666 671 1717 ab
682 1666 721 1717 tris
729 1665 769 1729 qui
777 1673 873 1732 possunt
881 1682 916 1720 eos
946 1708 947 1741 p

118 1743 212 1808 juvere,
224 1744 247 1792 et
268 1739 342 1802 magis
359 1740 540 1790 verecundantur
557 1739 586 1789 ab
604 1738 642 1790 tris
657 1738 697 1801 qui
713 1743 812 1802 possunt
825 1753 912 1792 nouere
946 1758 947 1805 ι

120 1813 150 1864 Et
162 1813 215 1864 inde
233 1811 300 1864 etiam
316 1814 369 1872 est,
383 1810 443 1874 quid
458 1814 568 1875 quartum
581 1811 611 1862 nd
625 1809 710 1874 aliquid
724 1809 916 1874 magisverecun·

121 1883 332 1949 dunndpersonis
350 1883 491 1947 conjunctis,
503 1897 554 1933 cnm
569 1882 651 1947 quitus
669 1894 760 1948 semper
774 1895 856 1934 sumus
868 1898 917 1936 con

121 1957 246 2022 versatum,
261 1955 325 2022 qnasi
339 1969 367 2006 ex
380 1957 424 2008 lruc
436 1955 503 2008 nohis
514 1958 649 2020 perpetuum
665 1954 784 2020 proveniet
797 1955 916 2008 detrimen-

122 2034 180 2082 tum.
195 2031 258 2090 Quod
268 2033 344 2080 nutem
353 2027 458 2092 provenit
468 2028 482 2079 i
492 2027 621 2093 peregrinis
632 2031 656 2078 et
664 2029 846 2091 mmeuutinus,
856 2024 917 2095 pund

122 2101 168 2154 citd
181 2100 312 2167 pertransit.

153 2176 187 2226 nd
204 2173 303 2239 primum
322 2185 375 2238 ergo
390 2171 526 2233 dicendum,
536 2170 596 2236 qudd
610 2171 693 2222 similis
712 2170 772 2223 tutio
782 2176 821 2224 est
832 2177 917 2240 propter

123 2261 191 2312 quem
203 2245 383 2298 verecundamur
397 2245 425 2296 de
443 2243 575 2296 melioribus
587 2246 611 2295 et
630 2243 704 2308 magis
716 2243 860 2310 conjunctis,
869 2245 917 2311 qun

123 2319 182 2371 siem
201 2317 319 2368 meliorum
336 2316 494 2368 testimonium
510 2318 627 2381 reputatur
642 2315 716 2380 magis
734 2315 816 2366 efficax
831 2321 917 2382 propter

123 2391 276 2442 universatem
291 2388 443 2452 cognitionem
457 2402 525 2453 quam
543 2389 629 2440 hubent
640 2389 669 2440 de
684 2389 767 2447 rebus,
780 2393 804 2439 et
816 2388 918 2440 innun-

123 2462 191 2514 bilem
204 2461 340 2512 sententium
352 2459 482 2522 iventute,
491 2461 523 2511 ite
536 2461 603 2512 etiarn
616 2459 760 2511 familiarium
774 2472 916 2524 personarum

123 2533 277 2584 testimouium
287 2533 377 2585 videtur
390 2533 461 2597 magis
471 2531 553 2584 efflmx
563 2536 657 2597 propter
671 2533 717 2585 troc
728 2531 783 2597 quin
797 2533 871 2598 magis
883 2547 916 2583 ro

124 2607 236 2667 promunt
244 2603 386 2669 particularis
400 2617 450 2668 qne
464 2604 524 2654 sirm
534 2617 578 2656 nos
591 2607 655 2655 sunt.

155 2675 189 2724 td
205 2675 330 2726 seeundum
343 2675 476 2738 dicendum,
487 2675 548 2740 quod
562 2675 718 2728 testimonium
728 2687 807 2725 eorum
815 2675 857 2740 oni
869 2676 917 2725 sunt

125 2743 192 2797 nobis
210 2746 327 2808 conjuncti
346 2746 533 2800 insimilitudine
555 2747 658 2812 peneum,
672 2759 720 2800 non
736 2746 916 2804 retormidtmus.

125 2815 178 2938 pariis
190 2827 238 2938 ¹niun
250 2816 386 2870 estimnmne
398 2819 459 2885 qnod
472 2821 585 2876 detectum
597 2824 701 2873 nonum
713 2821 884 2887 apprehendunt
893 2820 915 2869 nt

158 2901 197 2954 qur
227 2889 303 2952 turpe.
