1934 3284
299 189 330 226 nn
344 188 481 228 numnis
496 191 615 230 rnsrnrru
810 183 856 232 tte

65 263 86 381 tsn
97 277 153 315 reru
163 264 282 328 rebgiouc,
293 267 402 334 quantum
414 268 443 316 ad
460 266 595 318 cnmrbrem
608 267 649 320 bei
663 269 750 320 neritum
762 272 854 335 attinet,

73 335 216 400 nodaretur.)

91 408 227 472 despondeo
236 409 369 472 dicendum,
380 409 440 473 qubd
452 409 545 460 remotis
557 410 726 475 impedimentis
734 427 794 466 rere
803 417 856 467 reli-

62 479 132 540 gionis
140 493 181 544 per
194 480 292 544 primum
303 485 327 531 et
338 483 461 531 secondum
473 485 615 546 preceptum
632 484 741 548 decalogi,
754 489 855 551 utsupra

62 548 188 602 dictumest
199 553 253 616 (art.
262 557 278 600 a
287 555 311 603 el
321 551 366 615 tl,
379 566 521 617 consequens
530 553 575 603 init
584 561 610 604 ut
619 556 709 605 tertium
718 563 856 622 proseptum

61 627 192 683 poneretur,
207 637 249 688 per
267 626 329 688 quod
341 625 445 676 beminen
460 625 487 675 in
505 639 558 676 sera
575 626 684 689 religione
697 628 853 682 tonderentur.

61 695 91 743 nd
114 695 249 759 religionem
272 701 347 748 autem
368 697 465 761 pertinet
486 698 573 747 cultum
590 699 637 748 lleo
654 698 770 750 exhibere.
792 701 856 753 Sient

60 769 132 816 antem
148 767 263 832 Scriptura
274 768 351 818 diuina
367 767 461 818 traditur
475 769 542 819 nobis
560 769 602 818 sub
619 769 731 832 aliquibus
751 785 855 837 corpora-

59 835 110 887 lium
121 852 199 888 rernm
212 839 415 901 similitudinibus,
428 839 461 889 ita
473 839 548 889 cultus
561 839 658 891 exterior
672 841 718 891 ileo
735 844 855 895 exhibetur

58 922 95 970 per
102 911 196 974 abqnod
206 911 312 962 sensibile
320 912 419 976 signum.
430 913 458 961 Et
468 911 521 974 quia
533 912 560 962 ad
575 911 704 963 interiorem
716 914 855 979 cultum,qni

58 983 194 1032 consistitis
204 975 480 1046 orationdetdevctione,
497 984 568 1046 magis
578 983 692 1035 inducitur
700 986 769 1036 bomo
781 999 810 1036 ex
818 987 855 1037 irr-

58 1052 130 1104 brieri
145 1055 245 1118 Spiritus
258 1057 331 1106 sancti
343 1055 463 1117 instinctu,
474 1059 615 1118 preceptum
628 1056 685 1120 lepis
699 1057 795 1107 dandum
810 1059 855 1109 init

57 1124 82 1173 de
102 1125 210 1176 exteriori
233 1125 446 1189 cnltn,secnudl1m
467 1125 558 1189 aliquod
581 1127 688 1178 sensibile
710 1127 808 1190 signum.
825 1130 854 1180 Et

57 1197 105 1257 quia
118 1200 233 1262 precepta
244 1198 344 1260 decalogi
357 1201 412 1247 sunt
422 1198 489 1262 qnasi
497 1198 599 1261 quedam
608 1197 681 1262 prima
694 1202 717 1249 et
725 1201 854 1251 communia

57 1266 239 1333 legisprincipia,
250 1270 303 1321 ideo
313 1270 338 1319 in
346 1269 415 1319 tertio
423 1273 537 1334 praecepte
546 1269 646 1334 decalogi
653 1271 783 1334 precipitur
790 1275 853 1323 exte

57 1339 99 1389 rior
111 1342 154 1392 bei
165 1343 240 1390 cultum
252 1341 371 1405 subsigno
382 1341 508 1392 communis
519 1340 624 1391 beneficii
634 1343 694 1405 qood
710 1343 808 1406 pertinet
825 1343 854 1394 ad

56 1405 148 1475 bmnes,
162 1412 251 1463 scilicet
266 1414 295 1463 ad
309 1415 514 1476 representandnm
528 1425 586 1477 opus
599 1413 721 1463 creationis
732 1413 826 1475 mundi,
840 1413 854 1465 d

56 1495 97 1544 qno
109 1484 252 1548 requievisse
262 1485 345 1535 dicitur
357 1487 417 1536 bens
427 1483 525 1549 septime
534 1485 578 1536 die.
589 1487 615 1535 ln
624 1486 690 1549 cujus
704 1485 793 1549 signum
805 1487 854 1538 dies

45 1555 151 1618 'septima
167 1557 287 1606 mandator
306 1557 481 1620 sanctificanda,
492 1557 515 1608 td
532 1561 568 1607 est
582 1557 709 1622 deputanda
728 1559 756 1608 ad
770 1571 854 1609 uncan-

55 1624 104 1677 dum
118 1628 176 1679 beo.
189 1629 220 1677 Et
232 1628 283 1678 ideo
296 1629 392 1685 Ecce„
402 1630 458 1690 xx,
469 1629 589 1693 premisso
601 1631 717 1692 precepto
729 1629 757 1680 de
767 1631 854 1680 sandi-

55 1695 158 1750 icatiome
179 1699 301 1766 sabbathi,
317 1700 447 1764 rumpuatnr
460 1699 518 1752 ratio
534 1717 540 1750 ε
556 1702 638 1765 «qnia
650 1715 691 1753 sex
704 1700 783 1752 diebus
798 1703 853 1754 iecit

55 1767 112 1820 bens
124 1771 207 1820 culum
217 1775 242 1821 et
250 1773 348 1832 temam,
361 1777 385 1822 et
397 1772 422 1822 in
436 1773 534 1838 wtima
545 1773 581 1824 die
594 1772 714 1837 requievit.
728 1789 742 1820 u
918 1775 920 1778 '

82 1843 117 1892 nd
133 1841 232 1906 primum
246 1857 302 1906 ergo
315 1843 449 1907 dicendum,
463 1844 523 1908 qubd
534 1849 674 1908 preceptum
686 1845 714 1894 de
725 1845 851 1897 sanmiica-

54 1911 114 1963 ticne
130 1913 236 1964 sabbatbi
247 1913 374 1965 litteraliter
383 1916 534 1977 intellectum,
550 1919 584 1966 est
598 1916 680 1979 partlm
695 1917 787 1977 morale,
801 1929 852 1980 par·

54 1984 179 2036 limantem
192 1986 350 2037 ceremoniale.
361 1987 444 2037 biorale
457 1986 549 2050 quidem
558 2024 565 2050 ,
575 1990 684 2048 quantum
694 1987 723 2036 ad
738 1988 781 2037 troc
791 1987 852 2050 qubd
944 2029 945 2034 ,

54 2055 120 2106 bomo
131 2057 227 2120 deputet
239 2057 328 2119 ebrpsod
338 2062 429 2122 tempus
444 2056 498 2108 vitu
512 2069 558 2107 sue
578 2057 605 2106 cd
619 2057 745 2108 samndnm
758 2057 851 2108 dirime.

54 2126 114 2178 lnest
130 2128 193 2178 enim
209 2127 296 2179 bomini
316 2128 426 2179 naturalis
439 2126 557 2178 inclinatio
574 2127 602 2176 ad
623 2129 665 2178 boc
678 2126 739 2191 qubd
759 2127 852 2178 cuilibet

54 2199 85 2248 rei
100 2199 236 2251 resecante
248 2200 370 2263 deputetur
379 2191 469 2263 abquod
479 2203 581 2263 tempus,
591 2197 651 2248 sicut
661 2197 773 2262 corporali
782 2199 853 2250 retec-

55 2270 122 2334 tioni,
137 2284 233 2333 murno,
248 2276 272 2322 et
284 2272 336 2322 aliis
349 2271 489 2336 hujusmodi.
503 2273 567 2322 Unde
578 2270 647 2322 etism
658 2269 770 2336 spirituali
779 2271 852 2322 relec-

54 2342 121 2406 tioni,
132 2357 178 2406 qna
189 2357 255 2394 meus
267 2344 368 2395 bominis
378 2344 403 2394 in
415 2343 462 2394 ban
474 2341 583 2405 relicitur,
597 2341 722 2394 secuudum
735 2342 849 2394 dictamen

55 2415 162 2465 naturalis
179 2413 274 2466 rationis
288 2415 377 2478 aliquod
389 2419 481 2478 tempus
501 2415 597 2479 deputat
609 2415 686 2465 bomo.
707 2415 736 2464 Et
749 2413 795 2476 sic,
810 2416 852 2465 lna·

54 2484 103 2538 bere
115 2487 208 2550 aliquod
214 2489 307 2550 tempus
318 2487 452 2551 deputatum
462 2487 490 2536 ad
502 2487 628 2536 vacandum
635 2485 728 2550 divinis,
740 2486 799 2537 cadit
810 2487 853 2538 sub

55 2561 162 2622 pmcepto
175 2557 265 2608 morati.
284 2559 328 2608 Sed
341 2558 366 2608 in
379 2561 489 2622 mantum
511 2557 535 2607 in
549 2559 594 2608 trec
607 2560 723 2620 precepto
741 2557 854 2609 determi-

56 2632 116 2679 natur
129 2628 230 2694 speciale
245 2632 354 2692 tempus,
368 2629 394 2680 in
415 2629 505 2692 sgnum
526 2627 646 2678 creationis
665 2628 760 2692 mnndi,
773 2629 806 2680 sic
818 2633 854 2680 est

57 2705 191 2764 prereptum
203 2699 362 2751 ceremoniale.
378 2699 487 2751 Similiter
502 2699 571 2751 etiam
590 2699 740 2750 ceremoniale
759 2703 796 2750 est
812 2713 853 2751 se·

56 2773 149 2823 cnnddm
161 2771 307 2836 allegodcanr
316 2771 521 2836 significationem,
531 2773 599 2836 prout
610 2771 654 2822 luit
667 2771 758 2836 signum
768 2771 852 2834 umetis

57 2842 135 2894 Christi
151 2844 176 2894 in
194 2843 329 2908 sepulchro,
343 2858 395 2907 qnae
411 2844 456 2894 luit
467 2841 565 2908 septima
578 2843 627 2906 die3
643 2847 667 2894 et
682 2842 794 2904 similiter,
804 2853 854 2892 *se-

57 2913 152 2971 rudiam
164 2914 275 2966 moralem
288 2913 486 2979 upmiubonem,
501 2917 568 2980 prout
576 2913 688 2980 significat
705 2912 853 2966 cambonem
944 2965 945 2984 ,
