1934 3284
141 171 172 223 ss
239 168 491 234 monaca‘sxcurna,
507 179 603 229 oum.
619 181 716 236 amn,
728 181 785 221 aar.
803 184 841 222 xn.

173 260 308 324 [despondeo
323 258 460 323 dicendum,
474 258 535 323 qndd
548 272 617 310 caum
630 257 757 311 devotionis
770 258 914 314 extrinseca
943 277 961 313 e

141 329 288 398 principalis,
299 331 358 381 Deus
366 334 402 380 est
412 331 439 381 de
449 343 495 394 quo
505 330 560 380 dicit
570 329 786 395 ambrosiusrcper
796 331 868 388 Luc,
882 332 961 394 qudi

143 419 157 451 c
169 403 229 452 Deus
243 414 301 468 quos
313 399 427 465 dignatur,
439 404 520 464 vocat,
533 405 556 453 et
571 397 639 465 qn'em
651 401 714 465 vult,
725 401 857 468 religiosum
869 401 949 454 tacit

141 475 166 524 et
182 474 203 523 si
217 473 340 533 voluisset,
355 471 511 523 samaritanos
529 485 558 523 ex
577 471 690 531 indevotis
704 473 798 524 devotos
810 471 928 524 lecisset.
950 493 960 523 r

143 545 215 595 Causa
227 550 303 594 autem
316 543 438 595 inuinseca
454 557 483 594 ex
495 547 559 609 parte
573 547 663 605 nostra,
675 546 764 608 oportet
779 541 844 607 qudd
856 542 890 593 sit
905 560 961 599 me

142 614 223 666 ditatio
236 628 278 666 seu
287 613 455 680 contemplatio.
466 615 554 665 llictxm
564 618 600 664 est
608 615 670 665 euim
678 615 740 679 qndd
749 614 840 666 devotio
850 618 889 664 est
899 619 960 680 qui

143 687 194 736 dam
207 687 331 738 rolunmis
344 691 408 738 actus
425 687 454 738 ad
467 689 512 738 hoc
522 685 583 751 qudd
593 687 663 738 homo
672 686 776 752 prompte
790 700 815 737 sc
828 687 914 738 undat
931 694 960 740 a<

143 757 245 808 divinum
263 759 404 822 obsequium.
417 758 497 809 Omnis
512 761 588 808 autem
607 760 671 807 actus
685 756 810 808 uoluntatis
826 770 856 808 ex
871 758 961 824 aliqua

144 827 325 881 consideratione
334 828 445 894 procedit,
457 841 486 880 eo
495 827 555 892 qndd
566 828 651 878 bonnm
663 827 805 879 intellectum
815 831 852 879 est
865 829 961 894 obiec-

143 904 191 952 tum
204 901 342 966 uoluntatis3
352 903 414 952 uude
428 904 451 951 et
464 900 603 963 Augustinus
614 899 669 951 dicit
678 900 702 950 iu
710 900 750 953 lib.
759 901 810 952 xlv
824 902 862 953 De
877 904 961 954 Trin.

147 973 212 1036 (cap.
233 972 262 1032 8)
270 1010 278 1036 ‚
293 971 353 1036 qudd
367 990 381 1022 «
391 971 495 1022 voluntas
508 970 580 1022 oritur
598 983 627 1021 ex
640 969 798 1035 intelligentia.
821 988 836 1019 n
851 971 884 1021 Et
899 974 960 1026 ideo

144 1055 238 1094 necesse
253 1047 288 1095 est
302 1043 362 1108 qudd
374 1042 488 1094 meditatio
507 1042 538 1092 sit
554 1041 682 1093 devotionis
697 1055 782 1104 cansa,
796 1043 821 1092 in
834 1048 961 1106 mantum

143 1113 230 1168 scilicet
239 1117 308 1167 homo
321 1129 363 1181 per
376 1114 546 1166 meditationem
561 1113 660 1177 concipit
673 1113 735 1178 qnod
744 1128 769 1165 se
782 1114 857 1165 tradat
869 1116 961 1169 divino

145 1185 261 1250 obsequio.
277 1187 311 1237 dd
327 1186 494 1251 quodquidam
511 1185 599 1236 inducit
610 1186 693 1250 duplex
707 1186 883 1239 consideratio:
904 1206 960 1242 una

145 1256 237 1319 quidem
249 1271 304 1324 ,qna
321 1259 358 1308 est
377 1270 406 1308 ex
422 1260 489 1320 parte
510 1255 591 1308 divine
613 1255 722 1306 bonitatis
740 1261 765 1308 et
786 1257 961 1312 beneficiorum

143 1329 230 1392 ipsius,
249 1327 373 1380 secundum
384 1327 438 1378 illud
452 1327 548 1378 Psctm.
560 1326 642 1378 Llllill
658 1342 691 1376 :a
700 1327 756 1378 llihi
770 1329 890 1382 adherere
907 1334 961 1384 Deo

146 1401 231 1452 bonnm
248 1404 296 1462 est,
308 1403 331 1452 ct
346 1412 433 1466 ponem
446 1399 470 1450 iu
483 1397 578 1450 domim
589 1399 635 1449 ileo
650 1412 715 1463 spem
728 1411 815 1460 meam,
826 1416 841 1447 n
858 1404 884 1451 et
900 1405 961 1455 lnaec

147 1472 296 1524 consideratio
313 1473 398 1524 excitat
413 1471 636 1534 dilectionemque
646 1473 681 1520 est
697 1469 801 1534 proxima
815 1471 960 1526 deuotionis

146 1556 229 1608 causa;
244 1543 288 1594 alia
300 1543 354 1594 rerd
371 1547 407 1595 est
423 1556 453 1594 ex
465 1544 530 1607 parte
546 1541 648 1593 hominis
659 1541 825 1592 considerantis
842 1556 901 1595 suos
918 1549 961 1598 de·

146 1612 233 1681 iectus,
249 1628 279 1666 ex
295 1614 378 1679 quidus
397 1613 483 1678 indiget
501 1616 526 1663 ut
544 1611 590 1663 lteo
608 1611 736 1675 innitatur,
751 1611 874 1664 secundum
894 1616 959 1668 illud

148 1683 245 1736 Psalm.
256 1687 331 1738 Cllll:
348 1686 458 1737 «levari
470 1685 548 1736 oculos
560 1696 624 1734 meos
635 1683 661 1732 in
676 1687 776 1747 montes,
791 1684 852 1735 unde
867 1689 959 1740 reniet

148 1757 259 1807 auxilium
272 1757 343 1822 milri3
355 1757 463 1808 auxilium
479 1769 555 1806 meum
565 1754 578 1804 t
587 1753 696 1818 Domino,
708 1753 749 1818 qni
761 1755 818 1804 lecit
830 1757 921 1810 coelnm
934 1765 960 1810 et

148 1831 243 1890 terram,
259 1845 272 1876 r
287 1831 311 1880 et
324 1830 374 1880 trec
394 1825 545 1878 consideratio
562 1825 662 1876 excludit
674 1826 893 1892 presumptionem,
913 1845 957 1894 per

148 1911 218 1964 quum
231 1899 313 1964 aliquis
326 1898 450 1964 impeditur
461 1911 491 1949 ne
504 1899 551 1948 lleo
563 1909 589 1948 se
601 1895 706 1961 subjiciat
713 1933 722 1961 ,
737 1897 792 1948 dum
805 1911 853 1952 sue
870 1900 958 1952 virtuti

151 1969 214 2035 (sire
228 1971 276 2021 suis
287 1970 389 2036 viribus)
404 1969 516 2020 innititur.

180 2044 214 2094 ed
227 2044 326 2109 primum
338 2055 392 2107 ergo
407 2041 542 2103 dicendum,
555 2039 615 2104 qudd
633 2040 785 2093 musideratio
800 2054 881 2094 eorum
901 2061 956 2110 quae

148 2119 201 2164 nae
212 2119 266 2168 sunt
279 2115 424 2166 ditectionem
434 2113 474 2165 liei
483 2113 598 2177 excitare,
610 2113 753 2165 devotionem
765 2116 860 2179 causat3
873 2119 955 2168 consi·

148 2185 234 2237 deratio
250 2185 305 2238 rerd
318 2185 511 2251 quorumcumque
522 2183 550 2234 ad
564 2185 608 2236 troc
617 2197 664 2235 non
678 2185 854 2249 pertinentium,
870 2189 913 2238 sed
922 2189 953 2238 ab

149 2256 183 2308 eis
199 2263 298 2309 mertem
314 2257 498 2318 distrahentium,
510 2255 606 2322 impedit
619 2257 772 2308 devotionem.

179 2329 213 2379 td
228 2329 352 2380 secundum
365 2326 567 2392 direndnm‚qudd
580 2341 608 2378 ea
620 2341 672 2392 qua
683 2332 735 2378 sunt
749 2327 885 2393 divinitatis,
894 2336 954 2381 sunt

147 2397 272 2450 secundum
287 2414 311 2451 se
328 2397 427 2450 maxime
437 2398 559 2451 excitantia
572 2399 717 2452 dilectionem
728 2403 751 2450 et
759 2413 798 2464 per
804 2413 950 2465 consequens

146 2471 362 2538 devotionemque
374 2473 436 2522 Deus
449 2475 484 2523 est
494 2485 561 2537 super
571 2471 648 2522 omnia
658 2470 793 2534 diligendus.
804 2470 849 2522 Sed
863 2486 894 2523 ex
907 2475 949 2524 de·

145 2537 233 2594 bilitate
251 2543 336 2595 mentis
350 2545 454 2596 dumanae
473 2543 581 2608 estquod
594 2543 651 2594 sicut
666 2542 753 2606 indiget
768 2543 948 2596 manuductione

145 2616 175 2666 ad
190 2615 343 2682 cognltionem
357 2615 501 2677 divinornm,
515 2615 548 2666 ita
560 2615 588 2666 ad
597 2615 742 2666 dilectionem
752 2628 794 2679 per
804 2614 880 2678 aliqua
894 2630 956 2667 sen»

146 2685 221 2736 sibilia
233 2685 299 2738 nodis
309 2691 372 2751 nota;
382 2686 441 2738 inter
454 2701 505 2752 qoae
514 2685 656 2750 precipuum
666 2688 702 2738 est
714 2684 956 2750 hnmanitasCtnristi,¹

146 2759 270 2810 secundum
286 2761 345 2824 quod
359 2759 384 2810 in
398 2759 554 2823 prefatione
566 2755 649 2807 dicitnr
663 2771 670 2806 ε
690 2757 746 2806 allt
756 2757 809 2807 dum
823 2756 955 2823 visibiliter

145 2829 216 2882 Deum
234 2831 408 2896 cognoscimus,
422 2843 463 2894 per
475 2832 537 2880 hunc
555 2828 581 2876 in
592 2827 742 2878 tnrlsittttnm
760 2839 858 2879 amorem
872 2829 955 2893 rapiat

146 2909 205 2955 mur.
215 2921 228 2954 r
237 2903 267 2958 ut
275 2901 329 2960 aldea
342 2916 370 2972 ea
382 2913 433 2968 que
446 2899 562 2968 pectinem
577 2901 605 2951 ad
617 2897 703 2954 Chatti
714 2897 893 2965 amaneum,
905 2911 946 2964 per
