1934 3284
304 206 305 209 *
359 207 390 244 mr
403 205 542 244 rtmamrra.
804 196 847 244 ahi

57 283 182 348 superbiam
195 282 310 344 prohihet.
332 297 346 328 o
366 283 425 346 Ergo
439 281 552 346 jactantia
566 287 601 334 est
614 287 730 349 peccatum
746 285 848 336 mortale.

86 359 108 405 3.
124 355 252 413 Praeterea,
263 353 374 416 jactantia
393 357 428 402 est
442 352 585 404 mendacium
601 355 722 419 quoddam.
747 356 798 406 Non
817 359 851 406 est

56 431 129 477 aulem
143 426 289 476 mendacium
299 426 425 476 officiosum
438 427 474 476 rel
481 425 606 490 jocosum3
617 428 677 490 quod
690 431 753 492 patet
766 441 794 476 err
805 427 850 478 line

56 497 182 556 mendacii,
193 498 261 560 qnia,
272 501 297 546 ut
309 497 461 561 Philosophus
477 496 533 548 dicit
546 497 570 548 in
583 499 611 548 IV
623 501 719 558 Ethic,
733 499 852 563 «jactator

57 569 119 632 fingit
138 569 166 618 dc
184 582 209 618 se
230 569 317 632 majora
339 568 501 631 existentibus,
517 571 649 634 quandoque
670 568 850 631 nulliuspiam,

56 641 191 704 quandoque
203 639 276 703 pratil
287 641 363 703 gloriae
377 641 414 691 uel
425 639 527 704 honoris,
542 642 676 704 quandoque
693 645 767 691 autem
782 641 854 704 gratid

56 713 151 776 argenti.
169 729 184 758 u
199 713 229 761 Et
244 713 278 762 sic
288 716 351 775 patet
370 712 428 775 quod
443 726 516 776 neque
531 716 566 762 est
584 711 725 762 mendacium
737 713 851 776 jocosum,

57 799 128 848 neque
139 785 281 847 olhciosum3
295 785 356 834 unde
369 785 503 848 relinquitur
517 783 576 848 quiid
590 797 680 848 semper
699 784 728 833 sit
739 784 852 848 pernicio-

57 871 113 908 sum.
128 857 223 906 Videtur
233 869 286 919 ergo
300 855 360 920 quod
372 869 462 919 semper
476 856 506 905 sit
518 858 635 920 peccatum
645 856 747 906 mortale.

86 929 132 978 Sed
144 930 222 978 contra
232 932 275 991 est,
287 927 347 989 quod
361 927 470 991 jactantia
481 926 552 978 oritur
563 927 662 977 exinani
676 925 760 989 gloria,
774 939 854 976 securr-

57 999 108 1050 dhm
121 998 270 1061 Gregorium,
282 996 354 1048 xxxi
368 999 459 1048 Morcl.
475 999 517 1062 (ut
530 998 623 1062 cupri).
638 997 682 1047 Sed
697 997 770 1048 inanis
785 995 855 1060 gloria
904 1018 907 1022 ·

57 1085 101 1122 non
126 1083 217 1132 semper
231 1073 266 1120 est
281 1073 398 1134 peccatum
420 1071 528 1132 mortale,
543 1071 582 1120 sed
605 1070 740 1133 quandoque
756 1069 853 1132 reniale,

57 1143 116 1206 quod
130 1141 204 1190 uitare
218 1144 254 1190 est
264 1141 329 1190 valde
339 1140 488 1205 perlectorum
498 1158 504 1203 ;
516 1141 570 1191 dicit
582 1140 643 1192 enirn
658 1141 785 1204 Gregorius,
795 1139 855 1203 qudd

59 1233 71 1261 u
82 1212 150 1264 ualde
160 1216 197 1262 est
210 1213 360 1277 perlectomm
375 1213 409 1262 sic
427 1226 456 1262 ex
470 1217 561 1264 ostenso
575 1225 642 1278 opere
652 1211 749 1268 auctoris
761 1211 855 1274 gloriam

58 1299 172 1348 quarere,
187 1288 213 1333 ut
229 1284 256 1334 de
269 1284 332 1333 illata
343 1285 424 1348 laude,
436 1283 525 1348 priuati
535 1285 636 1334 nesciant
646 1285 785 1334 exultatione
800 1297 854 1348 gau·

58 1359 117 1409 dere.
134 1374 148 1405 u
161 1358 222 1420 Ergo
231 1356 340 1420 jactantia
353 1370 398 1407 non
416 1371 504 1422 semper
518 1361 553 1408 est
563 1353 681 1422 peecatum
696 1357 798 1407 mortale.

90 1431 258 1494 (Coretusro.
274 1454 304 1464 —
317 1429 430 1479 iactanter
447 1430 563 1494 quippiam
574 1431 602 1480 de
614 1442 638 1478 se
654 1428 764 1492 proferre,
780 1431 857 1479 contra

61 1502 154 1565 gloriam
173 1501 229 1561 Dei,
244 1504 268 1551 et
285 1501 314 1550 ad
333 1501 430 1566 proximi
451 1504 605 1565 contemptum
625 1497 663 1551 rel
682 1500 855 1563 contumellam,

60 1578 181 1638 peecatum
197 1574 232 1622 est
251 1573 361 1636 mortale;
378 1572 434 1623 alias
450 1577 526 1623 autem
542 1572 627 1623 reniale
643 1573 680 1622 uel
697 1572 802 1635 mortale,
818 1585 858 1636 pro

59 1660 104 1698 suae
119 1658 197 1696 causac
210 1644 303 1694 leuitate
318 1645 355 1693 rel
368 1644 506 1709 grauitate.)

84 1717 224 1782 Respondco
237 1716 366 1776 dicendum,
380 1715 439 1780 quod
450 1715 510 1766 sicut
523 1714 591 1778 suprh
601 1715 685 1768 dictum
696 1719 730 1764 est
743 1714 790 1779 (qu.
803 1719 857 1775 lto,

61 1795 101 1841 art.
118 1789 160 1854 t),
173 1791 291 1854 peccatum
305 1789 399 1838 mortale
414 1789 517 1851 estquod
528 1787 632 1838 charitati
645 1786 801 1838 contrariatur.
817 1788 860 1838 hu-

58 1861 147 1926 pliciter
160 1874 213 1924 ergo
222 1859 333 1924 jactantia
344 1859 484 1910 considerari
494 1862 576 1924 potest.
586 1861 635 1910 Uno
646 1860 722 1920 modo,
733 1858 859 1910 secundirm

58 1948 88 1995 se,
100 1934 171 1999 prout
188 1935 223 1982 est
232 1929 376 1981 mendacium
391 1931 517 1996 quoddam3
529 1934 552 1981 et
565 1931 598 1981 sic
609 1931 742 1994 quandoque
756 1933 791 1980 est
804 1944 858 1994 pec·

58 2011 131 2056 catum
146 2003 256 2066 mortale,
271 2004 406 2066 quandoque
420 2003 521 2053 reniale.
538 2003 630 2052 Mortale
650 2001 754 2064 quidem,
770 2001 858 2064 quando
962 2045 963 2068 3

59 2073 138 2141 aliquis
156 2075 270 2141 jactanter
282 2075 310 2124 de
327 2087 351 2124 se
373 2075 458 2137 profert
475 2075 535 2138 quod
550 2077 585 2124 est
601 2077 679 2124 contra
695 2072 789 2136 gloriam
801 2074 858 2134 liei,

59 2148 115 2198 sicut
127 2163 157 2200 ex
172 2159 271 2210 persona
285 2146 351 2209 regis·
364 2147 417 2210 lqri
431 2147 515 2196 dicitur
537 2143 635 2200 Erech„
657 2145 748 2194 llllVlll
762 2160 768 2193 ι
786 2144 859 2194 «Ele-

59 2224 136 2269 uatum
155 2222 192 2269 est
206 2232 245 2267 cor
259 2221 338 2279 tuum,
354 2221 377 2267 et
390 2217 485 2267 dixisti:
501 2218 559 2266 licus
573 2230 614 2279 ego
630 2229 697 2279 srrm;
710 2232 723 2262 u
741 2216 776 2263 uel
790 2215 859 2264 etiarn
962 2243 963 2250 κ

59 2295 135 2342 contra
146 2290 280 2341 charitatem
291 2289 388 2353 proximi
397 2329 403 2350 ,
411 2290 471 2339 sicut
482 2289 534 2338 cium
549 2287 631 2352 aliquis
642 2287 747 2352 jactando
758 2287 857 2350 seipsum

59 2364 187 2427 prommpit
200 2362 224 2411 in
237 2361 385 2412 contumelias
395 2360 505 2424 aliorum,
520 2362 577 2411 sicut
588 2361 682 2410 hahetur
697 2361 766 2418 Luc,
775 2360 856 2423 llillll,

61 2435 86 2484 de
97 2434 230 2495 phariseo,
242 2432 282 2495 qui
294 2433 399 2482 dioehat:
416 2450 430 2479 u
440 2434 491 2483 Non
508 2447 557 2482 surn
571 2432 630 2481 sicut
641 2429 716 2480 caeteri
727 2431 854 2490 hominum,

61 2510 175 2572 raptores,
186 2505 281 2568 injusti,
292 2504 402 2567 adulteri,
410 2505 473 2554 velut
481 2504 551 2555 etiarn
560 2504 599 2552 hio
606 2502 752 2566 publicanus.
763 2518 777 2548 »
788 2503 862 2560 Quan-

62 2578 134 2641 doque
149 2575 202 2627 rerd
222 2579 257 2626 est
276 2577 394 2638 peccatum
410 2575 512 2636 reniale,
527 2575 616 2637 quando
633 2573 720 2623 scilicet
737 2573 819 2638 aliquis
835 2574 862 2624 de

63 2661 85 2698 se
98 2648 156 2698 talia
173 2649 259 2712 jactat,
273 2659 325 2708 qum
336 2659 409 2709 neque
427 2650 480 2696 sunt
494 2649 572 2695 contra
591 2645 660 2694 ileum
671 2683 677 2704 ,
689 2657 762 2708 neque
784 2647 862 2694 contra
962 2665 963 2670 ¹

64 2719 199 2781 pmximum.
214 2717 264 2768 ilio
274 2718 349 2778 modo,
363 2721 440 2780 polest
449 2715 585 2767 considerari
595 2713 717 2766 secundirm
735 2729 797 2766 snam
806 2729 859 2765 cau-

65 2802 119 2850 sam,
139 2790 226 2840 scilicet
240 2789 411 2855 superhiamuel
422 2789 551 2853 appetitum
565 2787 630 2849 lucri,
639 2791 677 2840 aut
690 2787 764 2840 inanis
776 2786 862 2850 gloriae.
962 2815 963 2830 2

66 2859 151 2922 Eleis,
168 2861 305 2924 siprocedat
318 2875 347 2912 ex
359 2860 465 2926 superbia
477 2860 515 2909 rel
525 2857 587 2910 inani
601 2859 670 2923 gloria
684 2857 772 2923 quaesit
782 2871 863 2922 pecca·

67 2933 111 2982 tum
123 2934 230 2995 mortale,
240 2932 309 2984 etiam
319 2933 369 3001 ipsc
379 2931 490 3003 jactantia
503 2931 546 2986 erit
557 2934 676 3002 peceatum
685 2930 777 2986 mortue
787 2944 793 2993 ς
805 2927 861 2984 alio-
