1934 3284
110 159 156 208 Μ
217 165 325 206 summ
339 163 470 216 99011193,
487 163 578 211 QUAEH
595 160 681 214 mn,
696 161 750 203 ΔΗ.
768 165 795 205 11.

110 258 161 310 quan
174 244 322 295 sunthonom
332 242 414 307 digna3
424 239 558 294 nontamen
569 239 652 306 simut
661 253 795 336 pmmagno
809 237 910 294 solimet

109 317 234 367 humanum
247 317 365 368 honorem.

406 456 565 513 namatius
580 457 609 510 ll.

117 588 203 634 Uirium
220 587 408 646 magnanimos
424 587 453 632 da
467 586 506 632 anti
521 585 615 630 ratium
625 583 711 630 haheat
728 583 792 642 qaod
802 583 836 630 εει
848 585 915 629 tirso

389 661 506 708 magnam
517 647 639 696 lahorem.

144 778 178 828 hd
188 777 312 832 seeundum
323 776 356 828 sic
367 775 496 841 pmoeditnn
508 775 554 840 (1).
563 773 656 826 Videon
667 771 727 838 guid
737 773 916 837 magnanimitas

114 849 142 901 tle
160 849 196 900 sui
208 849 295 901 rationo
310 861 356 900 non
369 848 452 899 hahoat
464 846 526 912 qnod
542 847 573 898 sit
590 846 650 897 oinoa
667 859 775 910 magnum
789 847 915 898 honorem.

114 920 209 986 Propria
223 920 287 972 onim
301 919 394 971 matoria
412 917 603 983 magnanimitatis
622 921 658 970 εει
672 917 760 980 honor,
782 921 809 967 nt
823 917 916 978 glintun

114 995 149 1042 εει
160 992 218 1057 (ant.
229 991 273 1056 1).
287 991 333 1042 Sed
347 1005 469 1054 magnam
478 993 503 1041 ει
512 1003 620 1052 parvom
632 988 740 1041 accidunt
752 989 844 1040 honori.
853 989 915 1052 argo

115 1064 144 1115 le
155 1065 242 1115 rationo
255 1061 449 1128 magnanimitatis
460 1075 507 1114 nou
515 1066 550 1114 εει
560 1061 622 1126 qood
635 1061 666 1113 sit
679 1061 738 1112 cisoa
750 1074 859 1124 magnum
868 1062 917 1112 ho-

115 1149 203 1189 norom.

147 1212 170 1259 a
191 1209 322 1270 Ριειειεε,
340 1205 398 1256 aaut
418 1204 591 1270 magnanimitas
609 1209 644 1258 εει
665 1205 724 1256 cinna
742 1206 862 1268 honores,
883 1207 916 1256 ita

116 1279 265 1331 mansuetudo
275 1281 312 1328 εει
320 1276 378 1329 oiraa
387 1276 440 1328 inas.
447 1277 493 1328 Sed
502 1289 548 1328 non
557 1277 626 1328 estha
637 1277 723 1329 ratione
733 1277 918 1328 mansuetndinis

116 1349 176 1414 qnod
187 1351 218 1400 sit
232 1350 293 1400 circa
303 1348 350 1398 iras
364 1361 458 1412 magnas
468 1348 506 1399 vel
520 1361 612 1412 parvas.
626 1348 685 1412 lingo
699 1348 768 1398 etiam
783 1361 831 1399 non
840 1351 877 1400 εει
890 1349 918 1399 olo

116 1421 204 1471 ratione
219 1419 412 1484 magnanimitatis
421 1418 482 1482 quod
493 1418 524 1470 sit
536 1418 597 1470 cisoa
608 1431 702 1482 magnos
714 1418 823 1472 horiones.

149 1496 172 1542 a.
184 1493 312 1555 Ριειειεε,
324 1504 409 1555 parvus
425 1491 498 1541 honor
515 1489 591 1542 minius
606 1489 675 1542 distat
689 1488 702 1540 i
716 1502 797 1554 magno
815 1491 919 1552 honore,

118 1562 187 1627 quim
207 1563 365 1613 exhonoratio.
385 1558 429 1612 Sed
449 1561 623 1626 magnanimitas
644 1561 702 1612 hena
725 1574 750 1612 εε
771 1561 842 1614 habet
859 1562 917 1614 circa

119 1634 315 1685 exhonorationss.
326 1634 385 1697 Ergo
399 1633 468 1684 etiam
480 1637 504 1684 ot
516 1632 577 1685 circa
587 1645 669 1699 parvos
683 1635 789 1686 honores.
800 1635 854 1688 Non
864 1646 919 1699 ergo

119 1710 155 1757 εει
169 1705 241 1758 solium
253 1705 312 1756 circa
325 1706 425 1757 honores
434 1719 538 1768 magnos.

151 1778 195 1828 Sed
205 1782 285 1828 contra
295 1781 346 1842 εει,
358 1777 419 1842 quod
429 1776 581 1842 Philosophus
596 1776 651 1828 dicit
665 1775 689 1827 iu
702 1777 731 1830 11.
745 1774 844 1838 atate„
858 1778 918 1845 quod

121 1849 321 1914 «magnanimitas
333 1854 368 1900 εει
382 1847 441 1899 cinca
458 1849 669 1912 magnoshouorss.
683 1865 697 1898 a

154 1921 310 1988 (Conclusio.
321 1923 393 1973 —lto
412 1919 500 1974 ratione
518 1919 709 1984 magnanimitatis
729 1925 765 1974 ast
778 1921 842 1987 gnta
861 1922 918 1976 oum

121 2006 215 2058 magnos
223 1994 320 2044 honores
332 1996 444 2044 versetur.
456 1993 464 2055 )

152 2062 287 2129 llosponhso
298 2063 434 2127 uiuendum,
444 2061 505 2128 quon
518 2059 643 2114 meandum
659 2059 822 2128 Philosophum
833 2064 858 2114 in
868 2066 916 2116 llll.

122 2135 232 2203 Pityaia,
245 2151 258 2186 o
269 2135 342 2187 uirtus
356 2140 392 2187 εει
407 2134 675 2200 postmomodum»
691 2137 714 2186 ει
723 2133 856 2200 intelligitur
870 2149 919 2188 εεεε

124 2209 256 2275 «nomentio
266 2208 388 2274 potantis,
399 2207 428 2261 ad
439 2207 506 2272 cujus
521 2206 769 2273 manumisisset»
781 2213 807 2259 ut
822 2209 918 2274 natatio

122 2281 196 2347 primo
215 2282 242 2332 de
263 2277 456 2331 colomanno
474 2281 551 2330 autom
566 2279 674 2344 potentia
694 2292 740 2330 non
758 2281 918 2334 attonditunin

122 2351 279 2418 qualicumque
293 2351 437 2416 operatione,
452 2352 492 2402 sed
506 2351 532 2402 in
542 2350 671 2415 operatione
684 2365 734 2432 qua
742 2352 810 2403 hahet
822 2354 918 2418 aliquam

123 2425 299 2488 magnitudinem
314 2427 354 2473 ant
366 2419 530 2474 difficultatem.
540 2422 651 2482 Qualibet
662 2423 724 2474 enim
724 2424 838 2488 potentia
851 2437 918 2490 qnan-
947 2421 948 2516 1

124 2500 268 2560 annuumque
275 2494 418 2560 imperfecta
424 2493 515 2558 potest
508 2507 534 2543 m
541 2493 640 2558 aliquam
646 2495 801 2559 operationem
807 2498 948 2548 modicam

124 2571 148 2617 et
159 2566 277 2618 debilem:
288 2565 373 2618 studeo
386 2567 416 2646 ah
427 2565 540 2618 nationem
550 2565 640 2618 sanutus
651 2567 750 2630 nuthet
758 2571 785 2618 ut
793 2567 823 2618 at
837 2558 928 2620 «ohan
947 2571 948 2644 l

157 2707 193 2772 (1)
208 2713 241 2757 1ιε
254 2711 374 2758 Ιιιεειιειιι
383 2711 462 2772 sopri,
472 2723 515 2769 qu
525 2711 565 2772 60,
579 2717 624 2758 art.
635 2709 662 2754 5·
657 2718 698 2766 ει
710 2711 903 2773 ιει1ι1ιιι11εει
904 2699 948 2786 a

124 2774 232 2830 prasenti
246 2779 339 2834 quast,
354 2775 438 2835 ειι.,9
451 2773 523 2828 aal23
539 2781 563 2820 et
573 2775 619 2836 111
633 2773 710 2826 Semi..
725 2776 778 2822 dist.
789 2775 818 2838 9,
833 2789 872 2836 qu.
889 2777 914 2838 1,
908 2759 948 2918 ‚}

22 2848 23 2889 j
108 2807 361 2894 ‘ant.1‚qumstiunc.
376 2838 405 2898 9,
422 2839 447 2882 ln
464 2847 543 2894 ooap.;
564 2842 590 2882 ut
608 2841 632 2882 ει
647 2838 783 2894 quaestiunn
802 2838 830 2902 3,
847 2839 914 2896 adii

22 2894 24 2973 ζ
125 2871 455 2960 sollemnissimum,
470 2899 553 2959 arad,
567 2899 720 2947 oirualiaana.
