1934 3284
370 151 403 189 ou
416 151 549 190 nurmro.
687 133 689 136 ’
815 146 859 194 tol

89 231 113 276 t.
129 227 259 290 Praeterea,
277 228 305 277 ud
329 227 438 292 majorem
457 227 621 292 perlectionem
640 230 728 282 ridetm
746 233 861 297 pertinere

61 297 118 361 quod
132 299 218 362 uliquis
230 300 269 349 det
279 299 325 349 lieo
336 300 447 362 umnam,
460 300 521 363 quod
530 301 556 350 fit
565 314 606 364 per
618 302 860 368 obedientiariorum

61 369 117 432 oudd
128 372 178 422 deo
192 371 232 421 dot
244 370 359 434 proprium
372 384 464 435 corpus,
474 372 535 436 quod
546 373 572 421 nt
586 385 628 436 per
636 376 785 440 martyrium
798 377 859 428 uude

60 441 180 505 Gregorius
199 442 255 492 dicit
272 442 314 491 ult.
333 442 426 492 norat.
443 443 515 507 (cap.
532 447 590 504 ull,
608 443 668 507 qudd
690 462 704 493 «
726 448 854 498 obedientis

61 514 147 564 cunctis
161 513 263 564 metimis
282 514 436 579 prefertur.»
456 515 516 578 Ergo
529 515 660 580 martyrium
676 531 721 568 non
740 522 777 568 est
794 524 858 570 ectus

60 585 163 637 nummu
172 585 332 649 perfectionis,

91 661 113 707 t.
129 661 246 708 Praetcrcu
255 694 262 715 ,
270 657 352 707 melius
360 671 411 708 esse
422 658 513 708 ridetur
526 656 578 706 eliis
591 659 706 721 prodesse,
717 661 787 724 quom
798 664 861 728 seip-

25 745 32 756 ·
60 741 109 776 sum
121 729 147 778 iu
159 730 220 779 hono
229 729 434 792 couservmo,quis
443 746 457 776 e
467 729 553 779 bonurn
564 729 639 792 gentis
650 729 732 781 melius
744 736 780 782 est
790 734 859 796 qulm

61 798 142 849 bonum
155 800 226 850 unius
237 799 337 850 hominis
344 837 352 864 ,
371 816 386 846 u
399 799 525 851 secundum
538 800 702 864 Philosophum
717 801 740 851 in
754 803 763 852 1
776 805 856 854 neue.

61 870 119 936 (cap.
130 873 193 924 lvel
200 872 234 931 nl.
243 873 287 922 Sed
296 871 334 922 ille
342 872 381 935 qui
392 872 522 936 martyrium
534 872 642 935 sustinet,
651 871 695 922 sibi
704 873 747 924 soli
755 877 856 941 prodest;

59 941 94 992 ille
107 949 186 993 nutem
201 943 242 1005 qui
258 944 338 1004 docet,
352 943 442 1006 prolicit
459 942 544 992 multis.
566 943 625 1006 Ergo
643 947 707 994 actus
726 946 823 996 docendi
835 952 859 998 ot

61 1014 199 1073 gubernandi
210 1012 312 1064 subditos
324 1017 361 1064 est
374 1013 494 1077 perfectior
507 1013 574 1077 quim
589 1017 653 1064 actus
666 1016 778 1080 martyrii.

90 1086 135 1136 Sed
147 1089 227 1148 contro
241 1089 291 1146 est,
304 1084 365 1148 quod
379 1085 517 1148 Augustinus
530 1086 554 1134 in
568 1085 608 1135 lib.
623 1087 660 1135 De
675 1091 762 1138 eomodo
777 1091 859 1153 sirpi-

61 1159 155 1214 utram,
173 1157 266 1222 prefert
279 1156 412 1220 mertprlum
428 1156 567 1218 uirginitati,
582 1171 633 1222 pun
646 1159 675 1208 ud
694 1159 858 1222 perfectionem

60 1230 168 1290 pertinet.
186 1231 246 1292 Ergo
259 1228 393 1293 martyrium
410 1226 507 1278 maxime
525 1229 552 1278 ad
567 1229 728 1292 perlectionem
742 1232 858 1295 pertinere

62 1301 159 1352 ridetur.

91 1370 474 1437 (duranno.-nartpriuu‚si
490 1375 636 1435 comparetur
649 1374 677 1422 ud
691 1373 859 1440 tortitudinem,

61 1447 157 1496 nonest
176 1447 243 1494 actus
259 1443 364 1493 manure
387 1442 547 1506 perfectiouis3
563 1442 584 1493 si
599 1442 653 1495 verd
672 1449 815 1508 comparetur
832 1449 860 1498 ud

61 1516 209 1576 comitatem,
222 1528 273 1578 quo
286 1515 389 1565 hommes
404 1514 432 1563 ad
446 1513 503 1563 illud
516 1513 626 1578 impellit,
642 1516 745 1568 muximae
762 1521 798 1568 est
808 1531 861 1582 per·

62 1586 184 1645 lectionis.)

90 1659 228 1724 despondeo
235 1658 371 1721 dicendum,
380 1657 441 1721 uudd
451 1658 479 1708 de
490 1657 564 1721 alium
575 1663 626 1708 ectu
636 1658 726 1710 virtutis
736 1660 798 1726 loqui
806 1675 859 1726 pos·

61 1744 137 1782 sumus
146 1729 275 1794 dupliciter.
287 1731 337 1780 Uno
354 1730 433 1789 modo,
447 1728 571 1779 mcuudirm
585 1730 684 1794 speciem
697 1731 771 1794 ipsius
784 1734 858 1794 uetus,

61 1807 125 1863 prout
139 1805 284 1864 comparatur
299 1801 327 1851 od
342 1801 451 1850 virtutem
467 1800 571 1863 proxime
589 1801 716 1853 elicientem
730 1803 821 1868 ipsum;
836 1809 860 1856 et

61 1874 91 1923 sic
103 1887 150 1924 uon
163 1875 305 1936 potestesse
319 1872 379 1936 quod
394 1871 541 1936 martyrium,
552 1872 612 1936 quod
625 1872 731 1924 consistit
743 1873 768 1925 in
781 1877 859 1927 debita

63 1945 179 1996 tolerantie
192 1943 291 2002 mortis,
300 1944 330 1994 sit
344 1942 524 2008 perfectissimus
534 1942 594 1992 inter
607 1943 696 1995 virtutis
713 1951 791 2009 octus,
805 1947 858 2010 quis

62 2018 155 2069 tolersre
165 2018 263 2066 mortem
274 2019 365 2066 nonest
377 2013 488 2064 landabile
499 2014 623 2066 secuudum
635 2027 673 2078 se,
685 2018 725 2067 sed
738 2017 811 2068 sollum
823 2031 859 2070 se-

62 2088 158 2139 cundum
176 2087 366 2160 quddordinatur
382 2086 410 2135 ad
425 2084 516 2148 aliquod
532 2085 630 2148 bonum,
645 2087 705 2150 quod
718 2088 823 2139 consistit
835 2091 861 2140 in

62 2163 112 2210 actu
125 2159 232 2220 virtutis,
250 2157 307 2222 puts
317 2158 346 2208 ad
359 2157 428 2206 fidem
442 2155 508 2206 etad
522 2155 663 2208 dilectionem
677 2157 733 2210 liei:
750 2159 810 2210 unde
822 2159 861 2212 ille

63 2301 154 2370 sideruri
164 2306 231 2352 actus
243 2298 475 2368 mrtutis'secundlrm
489 2298 549 2362 dudd
566 2303 708 2364 eomparatur
722 2301 750 2350 od
762 2300 860 2364 primum

64 2374 184 2437 motivum,
201 2373 261 2437 quod
271 2376 306 2424 est
318 2386 381 2424 umor
392 2371 519 2422 clientulis.
533 2373 561 2422 nt
572 2385 601 2424 ex
615 2374 657 2422 nuc
667 2375 730 2436 parte
742 2373 860 2438 precipue

62 2445 141 2509 uliquis
154 2449 221 2495 nctus
229 2444 298 2495 habet
308 2443 369 2507 qudd
377 2443 406 2492 ud
420 2442 581 2506 perlectionem
592 2443 645 2494 ritu
655 2443 782 2506 pertineat,
796 2445 859 2508 puis,

62 2521 84 2566 ut
95 2517 219 2581 Apostolus
231 2515 288 2567 dicit
306 2515 342 2565 od
362 2513 466 2570 Colore„
481 2515 528 2576 ΙΙΙ,
544 2513 671 2566 «charitas
690 2518 725 2564 est
743 2514 860 2566 vinculum

62 2587 216 2648 perfectionis.
232 2604 246 2634 u
262 2586 394 2652 llortprium
408 2589 485 2635 autem
498 2587 558 2636 iuter
577 2600 656 2637 omnes
673 2589 736 2636 actus
747 2586 862 2638 virtuosos

63 2658 155 2710 monime
170 2659 312 2710 demonstret
329 2657 492 2722 perlectionem
505 2657 621 2708 edentulis
630 2695 637 2720 ‚
646 2657 699 2721 quis
711 2656 774 2709 lanto
789 2658 861 2720 magis

63 2730 187 2781 ostenditur
206 2730 289 2795 uliquis
312 2728 410 2793 aliquam
432 2741 478 2778 rein
497 2741 587 2789 amare,
602 2728 687 2793 quuutd
707 2741 748 2791 pro
768 2739 796 2778 ea
814 2741 862 2780 rem

64 2801 130 2864 urps
145 2805 248 2851 amamus
261 2799 401 2867 coutemnit,
414 2803 438 2849 et
452 2813 500 2850 rem
518 2799 589 2863 rueme
608 2801 710 2852 odiosam
727 2799 790 2862 eligit
803 2799 860 2863 pati.

65 2871 206 2924 llonitestum
219 2877 256 2923 est
271 2870 423 2935 summoned
435 2869 496 2921 inter
508 2871 586 2922 omnis
601 2871 645 2923 iliu
663 2872 724 2923 bonu
742 2870 863 2934 premitis
