1934 3284
113 142 160 192 tta
223 148 331 193 sunum
345 149 475 202 secunus,
492 150 586 197 onum.
603 148 682 200 nunu,
698 150 754 191 aar.
773 152 802 192 n.

112 230 211 295 magici
227 229 353 280 cmunlibus
372 228 490 281 desideriis
502 229 641 280 abstrabunt.
654 230 702 280 lieo
711 229 797 294 aliquid
812 232 910 296 predic-

111 304 186 353 torum
201 303 229 351 ad
239 301 423 353 insensibilitatis
437 300 520 352 uitium
531 302 639 367 pertinet,
654 302 707 367 quia
721 305 777 352 sunt
787 304 910 357 sacunddm

111 374 223 424 rationem
240 376 334 425 motam.

144 446 177 497 ld
191 444 288 509 primum
302 457 355 509 ergo
369 444 504 509 dicendum,
519 444 579 512 qudd
599 446 678 497 Daniel
691 446 730 496 llll
748 447 887 500 abstinendi
901 450 912 500 i

112 516 281 569 delectabilibus
293 518 407 581 utebatur,
415 531 461 569 uon
473 520 539 580 quasi
552 521 645 585 propter
656 532 681 569 se
698 519 825 571 abhorrens
838 522 911 573 delec-

110 590 221 647 taliones.
235 593 261 640 nt
280 589 405 640 secundina
420 591 445 641 se
459 590 547 654 malas;
566 592 606 643 sed
625 598 717 655 propter
731 591 833 655 aliquem
848 594 911 644 linem

110 661 259 725 laudabilem,
274 665 300 710 ut
313 661 399 712 scilicet
411 661 518 712 idoneum
530 674 555 713 se
572 662 600 712 ad
615 662 757 713 altitudinem
772 666 911 730 contempla-

109 732 181 784 tionis
193 732 311 797 redderet,
328 733 463 784 abstinendo
481 732 596 783 sciliceta
613 732 766 797 corporalibus
781 733 910 787 delectatio-

110 803 177 855 nibus
192 806 272 855 :uude
285 809 309 855 et
322 805 399 857 statim
411 804 444 855 ibi
457 804 560 855 subditur
572 805 600 855 de
614 804 753 856 revelatione
765 804 837 855 iacta.

142 877 175 928 lld
190 878 314 929 secuudum
333 878 469 940 dicendum,
482 877 542 940 quod
561 877 613 941 quia
629 878 717 928 ratione
730 879 801 929 bomo
824 878 859 929 uti
869 892 912 931 uon

108 952 186 1015 potest
202 950 252 1001 sino
268 949 384 1000 sensitinis
398 949 525 1015 potentiis,
538 962 589 1013 qum
603 949 705 1013 indigent
722 962 811 1013 organo
831 964 912 1017 corpo

23 1057 27 1067 .
109 1022 168 1085 rali,
182 1024 209 1071 ut
228 1022 254 1071 iu
267 1024 286 1072 l.
301 1021 403 1072 babitmu
413 1024 450 1072 est
464 1021 564 1085 (quest.
583 1025 630 1082 st,
645 1028 689 1071 art.
705 1022 759 1085 8),
773 1028 913 1075 necesseesl

108 1092 168 1157 uubd
180 1094 248 1143 homo
260 1097 374 1144 sustentet
386 1106 469 1157 corpus
483 1093 511 1142 ad
525 1093 569 1143 boc
582 1092 641 1157 qudd
656 1092 743 1143 ratione
754 1097 842 1145 utatur.
855 1096 913 1146 Sus-

108 1164 206 1215 tcutatio
221 1170 298 1216 autem
307 1164 409 1229 corporis
423 1165 449 1216 lit
463 1178 505 1229 per
515 1165 657 1229 operationes
667 1164 835 1217 delectabiles:
853 1169 913 1220 uude

108 1251 155 1289 uon
174 1240 250 1302 potest
270 1250 321 1289 esse
343 1238 429 1288 bouum
446 1238 542 1289 rationis
559 1238 583 1287 iu
602 1236 694 1287 bomine
710 1237 731 1287 si
751 1238 869 1291 abstineat
886 1242 913 1292 ab
951 1284 952 1289 ,

107 1309 213 1361 omuibus
224 1310 420 1361 delectationibus.
433 1308 562 1361 &nundin
579 1311 656 1359 nmen
665 1308 725 1371 subd
738 1310 810 1361 homo
822 1312 848 1363 in
861 1326 914 1365 euc-
951 1298 952 1323 ¹

107 1383 198 1446 queudo
214 1386 289 1432 actum
310 1381 406 1433 rationis
419 1383 470 1448 plus
489 1382 525 1432 uel
540 1381 615 1432 minis
631 1380 718 1445 indiget
739 1384 856 1447 corporali
869 1384 913 1436 rir-

108 1456 167 1514 tutc,
179 1453 304 1504 secuudum
313 1456 357 1505 luoc
364 1455 416 1519 plus
424 1454 462 1505 vel
473 1455 550 1503 miuus
559 1466 653 1504 neeesse
660 1453 730 1504 babet
738 1454 912 1507 delectabilibus

108 1525 262 1589 corporalibus
277 1525 361 1577 utilit
374 1526 426 1577 ideo
439 1526 545 1577 borsines
556 1524 596 1589 qui
609 1526 653 1575 hoe
665 1524 768 1575 odicium
783 1540 915 1595 assumpse-

106 1598 161 1645 mut
183 1598 209 1646 ot
229 1598 417 1661 contemplationi
438 1601 537 1661 uacent,
561 1598 583 1649 el
599 1598 683 1647 mnam
706 1597 826 1660 spirituale
850 1602 914 1664 quasi
951 1616 952 1635 ι

106 1667 202 1728 madum
220 1668 331 1733 spirituali
343 1669 508 1735 propagatione
522 1669 546 1718 iu
558 1669 614 1719 alios
624 1668 781 1719 transmittant
788 1708 798 1734 ‚
813 1670 825 1721 i
841 1672 916 1722 mnlbs

106 1737 278 1791 delectabilibus
296 1740 438 1791 laudabiliter
458 1742 588 1803 abstinent,
605 1740 713 1804 aquibus
730 1740 765 1791 illi
777 1742 864 1805 puibm
887 1757 913 1793 er

107 1810 183 1862 oilieio
201 1811 309 1876 competit
322 1812 432 1877 operibus
449 1814 605 1879 corporalibus
624 1816 649 1862 et
665 1812 811 1875 generationi
832 1814 914 1867 carnali

105 1884 202 1946 uacare,
219 1883 363 1935 laudabiliter
375 1897 422 1935 uon
437 1884 561 1935 abstineut.

138 1956 171 2006 sd
191 1955 284 2006 tertium
298 1956 435 2020 dicendum,
446 1956 507 2020 qudd
519 1955 764 2025 delectatioliupienda
778 1961 816 2009 est
837 1960 866 2010 ad
881 1958 913 2007 si-

106 2027 200 2077 taudum
218 2030 353 2092 peccatum,
367 2040 415 2079 nou
432 2028 543 2091 totaliter,
559 2028 598 2079 sed
617 2032 644 2079 ut
660 2029 720 2079 ultra
736 2040 785 2080 uon
799 2033 913 2097 querabn

107 2098 176 2166 quim
191 2099 319 2152 necessitas
335 2099 444 2164 requirat.

404 2244 566 2334 iuncosus
581 2282 610 2333 ιι.
711 2308 713 2317 -

224 2406 309 2451 Utrum
318 2404 506 2461 intemperentia
518 2406 551 2450 sit
559 2407 651 2465 puerile
661 2411 794 2479 peccalum¹

138 2530 172 2581 ld
192 2532 316 2582 secuudum
336 2532 370 2582 sic
384 2531 524 2596 proceditur.
539 2533 633 2585 videtur
654 2534 715 2599 qudd
735 2535 915 2603 intemperantia

106 2614 154 2653 uou
170 2601 201 2651 sit
218 2603 306 2668 puerile
321 2608 448 2669 peccatum.
462 2604 521 2662 Quia
536 2618 604 2670 super
616 2608 673 2657 iilud
692 2608 800 2664 Multo..
816 2612 891 2661 xvlll
906 2626 911 2660 :

109 2687 124 2718 n
135 2669 186 2720 Nisi
199 2674 302 2723 conuersi
312 2675 401 2724 fueritis
409 2677 432 2724 ei
444 2674 574 2725 efficiamini
586 2678 643 2728 sicul
653 2679 750 2743 purvuli,
763 2685 822 2743 etc„
832 2698 848 2728 n
859 2682 913 2732 dicit

107 2740 258 2804 Hieronymus
268 2744 313 2808 (l),
325 2745 386 2809 quod
402 2747 535 2810 «paruulus
546 2760 591 2799 non
602 2755 733 2814 perseverat
746 2751 910 2817 iniracundia,

141 2865 173 2930 (l)
189 2869 232 2915 vol
246 2874 392 2931 manuposiuis
404 2877 496 2937 subm,
511 2889 562 2923 noa
575 2880 646 2927 tesso
659 2882 787 2933 amnuit,
800 2894 857 2931 aaa
874 2882 911 2931 oi·
