1934 3284
370 181 403 221 ns
418 181 584 224 mmmmm.
649 165 652 170 ’
828 178 875 226 oet

107 259 175 312 citer
192 258 292 325 nmmum
309 257 497 310 considerandum
510 263 546 312 est
562 261 590 311 rte
603 260 759 323 menie,
771 277 824 328 sen
841 268 878 318 est

74 333 138 385 sirm
146 332 211 384 cibos
223 333 247 382 et
260 333 340 396 potus,
359 335 382 383 et
392 332 419 383 de
430 332 619 398 sobrietateque
629 337 665 384 est
673 334 802 399 specialiter
812 336 873 389 ciros

78 409 176 528 unffi
197 474 357 528 abstinentiam
379 479 456 527 eutem
473 475 640 527 mnsitemnda
652 480 708 528 sunt
726 478 770 529 trie
784 494 790 529 ε
805 482 832 529 1⁰
843 481 876 532 be

75 548 130 612 ipsa
148 545 294 597 abstinentia.
309 551 338 596 2⁰
351 547 383 596 be
401 551 453 598 actu
472 546 542 610 ejus,
558 546 599 611 qui
613 551 649 598 est
660 549 784 614 jejunium.
802 554 830 600 t·
844 552 877 603 be

75 619 186 684 opposito
197 617 268 682 uitio,
283 619 341 682 qnod
356 620 393 670 est
403 618 463 682 gula.

109 691 173 744 Circe
184 691 343 742 abstinentiam
358 695 435 743 autem
447 695 579 756 comuntur
591 694 656 745 duo:
670 697 699 744 te
713 693 792 746 Utsbnr
806 694 877 747 absti-

76 763 157 816 nentia
172 763 204 816 sit
217 763 297 815 virtus.
314 767 342 813 2⁰
358 761 438 815 Ubim
455 764 486 815 sit
500 763 573 816 virtus
585 765 698 831 specialis.

379 945 536 998 ARTICULUS
550 947 570 998 t.

284 1069 369 1114 Utrrbm
384 1069 528 1116 abstinentia
538 1072 570 1116 eit
582 1072 669 1117 cirtem.

112 1198 146 1249 id
162 1195 259 1262 pomum
269 1195 304 1246 sic
320 1196 455 1261 proceriitur.
468 1196 563 1249 videtur
572 1197 634 1263 qnid
644 1199 780 1249 abstinentie
790 1211 837 1250 non
847 1200 878 1251 m't

78 1271 163 1321 uirtus.
175 1267 234 1319 bicit
245 1267 306 1319 euim
320 1268 455 1333 Apostolus,
465 1270 485 1318 1.
498 1269 567 1327 Gor..
580 1271 629 1321 btv
641 1285 647 1321 ε
659 1287 674 1318 er
683 1272 775 1322 Noaest
783 1283 877 1335 regnum

78 1342 121 1394 bei
133 1341 159 1392 in
170 1353 288 1402 sermone,
307 1342 347 1392 sed
359 1339 383 1390 in
403 1339 495 1392 virtum.
508 1358 523 1389 n
542 1342 718 1393 inabstinentia
734 1347 813 1394 entem
830 1356 877 1394 nom

79 1413 187 1465 consistit
199 1425 295 1476 regrum
308 1411 364 1473 bei3
380 1410 434 1462 dicit
443 1412 505 1462 euim
517 1413 655 1476 apostotos,
666 1414 703 1463 od
716 1415 796 1470 Rom„
807 1415 875 1466 xlv:

80 1502 95 1533 u
109 1485 163 1536 Non
177 1487 213 1534 est
223 1495 318 1548 mgnum
328 1482 369 1534 bei
383 1495 434 1534 esce
445 1487 559 1549 etpotm3
569 1501 585 1533 n
594 1485 633 1536 nbi
643 1485 699 1536 dicit
709 1486 798 1547 titossa,
813 1499 879 1538 enee

78 1557 104 1607 iu
114 1555 248 1619 absumendo
257 1567 299 1605 nec
307 1554 332 1604 in
348 1554 503 1607 manducanbo
514 1569 565 1606 esse
576 1555 698 1621 justitiam.
710 1573 724 1605 s
734 1558 795 1622 Ergo
808 1558 878 1610 absti-

79 1627 160 1680 menie
175 1639 221 1677 nou
232 1630 269 1677 est
281 1626 361 1678 rimus.

113 1704 137 1750 b.
152 1699 272 1758 Praeterea,
285 1699 423 1763 Augustinus
434 1700 491 1750 dicit
501 1701 527 1751 in
538 1700 567 1752 X.
581 1701 679 1765 Censes.
693 1703 762 1765 (ceo.
779 1704 808 1750 ot
819 1700 878 1763 )‚ed
951 1695 958 1706 “

81 1774 154 1824 boum
166 1771 262 1834 loquens
276 1786 283 1820 z
300 1772 374 1823 «iios
390 1785 426 1822 me
439 1773 550 1834 docuisti,
564 1778 590 1823 ct
604 1774 793 1838 quemadmodum
806 1773 879 1824 meat

80 1846 195 1905 cementa,
206 1841 238 1892 sic
248 1842 356 1894 elimenta
364 1847 504 1908 sumpturus,
514 1846 629 1895 accedam.
637 1860 651 1891 »
664 1845 708 1894 Sed
715 1844 878 1894 msommenu

80 1914 194 1968 moderari
206 1927 253 1964 non
265 1915 364 1978 pertinet
383 1916 411 1965 ad
425 1916 549 1975 virtutem,
564 1915 604 1966 sed
618 1916 646 1966 ad
662 1919 736 1965 mmm
749 1915 877 1966 medicinas.

80 1989 140 2051 Ergo
154 1985 204 2049 pari
218 1985 304 2038 rationo
318 1987 429 2048 moderari
444 1987 568 2050 alimenta,
583 1986 643 2050 qnod
655 1986 754 2051 partimi
768 1987 795 2037 ad
806 1985 879 2036 absti-

81 2057 193 2118 nentiam,
207 2061 298 2108 nonest
312 2059 484 2120 actusvirtutis,
497 2059 537 2109 sed
550 2059 614 2109 artis.

115 2133 139 2180 a.
153 2129 274 2193 Preietos,
289 2131 384 2182 (romnis
393 2130 466 2182 virtum
477 2130 503 2180 in
512 2130 586 2181 medio
595 2129 737 2192 consistit,n
748 2131 775 2178 ut
783 2129 878 2180 babetur

81 2203 106 2252 in
119 2202 148 2252 u.
163 2199 246 2251 seme.
262 2201 403 2253 Abstinentia
415 2205 491 2252 antem
508 2215 554 2252 non
563 2201 654 2252 ridetur
665 2202 690 2251 in
702 2200 777 2250 medio
794 2201 881 2252 conete-

82 2277 146 2338 tem,
164 2273 241 2324 sedin
258 2273 362 2337 deiectu,
377 2273 428 2325 cbm
444 2287 474 2326 ex
489 2273 643 2325 subtractione
661 2272 799 2325 nominetur.
823 2273 881 2337 Ergo

83 2345 221 2416 abstinentie
234 2358 280 2396 nou
291 2349 327 2398 est
335 2345 417 2397 virtus.

116 2421 140 2468 t.
155 2419 283 2480 Praeterea,
297 2418 358 2468 nube
374 2418 447 2470 virtus
465 2417 564 2470 excludit
582 2417 657 2467 etiam.
677 2416 723 2466 sed
743 2414 882 2466 abstinentia

83 2487 185 2542 excludit
194 2487 341 2553 patientiam
352 2489 408 2542 dicit
414 2491 475 2540 enim
485 2489 606 2554 Gregorius
616 2489 642 2538 in
652 2489 753 2538 Pastor.
766 2486 831 2550 (part.
841 2486 879 2550 111,

84 2559 195 2612 admouit.
206 2559 268 2623 tob,
283 2559 343 2624 qubd
357 2578 371 2609 a
381 2561 543 2612 abstinentium
557 2564 646 2611 mentes
658 2559 791 2622 pierumque
804 2555 881 2622 impa-

84 2631 165 2684 tientia
182 2632 267 2682 excutit
277 2633 289 2682 b
299 2633 350 2684 sinu
360 2633 538 2696 tranquillitatis.
549 2648 563 2680 e
576 2633 662 2682 ibidem
676 2630 743 2681 etiem
754 2627 810 2679 dicit
820 2627 880 2691 quot

85 2722 101 2755 a
113 2703 263 2768 cogitationes
272 2704 432 2756 abstinentium
440 2717 603 2769 nonnunquam
614 2703 726 2769 superbie
734 2701 800 2764 culpa
808 2704 881 2749 trans

84 2776 149 2841 igit,
161 2792 174 2823 n
190 2777 214 2826 et
228 2775 260 2826 ita
273 2776 372 2828 excludit
385 2777 544 2828 bumilitatem.
559 2777 619 2842 Ergo
632 2772 766 2827 abstinentie
783 2783 828 2824 nor
845 2774 882 2822 est

84 2849 167 2900 virtum.

116 2919 165 2972 Sei
175 2923 254 2973 contre
267 2926 318 2988 est,
330 2921 392 2988 quod
405 2921 489 2974 dicitur
507 2925 536 2976 tl.
553 2925 632 2983 Pete„
648 2911 879 2973 instruentem
962 2964 963 2979 ἶ
