1934 3284
342 209 373 248 DE
388 209 529 248 Uibium-
544 166 557 180 ⁵
618 226 620 233 ν
788 197 834 244 667

64 287 99 338 Ad
109 287 208 352 primum
221 299 275 350 ergo
285 286 420 350 dicerem,
430 285 491 349 qubd
502 285 623 340 assiduitas
633 285 688 336 tacit
700 284 834 336 ebrietatem

34 373 87 412 esse
100 363 219 424 peccatum
230 359 341 418 mortale,
354 371 400 408 nou
412 362 505 422 propter
516 358 587 409 setam
600 358 743 409 iterationem
759 357 833 416 sctis,

36 433 76 483 sed
90 432 144 496 quia
158 445 204 482 uon
216 435 354 496 potestesse
365 431 424 494 qubd
436 433 505 482 bomo
519 430 609 482 assidue
621 431 775 494 inebriemini,
781 429 837 494 quim

35 504 113 555 sciens
127 507 150 554 et
162 504 240 554 uolens
252 503 382 554 ebrietatem
396 503 508 561 incurram
520 503 573 553 dum
592 502 709 553 multoties
722 503 837 567 experitur

33 577 190 628 fortitudinem
205 575 266 637 viui,
281 579 305 626 et
317 590 381 626 suam
395 575 535 627 habilitatem
551 575 579 625 ad
590 575 733 626 ebrietatem.

66 649 102 698 bu
114 647 237 698 secundum
251 649 386 712 dicendum,
395 647 456 712 quid
467 649 520 712 plus
529 661 619 698 sumere
627 648 653 696 iu
664 649 716 698 cibe
730 648 768 698 rel
778 651 837 712 putu

37 719 107 784 quim
121 731 218 772 neeesse
229 718 258 770 sit
268 758 276 780 ‚
285 720 384 784 pertinet
394 721 422 770 ad
435 720 518 769 ritum
529 719 609 781 gule,
623 732 673 782 quc
687 731 735 768 uem
747 732 839 782 semper

35 796 72 844 est
86 794 205 856 peceatum
219 792 321 842 mortale.
332 793 376 844 Sed
385 792 437 857 plus
451 804 541 842 sumere
554 791 578 840 iu
588 796 643 854 putu
656 790 754 842 scienter
767 803 839 851 usque

38 865 68 914 ad
91 861 240 924 ebrietatem,
252 864 296 913 hcc
315 867 352 914 est
367 867 487 928 peecatum
499 862 603 913 mortale.
618 863 683 913 Unde
702 861 840 926 Augustinus

36 935 94 987 dicit
110 933 134 985 irr
147 934 177 985 X.
193 935 322 999 Conferet
335 948 386 1000 cap.
404 939 433 986 at
445 935 470 998 t:
488 950 503 982 c
516 935 620 984 Ebrietas
631 932 699 998 leuge
714 937 751 984 est
761 933 775 982 b
787 945 838 995 me3

39 1004 188 1057 misereberis
199 1019 228 1056 ue
242 1006 407 1071 appropinquet
421 1005 486 1056 mibi.
501 1006 597 1070 aruum
604 1005 639 1071 (t)
649 1009 726 1056 autem
735 1018 842 1056 nemau-

38 1092 108 1144 quam
124 1077 238 1142 subrepsit
250 1091 317 1130 serve
329 1083 401 1130 tuo.»

71 1151 105 1201 Ad
116 1149 346 1214 tertiumdecimum,
357 1149 416 1214 qubd
425 1149 483 1200 simt
492 1150 578 1200 dictum
588 1151 678 1214 est(qu.
690 1153 745 1212 ttt,
754 1153 796 1201 art.
806 1153 841 1213 6),

40 1223 107 1274 cibus
121 1225 144 1272 et
157 1226 226 1285 potus
239 1224 273 1272 est
286 1222 437 1274 moderandus
452 1221 575 1272 secuudirm
592 1221 652 1286 quid
666 1222 777 1285 competit
794 1235 843 1272 ccr-

39 1293 104 1360 pcris
123 1292 256 1343 ualetudini.
272 1294 301 1343 lit
318 1293 369 1344 ideo
389 1293 446 1344 sicut
465 1294 599 1356 quandoque
617 1293 729 1357 mutiagit
741 1297 767 1344 ut
780 1293 844 1344 cibus

39 1367 77 1417 vel
94 1368 165 1430 pctus
178 1363 218 1427 qui
237 1368 274 1416 est
285 1366 413 1417 moderatus
428 1378 497 1425 sano,
511 1365 542 1414 sit
555 1366 680 1428 superfluus
694 1365 797 1428 infirmo,
811 1365 844 1416 ita

40 1438 111 1490 etiem
130 1438 209 1500 potest
224 1449 237 1486 e
253 1449 362 1488 converso
377 1435 509 1500 contingere
522 1437 600 1487 atille
613 1437 652 1500 qui
668 1440 705 1487 est
718 1437 845 1501 superfluus

40 1523 115 1569 sarra,
127 1507 157 1558 sit
170 1509 298 1564 moderatas
311 1508 408 1560 infirmo.
418 1509 448 1558 Et
458 1510 501 1558 bec
510 1509 578 1559 modu
588 1507 642 1558 cirm
655 1507 739 1571 aliquis
750 1499 846 1559 muttbm

41 1579 145 1632 comedit
157 1579 193 1630 vel
206 1578 264 1630 bibit
281 1579 404 1632 secuudbm
419 1579 540 1632 consitium
557 1580 674 1631 medicine
691 1581 719 1630 ad
735 1579 846 1630 rombum

41 1651 229 1718 provocandum,
243 1655 336 1702 nonest
349 1652 488 1715 reputandus
502 1651 628 1716 superfluus
641 1651 705 1700 cibus
717 1652 754 1701 uei
765 1655 841 1714 putus.

43 1727 92 1776 Nec
106 1729 185 1773 tamen
194 1723 222 1772 ad
232 1722 342 1774 vomitum
351 1723 520 1786 provocandum
532 1723 654 1787 requiritur
661 1722 721 1786 quiri
735 1723 765 1772 sit
776 1726 845 1786 petus

43 1795 179 1856 inebrians,
193 1793 245 1857 quia
256 1793 325 1852 etiam
341 1796 409 1858 potus
422 1806 486 1858 aquea
497 1793 581 1857 tepide
595 1794 706 1844 remitum
717 1798 807 1857 causat3
823 1795 849 1843 et

42 1869 97 1918 ideo
112 1870 207 1932 propter
225 1866 285 1916 banc
300 1876 391 1914 causam
408 1869 613 1915 concremaretur
634 1864 715 1928 aliquis
731 1865 759 1915 ab
772 1864 847 1915 ebrie·

40 1944 100 1992 tate.
120 1977 122 1984 s

341 2041 502 2096 ARTICULUS
514 2045 554 2094 ΠΙ.

147 2171 233 2216 stiriam
248 2171 348 2216 ebrietas
367 2171 398 2215 eit
413 2170 583 2227 pravissimum
601 2172 758 2227 peccatorum.

79 2297 223 2351 biterbium
239 2297 273 2347 sic
284 2296 420 2362 proceditur.
438 2297 533 2347 Videtur
543 2295 603 2360 qubd
620 2295 850 2357 ebrietassitgravis·

47 2373 136 2424 simum
152 2372 306 2433 peccatorum.
316 2369 374 2420 Dicit
388 2368 449 2420 enim
462 2370 636 2433 Chrysestemus
648 2367 747 2432 (Homil.
763 2370 793 2416 58
805 2405 812 2426 ‚
825 2366 851 2416 iu

47 2441 175 2506 Marte),
187 2439 248 2504 quta
262 2458 275 2490 u
288 2439 345 2492 nihii
356 2445 391 2492 est
402 2442 437 2492 ira
446 2440 542 2492 daemoni
556 2439 669 2501 amicum,
682 2437 742 2488 sicut
754 2438 855 2488 ebrietas

51 2602 127 2648 etism
140 2599 240 2645 retertur
256 2597 279 2642 in
293 2593 493 2648 mentientium
506 2598 556 2656 XV,
572 2608 612 2653 qu.
624 2594 652 2655 1,
666 2607 720 2654 cap.
732 2595 796 2641 Suet
805 2594 857 2641 diu·
888 2630 895 2644 .

50 2666 143 2713 cimaea,
160 2673 202 2720 pro
214 2673 260 2718 quo
274 2661 336 2719 priim
347 2661 461 2706 dicimur.

86 2732 120 2794 (1)
144 2734 180 2780 Sic
201 2746 230 2779 ex
251 2745 326 2792 gumen
345 2731 465 2800 κραιπάλη
485 2731 559 2790 dieta,
580 2730 642 2787 quid
668 2729 740 2775 faciat
762 2728 858 2799 κάρψω

49 2805 202 2866 retinueritis,
216 2806 261 2850 hue
271 2811 307 2851 est
320 2811 389 2863 eaput
397 2805 498 2857 concuti3
511 2809 535 2848 et
545 2805 575 2848 ab
584 2804 697 2850 ebrietate
710 2800 858 2858 differtqubd

54 2879 162 2926 ebrietas
174 2889 265 2922 emnem
276 2889 369 2924 sensum
384 2866 472 2922 adimat
478 2909 485 2935 ,
502 2877 585 2932 utiam
597 2875 680 2932 summ
693 2875 786 2932 mapuia
801 2872 858 2918 verb

50 2943 134 2989 turbet
150 2939 319 2998 aliquantutum
339 2941 377 2987 uei
393 2939 494 2999 afficiat,
507 2939 568 2987 rium
579 2939 605 2986 im
617 2939 661 2988 tib.
680 2937 859 2988 mmmm
