1934 3284
143 241 189 291 tta
247 253 356 292 securus
372 251 500 302 amon,
520 251 613 299 numer.
631 251 703 302 cxxv,
727 251 782 291 aar.
799 253 833 292 m.

173 331 308 394 Respondeo
327 330 462 394 moenium,
477 329 538 394 quoa
553 327 612 380 sieut
624 327 692 395 sopri
706 329 793 382 dictum
810 334 860 394 est,
876 329 938 380 timor

142 405 263 467 peccatum
279 405 315 453 est
336 401 535 465 secretim-qaod
553 406 588 452 est
607 401 758 464 inordinatus,
773 405 840 466 prout
858 401 939 452 scilicet

143 472 228 536 retegit
244 475 304 538 quot
318 485 364 524 non
383 478 419 525 est
437 471 563 524 secundnm
577 473 689 524 rationem
708 472 879 536 refugiendum.
894 473 939 521 lter

145 549 220 596 autem
238 545 375 598 inordinatio
388 546 476 596 umoris
489 547 623 610 quandoque
635 545 724 609 quidem
738 544 847 596 consistit
860 545 885 594 in
897 545 940 594 solo

144 616 245 681 appetitu
261 617 383 680 sensitivo‚
393 630 441 668 non
455 616 632 680 superueniente
648 628 761 666 consensu
774 615 895 666 rationalis
907 630 941 679 ap

145 687 244 752 petitts;
259 689 328 739 etsie
342 701 388 739 non
404 691 543 752 potestesse
560 690 677 751 peceatum
693 687 804 751 mortale,
818 689 864 738 soal
874 687 941 738 solim

146 760 244 811 veniale.
257 763 396 825 Quandoque
417 759 471 812 rent
488 759 618 824 hujumodi
632 759 772 810 inordinatio
790 758 883 812 timoris
898 772 942 823 per-

147 831 213 895 tingit
231 846 305 896 usone
318 833 347 882 ad
365 833 489 898 appetitum
508 829 660 894 rationalem,
675 829 714 894 qui
727 831 811 882 dicitur
823 831 942 891 voluntas,

148 917 198 967 qua
211 917 240 954 ex
251 904 323 955 libero
333 904 425 954 arbitrio
434 903 517 966 retugit
530 901 615 966 aliquid
628 915 673 953 non
687 901 813 953 muntium
824 903 941 964 rationem

148 978 173 1025 et
186 975 238 1026 talis
251 975 387 1026 inordinatio
400 975 487 1025 timoris
500 975 634 1038 quandoque
651 977 687 1025 est
699 978 820 1038 peccatam
836 973 941 1033 mortale,

148 1049 283 1111 quantoque
289 1047 388 1098 reniale.
397 1045 423 1096 Si
430 1046 493 1097 enim
502 1045 584 1110 aliquis
592 1045 798 1111 propterlimorem
809 1059 857 1112 quo
864 1044 941 1107 relegit

149 1119 275 1183 perieulum
291 1120 387 1184 mortis,
400 1119 438 1169 rel
455 1119 612 1182 quodcumque
630 1118 690 1168 aliud
706 1117 831 1182 temporale
849 1118 943 1176 malum,

150 1191 185 1241 sic
198 1191 321 1255 dispostm
330 1194 367 1241 est
375 1194 402 1241 nt
411 1190 478 1241 iaciat
487 1190 569 1254 aliquid
580 1189 733 1254 prohibitum,
742 1191 779 1241 vel
790 1191 945 1254 prater-mittat

150 1263 233 1327 aliquid
244 1264 304 1326 qnod
317 1266 353 1313 est
361 1266 499 1328 preceptum
509 1263 534 1312 in
549 1261 600 1325 lege
613 1261 845 1326 divionensium
856 1266 943 1328 estpee-

150 1339 227 1383 catum
241 1335 349 1398 mortale;
365 1335 464 1398 aloquin
477 1335 521 1385 erit
530 1337 649 1402 peccatum
660 1333 757 1384 veniale.

182 1405 326 1470 ltprimum
340 1414 394 1470 ergo
411 1407 547 1469 dicendum,
560 1405 620 1469 qood
636 1404 694 1456 ratio
706 1405 746 1456 illa
758 1406 864 1470 procedit
884 1407 912 1458 de
922 1404 943 1454 ti·

151 1491 215 1530 more
228 1479 350 1530 secundirm
363 1478 425 1543 qnod
438 1478 542 1529 consistit
555 1478 615 1529 intra
625 1477 805 1530 sensualitatem.

104 1554 107 1562 “
184 1550 353 1601 adsecundum
366 1551 500 1610 dimotum,
515 1551 655 1615 quodetiam
670 1552 751 1602 Glossa
763 1551 803 1602 illa
821 1557 901 1618 potest
919 1552 945 1600 in·

152 1622 225 1686 telligi
237 1625 266 1674 de
279 1622 360 1674 timore
373 1623 397 1672 in
414 1622 560 1674 sensualitate
574 1623 694 1688 exiente.
709 1623 752 1674 Vel
771 1630 849 1688 potest
873 1623 944 1676 melis

154 1693 213 1763 dici,
226 1695 337 1758 qutd'ille
352 1711 366 1742 o
379 1697 427 1745 toto
440 1696 507 1746 corde
524 1700 636 1755 terretur,
656 1712 669 1742 u
685 1693 752 1758 cujus
768 1699 874 1748 animum
888 1698 946 1747 timor

154 1766 226 1818 rinmt
235 1767 410 1832 irreparabiliter
419 1768 469 1832 (1);
483 1770 559 1832 potest
572 1771 648 1818 autem
661 1767 792 1830 contingere
809 1768 945 1834 quodetiam

152 1839 220 1890 timor
232 1838 262 1889 sit
274 1843 392 1904 peccatum
408 1841 520 1902 mortale,
533 1844 667 1890 nontamen
682 1838 765 1902 aliquis
782 1839 816 1891 ita
835 1838 943 1892 obstinati

154 1913 250 1962 terretur
267 1911 322 1974 quin
334 1901 518 1974 persuasioiribus
532 1911 632 1962 revocari
645 1906 731 1982 possim
744 1911 804 1962 sient
812 1915 943 1978 quandoque

155 1983 237 2048 aliquis
252 1983 376 2033 mortaliter
386 1998 502 2049 peccans,
518 1982 705 2048 concupiscentie
722 1985 905 2050 consentiendo,
918 1997 945 2034 re·

156 2059 250 2106 comior
267 2069 297 2107 ue
317 2068 387 2121 opere
400 2057 495 2121 impleat
511 2056 571 2120 quod
587 2054 705 2119 proposuit
716 2055 799 2107 lacere.
952 2111 953 2128 χ

187 2131 222 2182 ll
237 2130 328 2182 tertium
345 2129 480 2193 dicendum,
496 2127 555 2194 qnod
569 2127 647 2178 Glossa
659 2127 698 2178 illa
716 2127 816 2192 loquitur
832 2129 862 2182 de
877 2129 953 2182 timoro

156 2209 276 2256 revocante
289 2203 408 2254 hominem
420 2201 506 2252 abono
519 2201 579 2266 qood
592 2213 639 2251 nou
655 2205 690 2251 est
704 2200 731 2251 de
742 2202 883 2255 necessitate
898 2213 946 2268 pre

157 2277 232 2341 cepti,
245 2276 285 2327 sert
298 2276 326 2326 de
338 2275 480 2340 perfectione
496 2272 594 2324 consilii.
609 2271 672 2324 'lulis
687 2274 762 2322 autem
777 2273 849 2324 timor
862 2289 908 2326 non
920 2273 953 2336 est}

157 2353 274 2414 peccatum
288 2347 395 2409 mortale,
411 2349 451 2398 sed
466 2346 598 2410 quandoque
609 2345 712 2408 veniale3
729 2345 866 2410 quandoque
885 2346 945 2398 etiam

157 2435 204 2471 non
214 2426 248 2472 est
260 2418 453 2485 peccatum‚putt
465 2416 517 2468 uiam
526 2417 606 2482 aliquis
617 2417 687 2468 habet
694 2415 854 2468 rationabilem
863 2425 946 2472 oausam

157 2492 254 2544 timoris.
952 2505 953 2550 t

190 2610 227 2673 (t)
239 2614 271 2658 ut
283 2612 354 2658 verba
366 2610 417 2666 ipsa
427 2622 475 2667 prae
485 2621 511 2656 oe
520 2609 607 2669 lerant,
616 2607 668 2655 enm
677 2621 731 2656 eum
741 2608 822 2656 dicunt
832 2623 876 2668 per
883 2616 948 2675 eppo

158 2675 228 2719 situm
245 2675 384 2733 trepidare,
395 2673 436 2718 ceo
457 2685 509 2718 ooo
529 2674 620 2720 tmere·
633 2677 680 2720 loto
694 2671 766 2720 corda
779 2673 824 2731 que
839 2673 953 2734 raporum]

156 2741 248 2796 potue,-
262 2737 357 2789 sicutet
369 2736 472 2793 origenis
486 2742 561 2784 textus
575 2737 655 2783 habet.
952 2735 953 2762 i
