1934 3284
101 150 148 199 tle
205 155 313 196 saonam
329 156 456 205 mouson,
470 156 563 201 ouusr.
581 154 679 205 amri,
695 155 750 195 aar.
768 157 795 194 n.

132 236 284 297 (consensio.
294 232 409 283 -lnauis
424 232 501 297 gloria
515 230 641 283 inordinata
654 231 766 297 cupiditas
779 233 896 298 magnani-

102 305 175 356 mitati
185 304 339 368 adversatur.)

132 377 268 441 despondeo
281 375 416 442 dicendum,
426 377 487 441 qnod
496 375 630 441 sieutsupri
641 376 768 428 dictumest
778 376 835 443 (qu.
844 378 898 441 tot,

101 452 144 499 art.
159 452 172 499 1
187 448 215 498 ad
225 448 265 512 t),
279 447 349 512 gloria
359 449 494 512 estquidam
507 448 601 499 effeetus
615 448 708 499 honoris
721 450 744 499 et
754 447 830 499 laudis
850 462 857 497 τ
872 462 900 498 ex

101 523 145 573 hoo
158 521 219 572 euim
235 520 295 585 quod
308 520 389 585 uliquis
402 522 505 571 laudatur
518 520 555 571 rel
574 532 722 583 wumque
735 520 868 572 reverentia
880 519 901 571 ei

102 592 232 654 exhibetur,
244 591 344 643 redditur
354 593 428 643 clarus
438 593 463 643 in
470 591 552 643 notitia
563 592 666 643 aliorum.
680 592 709 642 tlt
720 592 774 657 quia
782 593 901 658 magnani-

103 666 170 716 mitas
180 671 215 716 est
225 666 350 726 honorum,
362 668 388 715 ut
402 664 470 729 supra
483 664 614 715 dictumest
624 663 675 729 (qu.
690 666 745 729 tte,
756 668 799 716 art.
809 667 822 713 1
834 668 858 715 et
870 666 903 729 tl,

102 750 243 802 mnsequens
263 739 299 788 est
320 735 389 787 etiam
405 739 430 786 ut
448 736 478 787 sit
498 736 557 787 eirea
575 735 681 799 gloriam3
697 740 722 785 ut
740 736 828 787 seilicet
843 737 903 787 sicut

102 808 183 873 aliquis
196 806 309 860 moderate
323 807 392 857 utitur
400 809 499 868 honore,
513 807 545 857 ita
559 808 627 858 etiam
640 806 756 859 moderate
770 811 847 858 utatur
855 808 903 873 glo·

102 878 146 931 rit.
157 880 187 930 Et
205 880 258 932 ideo
270 879 413 931 inordinatus
430 879 545 944 appetitus
559 878 634 943 glorie
648 878 733 931 directi
746 880 904 945 magnanimi-

102 954 146 1006 tati
155 954 285 1019 opponitur.

134 1026 169 1076 hd
186 1026 285 1090 primum
304 1038 358 1089 ergo
373 1024 492 1078 dioeudum
502 1061 511 1088 ‚
521 1022 582 1087 qudd
599 1025 644 1075 hoe
660 1024 736 1088 ipsum
749 1021 904 1089 magnitudini

103 1097 173 1149 animi
185 1099 310 1162 repugnat,
325 1096 386 1161 qudd
400 1096 483 1160 ahquis
494 1109 531 1147 res
545 1095 644 1147 modicas
652 1098 740 1147 tauhrm
751 1096 903 1161 appretietur,

58 1176 64 1189 ·
102 1168 164 1233 quod
178 1169 206 1220 de
222 1169 255 1221 eis
268 1168 375 1232 glorietur
389 1182 395 1217 ε
410 1168 510 1219 undeet
526 1168 551 1217 in
564 1168 601 1218 lv.
618 1168 732 1218 litletoor.
752 1168 795 1231 (ut
809 1167 903 1233 supra),

103 1240 185 1292 dieitur
203 1241 232 1291 de
252 1239 396 1303 magnanimo
413 1238 475 1303 qudd
490 1238 513 1289 ei
528 1241 563 1289 stt
576 1238 653 1289 honor
672 1253 779 1305 minoe.
795 1238 904 1290 Similiter

102 1310 171 1363 etiam
182 1312 227 1363 alia
245 1324 294 1375 quae
307 1313 398 1375 propter
409 1312 518 1362 honorem
531 1314 662 1375 queruntur
679 1310 758 1376 (puta,
771 1314 905 1377 potentatus

102 1380 243 1446 etdiritia),
252 1395 322 1447 parua
333 1382 507 1446 reputanturuab
526 1396 561 1435 eo.
576 1382 685 1433 Similiter
700 1382 769 1434 etiam
788 1384 904 1448 magnitu-

102 1454 151 1505 dini
167 1453 237 1504 auimi
249 1458 360 1519 repugnat
376 1453 436 1517 quod
453 1454 534 1519 aliquis
551 1456 579 1505 de
594 1454 632 1505 his
649 1467 701 1519 quae
720 1468 766 1505 non
787 1458 843 1505 sunt
856 1455 904 1519 glo-

21 1578 26 1581 .
102 1524 905 1593 rietur:undedemaguanimodioiiurlliiidie.(utsuprhhuquhd

103 1595 174 1659 magis
187 1598 251 1645 curat
263 1594 379 1645 veritam
389 1595 456 1659 qoam
470 1596 637 1661 opinionem.»
650 1596 760 1649 Similiter
774 1597 845 1649 etiam
857 1610 905 1647 ura-

102 1666 214 1733 gnitudini
228 1665 298 1717 animi
317 1669 428 1730 repugnat
443 1667 505 1731 quhd
518 1668 598 1731 aliquis
610 1668 717 1732 glorietur
730 1667 755 1717 iu
769 1668 903 1721 testimonio

103 1738 176 1790 laudis
190 1740 310 1803 humana,
323 1739 389 1803 quasi
407 1740 451 1789 hoo
473 1740 581 1804 mlgnum
601 1740 684 1803 ahquid
704 1739 803 1794 aestimet
822 1757 828 1791 :
844 1742 904 1791 uude

103 1812 131 1863 de
145 1810 287 1875 magnanimo
301 1810 382 1861 dieitur
394 1810 419 1860 iu
431 1811 470 1862 lll.
481 1811 565 1863 tilleio.
582 1812 736 1878 (utsupra),
752 1812 813 1878 quod
829 1832 845 1863 u
858 1826 904 1864 non

103 1886 139 1934 est
155 1884 176 1933 ei
189 1896 242 1933 curu
251 1883 277 1934 ut
286 1884 424 1934 laudetur.»
438 1882 467 1933 Et
479 1884 513 1935 siu
526 1898 552 1935 ea
566 1896 616 1948 qua
627 1884 677 1935 aliis
688 1885 812 1935 virtutihus
829 1897 905 1951 oppo-

104 1960 200 2016 nuntur,
216 1954 273 2005 nihil
286 1955 390 2020 prohibet
406 1956 490 2019 opponi
502 1956 697 2021 magnanimitati,
707 1956 832 2008 seeundum
844 1955 904 2021 qudd

104 2028 564 2092 hahentpromayisgraprrvasnut.
610 2080 613 2087 Δ
649 2080 652 2083 .
754 2044 762 2065 ·

22 2156 24 2166 ,
135 2106 169 2148 att
182 2093 306 2149 seeundum
317 2096 448 2158 dieendhm,
459 2097 519 2161 quod
532 2097 607 2149 inanis
621 2099 697 2163 gloria
709 2102 805 2165 cupidus
816 2114 901 2153 seeun-

104 2169 157 2220 dirm
167 2172 199 2221 rei
208 2170 325 2221 veritatem
334 2168 431 2221 delinita
442 2170 599 2233 magnanimo,
610 2172 663 2235 quia
676 2172 782 2224 videlieet
796 2173 904 2237 gloriatur

103 2242 127 2291 in
139 2243 177 2293 his
191 2257 241 2306 qua
259 2244 417 2305 magnanimus
432 2254 505 2307 parua
527 2242 635 2308 aestimat,
654 2248 679 2295 ut
692 2245 778 2296 dietum
797 2250 842 2297 est.
859 2246 902 2297 Sed

104 2315 268 2365 considerando
289 2314 463 2365 estimationem
481 2314 544 2379 ejus,
560 2316 682 2379 opponitur
696 2316 843 2381 magnanimo
863 2330 903 2383 per

102 2400 233 2449 eremmon,
246 2386 300 2451 quia
313 2386 419 2438 videlieet
433 2386 547 2451 gloriam,
557 2400 624 2450 quam
638 2388 737 2453 appetit,
752 2392 846 2454 reputat
857 2388 901 2439 ali-

103 2456 157 2521 quid
174 2470 289 2521 magnum,
303 2462 326 2508 et
338 2459 365 2509 ad
380 2471 431 2509 eam
440 2456 593 2529 tendit'supra
609 2474 672 2511 suam
685 2460 828 2525 dignitatem.

135 2527 168 2576 hd
181 2528 273 2577 tertium
286 2528 421 2590 dioeudum,
435 2527 496 2593 quod
513 2527 571 2579 sieut
584 2542 651 2594 supra
666 2530 751 2580 dictum
767 2534 819 2595 est,
833 2545 902 2598 oppo-

103 2597 155 2650 sitio
165 2598 270 2649 uitiorum
279 2613 325 2650 non
333 2600 456 2652 attenditur
466 2601 592 2653 seeuudirm
604 2602 721 2653 affectum.
730 2604 758 2653 Et
769 2604 847 2655 tanum
860 2606 902 2657 hoe

103 2672 180 2733 ipsum
189 2671 338 2733 magnitudini
346 2673 417 2723 animi
427 2672 559 2738 opponitur,
571 2672 632 2737 quod
642 2676 722 2741 aliquis
732 2678 901 2729 contentionem

104 2739 206 2789 intendat
223 2740 319 2791 :nullus
341 2744 403 2793 euim
419 2743 536 2795 contendit
556 2743 603 2793 nisi
621 2758 663 2809 pro
679 2760 704 2797 re
718 2760 786 2810 quam
807 2748 901 2809 aestimat
947 2764 948 2783 ¹

105 2823 217 2873 magnam.
238 2812 302 2861 Unde
316 2813 466 2879 Philosophus
482 2814 538 2865 dicit
550 2814 573 2865 in
589 2815 628 2865 lV.
644 2818 740 2874 didio„
755 2816 814 2883 qudd
831 2834 900 2871 «ma-

105 2880 225 2943 gnanimus
233 2892 281 2933 non
293 2884 329 2934 est
340 2886 509 2949 retentionis,
521 2885 576 2951 qnia
586 2884 643 2943 mhi
653 2888 873 2957 esmatmaguum.
886 2904 899 2940 u
947 2910 948 2929 t
