1934 3284
94 171 140 218 tto
206 176 316 217 monna
330 175 455 226 mennon,
473 175 567 222 unns.
583 175 656 225 usur,
674 175 727 214 aar.
746 177 775 214 n.

94 255 150 308 ebur
157 267 210 320 ergo
217 256 320 306 honoret
329 253 397 318 gloria
406 253 518 317 differant,
528 257 555 304 ut
563 253 632 319 sopri
639 251 723 304 dictum
732 257 770 303 est
778 253 888 317 (ondit,

94 331 136 378 art.
149 329 171 389 l,
185 327 213 376 ad
225 326 258 390 t),
271 325 359 376 ddetur
368 325 428 390 qrrbd
441 326 510 375 etiam
524 325 653 374 homnium
666 324 742 375 didort
756 324 769 374 h
782 325 873 375 decoro.

128 403 150 448 d.
166 399 290 457 Praeterea,
305 397 435 448 honestum
457 401 493 447 est
503 397 561 447 idem
571 396 664 458 uirtuti,
681 399 708 446 ut
720 395 790 460 sopri
806 396 892 446 dictum

95 469 240 533 sollerti).
253 469 297 520 Sed
306 469 388 534 aliquis
398 472 464 520 decor
472 469 620 519 contrariatur
628 467 707 518 rirtmi
722 470 802 518 :unde
811 468 893 517 dicitur

96 543 195 598 Erech„
212 541 261 592 lllll
273 556 279 592 :
298 541 411 592 ullabeos
424 539 529 591 llduciam
540 541 565 590 in
577 539 747 606 pulchritudine
758 545 807 600 toa,
820 538 893 591 forni-

97 617 146 664 cata
159 627 184 664 es
196 613 221 664 in
235 613 327 666 nomine
343 618 417 665 tuo.»
435 615 495 679 Ergo
509 614 638 664 honestum
656 618 754 664 nonest
770 611 831 662 idem
849 613 894 664 de·
956 626 958 637 ’

97 697 159 736 ooro.

128 757 172 808 Sed
185 761 262 809 eonha
276 761 326 821 est,
343 757 403 822 quod
423 757 545 822 Apostolus
557 755 625 816 dicit,
642 757 661 807 1.
682 756 719 806 od
732 757 803 816 Cor„
822 757 866 806 llll
887 771 894 806 :

99 831 177 890 «Qus
193 831 316 881 inhonesta
331 833 385 880 suut
397 834 487 888 nostra,
498 828 682 879 abundantiorem
695 829 840 878 honestatem
853 829 896 879 ha-

98 901 167 966 hent;
180 903 274 952 honesta
291 905 366 953 antem
380 907 457 953 nostra
470 900 555 951 nullius
571 903 672 964 egentn
685 900 757 950 Vocat
772 904 849 950 numm
864 899 897 950 ibi

100 974 225 1023 inhoneste
245 973 345 1024 membra
364 973 451 1038 turpia,
464 972 565 1022 domata
579 976 655 1022 autem
675 971 778 1022 membra
791 971 896 1036 pulchra.

98 1043 158 1108 Ergo
172 1045 300 1094 honestam
313 1048 337 1095 et
355 1043 474 1094 decorum
490 1043 551 1094 idcuu
567 1057 617 1094 esse
629 1043 744 1093 ridentur.

132 1117 289 1178 (Concunsro.
304 1143 337 1153 -
356 1117 418 1166 luter
436 1117 567 1166 honestum
592 1118 616 1167 et
635 1115 750 1180 spirituale
775 1115 898 1166 meorum

100 1188 187 1238 nulum
199 1191 233 1238 est
246 1188 391 1251 discrimen.)

133 1261 268 1326 llespoudeo
284 1261 421 1322 dicendum,
434 1261 494 1325 quod
513 1260 573 1312 deut
588 1259 661 1325 accipi
682 1263 758 1325 potest
775 1273 805 1311 ex
821 1259 900 1312 uerbis

102 1331 216 1398 dionysii,
227 1345 276 1397 cap.
287 1333 325 1382 lV.
339 1333 375 1382 De
384 1333 437 1384 dio.
450 1332 566 1394 Nomio„
575 1333 603 1383 ad
613 1333 725 1382 rationem
733 1331 824 1397 pulchri
833 1331 900 1397 (sire
958 1346 960 1371 t

102 1404 194 1466 decori)
208 1403 321 1454 concurrit
334 1408 357 1454 et
374 1403 462 1454 claritas
479 1407 503 1454 et
523 1404 597 1455 debita
613 1403 744 1468 proportio;
764 1402 820 1454 dicit
838 1405 902 1454 enim

103 1475 161 1540 oubd
172 1493 186 1523 n
197 1477 257 1526 heus
267 1477 348 1527 dicitur
355 1478 458 1542 pulcher,
469 1477 528 1527 siont
538 1477 696 1528 urrirersorum
709 1476 864 1527 consonantis
877 1481 901 1527 et

103 1547 210 1597 claritatis
226 1561 301 1600 causa.
314 1567 327 1596 u
342 1551 404 1600 Unde
419 1549 561 1613 pulchritudo
575 1549 674 1613 corporis
687 1547 712 1597 iu
728 1549 773 1598 hoc
794 1548 901 1599 consistit

104 1617 163 1682 quod
176 1619 245 1669 homo
267 1621 347 1672 habeat
362 1622 462 1671 membra
475 1619 575 1686 corporis
587 1619 646 1670 bene
664 1619 834 1685 proportionum
848 1633 902 1670 cum

104 1690 199 1753 quadam
215 1690 284 1742 debiti
299 1692 382 1743 coloris
401 1693 511 1743 claritate.
530 1693 559 1742 Et
576 1691 679 1742 simihter
693 1691 838 1756 pulchritudo
854 1691 903 1758 spi-

104 1761 190 1812 ritualis
203 1761 226 1812 in
238 1765 282 1814 hoc
296 1764 400 1815 consistit
417 1764 475 1828 qubd
494 1762 636 1815 conuersatio
647 1761 761 1823 hominis,
776 1763 828 1814 sine
841 1765 903 1815 actio
959 1814 960 1833 χ

105 1832 167 1897 ejus,
178 1833 209 1884 sit
217 1834 275 1886 bend
285 1836 455 1900 proportionata
463 1834 589 1886 secondum
597 1835 737 1899 spiritualem
744 1834 841 1885 rationis
848 1835 904 1886 cla-

104 1905 202 1956 ritatem.
216 1907 261 1958 lloc
271 1913 346 1958 autem
356 1909 454 1973 pertinet
464 1909 492 1958 ad
501 1909 611 1958 rationem
622 1905 729 1963 honesti,
739 1907 799 1970 quod
812 1908 866 1972 (art.
877 1907 902 1974 1)

106 1977 203 2029 diximus
218 1979 278 2030 idem
292 1993 341 2031 osse
354 1981 445 2041 sinoti,
454 1993 504 2044 que
518 1979 642 2030 secundhm
651 1977 761 2030 rationem
771 1981 904 2032 moderatur

107 2063 185 2100 omncs
200 2065 234 2102 res
249 2054 377 2103 humanas:
392 2057 415 2104 et
426 2053 476 2103 ideo
490 2054 610 2102 honestum
619 2057 656 2102 est
668 2052 727 2101 idem
740 2051 855 2115 spirituali
864 2055 909 2105 de·

107 2123 163 2172 cori.
189 2124 252 2175 Unde
271 2125 409 2188 Augustinus
429 2125 482 2175 dicit
505 2125 530 2174 iu
555 2124 595 2174 lib.
622 2124 740 2174 Llllllllll.
763 2123 903 2185 Quaestiorr.

109 2195 164 2260 (qu.
181 2198 224 2260 3⁰)
243 2213 249 2247 ε
266 2199 433 2250 «honestatem
447 2211 504 2248 uoco
516 2196 680 2261 intelligibilem
697 2195 902 2261 pulchritudinem,

84 2285 86 2292 ·
108 2281 174 2332 quern
191 2270 352 2334 spiritualem
369 2282 410 2319 nos
431 2268 520 2334 propri'o
537 2268 641 2319 diurnus.
654 2285 668 2316 u
683 2270 712 2318 ut
725 2273 806 2332 postea
826 2269 905 2320 subdit

107 2339 166 2404 qubd
182 2357 195 2389 n
215 2341 283 2391 multa
297 2345 349 2392 sunt
361 2342 455 2406 pulchra
470 2340 588 2405 visibilia,
604 2353 654 2404 que
668 2338 743 2390 minius
755 2340 848 2405 proprie
862 2343 905 2391 ho-

107 2415 178 2460 nesto
191 2413 365 2477 appellantur.»

140 2485 174 2534 hd
190 2485 286 2550 primum
301 2499 354 2548 ergo
367 2485 502 2548 dicendum,
518 2484 579 2548 qubd
592 2477 705 2549 objectum
720 2497 814 2535 movens
834 2495 904 2548 appe

109 2554 175 2604 titum
193 2560 228 2606 est
244 2557 328 2606 bonurn
348 2558 522 2621 apprehensum.
538 2557 601 2615 Quod
621 2560 697 2606 auteur
710 2555 733 2606 in
752 2555 803 2619 ipsa
823 2567 904 2619 appre-

108 2625 218 2677 hensione
233 2631 326 2692 apparet
335 2629 455 2691 decorum,
468 2628 576 2692 accipitur
588 2632 613 2677 nt
626 2627 765 2679 conueniens
777 2630 799 2677 et
807 2627 901 2677 bonurn.

38 2699 42 2707 '
109 2695 138 2746 ut
150 2697 201 2747 ideo
210 2698 266 2748 dicit
274 2699 404 2763 dionysius,
417 2697 818 2762 lv.nap.1›erttu.ht0mtu.‚qubd
831 2714 845 2743 u
854 2711 903 2747 om-

110 2766 176 2816 nibus
188 2771 223 2817 est
236 2769 355 2832 pulchrum
370 2771 490 2820 othonum
505 2769 607 2820 amabile.
625 2785 640 2816 n
653 2770 719 2820 Unde
731 2772 754 2820 et
767 2769 841 2832 ipsum
855 2767 901 2816 ho·

109 2837 220 2894 nestram,
236 2838 359 2888 secundiun
380 2840 439 2903 qubd
455 2842 524 2891 habet
538 2840 676 2904 spiritualem
694 2841 812 2903 decorem,
827 2848 898 2906 appe-

110 2905 174 2958 abbe
181 2907 291 2959 redditur.
299 2909 362 2961 llnde
372 2909 491 2962 et'lullius
501 2910 558 2962 dicit
565 2910 589 2960 iu
597 2911 616 2962 l.
624 2911 754 2975 Douma:
765 2909 893 2962 «numan
