1934 3284
376 188 408 226 DE
423 189 515 252 mind.

352 373 511 426 tuttcuntts
523 375 542 424 1.

76 497 164 542 Utruim
173 497 256 542 ironic
267 499 325 554 (per
333 511 405 556 quom
418 500 508 608 uliptpuir
518 500 546 546 dc
555 501 659 557 ccflnpit
672 501 777 558 minora)
788 507 823 548 cut

384 575 454 619 pecco
466 576 515 608 um.

76 686 111 736 tid
127 687 227 751 primum
250 687 283 739 sic
301 688 430 754 proceditur
444 689 487 754 (t).
509 688 602 740 Videtur
627 688 687 753 qudd
703 689 777 740 ironia
791 692 850 756 (per

48 771 115 822 quum
130 759 214 824 uliquis
227 760 255 810 de
267 774 292 811 se
306 760 372 824 tingit
387 761 490 825 minore)
507 775 552 812 uon
570 763 599 812 sit
613 766 742 824 peccatum.
757 763 848 814 Nullum

48 829 108 878 enim
121 833 241 894 peccatum
252 832 354 896 procedit
367 845 397 882 cx
411 831 488 882 diuina
502 833 679 896 confortatione,
694 845 724 883 en
735 846 780 897 qne
791 847 849 898 pro-

48 901 106 950 cedit
118 902 180 966 quod
193 903 276 966 niquis
286 903 315 953 de
333 917 358 954 se
368 904 457 954 minora
467 903 542 965 dicet,
555 903 679 956 sccundirm
693 905 746 954 itiud
763 906 847 964 Pron„

47 972 125 1023 XXX:
142 973 231 1025 «Vitio
244 989 312 1038 quum
326 976 415 1026 locutus
425 980 460 1026 est
473 976 508 1026 uir
519 989 570 1028 cum
582 989 627 1040 qno
638 978 672 1026 cst
685 976 757 1036 Deus,
774 981 797 1026 et
810 983 851 1041 qui

47 1043 92 1094 Deo
110 1058 192 1095 secum
207 1050 308 1097 morante
322 1047 463 1098 confortatus
481 1047 514 1098 uit
529 1062 535 1096 :
552 1045 704 1098 stultissimus
724 1059 773 1096 sum
788 1047 850 1097 rino-

47 1129 105 1165 rum.
117 1133 132 1164 ι)
143 1117 173 1166 Et
187 1118 276 1176 Amos,
289 1120 344 1182 vii,
358 1118 458 1171 dicitur:
475 1135 490 1166 o
501 1117 628 1184 Respondit
638 1119 722 1168 imos:
739 1119 787 1170 Non
798 1133 849 1168 sum

48 1189 168 1251 propheta,
180 1205 194 1236 n
204 1189 265 1254 Ergo
280 1189 353 1241 ironia
364 1189 422 1256 (per
430 1203 500 1254 quum
513 1191 595 1255 siquis
607 1189 694 1241 minora
706 1189 735 1240 de
745 1202 770 1240 se
783 1189 847 1256 dicit)

49 1264 144 1312 nonest
159 1266 290 1325 peccatum.
362 1306 363 1311 ,

76 1335 99 1382 2.
122 1334 256 1396 Preietos,
273 1333 394 1398 Gregorius
411 1333 466 1384 dicit
481 1334 507 1384 iu
526 1333 629 1400 Epistola
650 1334 678 1384 ad
700 1332 850 1397 Augustiuum

48 1405 173 1468 inpiorum
182 1405 318 1470 Episcopum
330 1421 336 1456 :
346 1424 360 1454 «
370 1407 484 1457 Bonorum
498 1403 610 1456 mentium
621 1409 657 1456 est
665 1417 717 1455 suas
729 1404 762 1456 iti
773 1406 850 1470 culpus

49 1487 189 1540 agnoscere,
203 1476 243 1529 ubi
254 1479 321 1543 cnipu
331 1492 377 1533 uon
391 1482 460 1530 est.»
474 1478 519 1528 Sed
528 1490 596 1528 omne
608 1479 727 1542 peccatum
738 1481 851 1542 repugnat

48 1546 146 1599 bonitati
156 1549 250 1600 mentis.
261 1551 321 1613 Engo
335 1550 407 1600 ironia
420 1563 466 1601 non
476 1553 512 1600 cst
521 1552 650 1613 peccatum.

78 1624 101 1669 e.
117 1621 247 1685 Praeterea,
258 1623 336 1686 sugere
348 1622 477 1688 superbiam
487 1635 532 1672 non
543 1624 579 1672 cst
589 1623 714 1684 peccatum.
727 1620 774 1672 Sed
787 1637 801 1668 u
810 1621 852 1670 nii-

49 1692 85 1755 qni
99 1693 195 1743 minora
207 1694 235 1746 de
250 1694 332 1758 seipsis
345 1686 437 1757 dicum',
452 1693 566 1756 fugientes
579 1691 703 1756 tumidum,
714 1709 727 1740 ιι
737 1696 763 1742 ut
775 1692 852 1743 Philo·

49 1765 134 1826 sophus
150 1763 207 1815 dicit
223 1764 290 1814 initi
304 1765 388 1815 Ettic.
404 1764 472 1830 (cap.
486 1768 515 1814 15
529 1764 565 1815 vei
580 1767 620 1826 13,
636 1761 676 1814 ubi
690 1761 782 1828 sopri).
793 1765 851 1828 Ergo

50 1833 120 1886 ironia
133 1848 183 1886 non
193 1840 228 1886 est
242 1842 370 1902 peccatum.
458 1900 460 1903 v

77 1905 123 1958 Sed
143 1910 223 1959 contra
242 1911 289 1971 est,
304 1909 363 1972 quod
387 1907 526 1973 Augustinus
542 1906 597 1958 dicit
621 1906 646 1956 in
663 1905 703 1955 lib.
720 1905 757 1955 De
771 1905 853 1956 verbis

51 1979 167 2041 Apostoli
183 1979 274 2045 (Serm.
289 1981 377 2045 xxti)
395 1997 401 2030 :
417 1980 497 2030 «Cim
510 1977 645 2030 humilitatis
661 1975 729 2028 causi
739 1977 851 2042 mentiris,

50 2049 67 2097 si
77 2063 123 2101 non
133 2063 187 2102 erus
197 2056 302 2115 peccator
308 2055 428 2116 numquam
438 2049 574 2111 mentireris,
581 2049 712 2100 mentiendo
721 2047 826 2100 efficeris.
835 2067 849 2098 ιι

82 2123 246 2185 (Coronosro.
258 2125 373 2175 —lronia
383 2138 443 2188 ,qua
454 2123 537 2186 uliquis
547 2123 575 2172 de
591 2135 616 2172 se
627 2121 713 2172 minore
723 2121 778 2170 dicit
790 2133 852 2170 men-

51 2191 126 2245 tiendo
137 2196 177 2245 rei
187 2197 291 2260 negando
301 2197 360 2262 quod
370 2196 395 2246 in
406 2211 430 2247 se
441 2208 549 2260 magnum
558 2197 603 2256 est,
612 2197 731 2258 peccatum
740 2197 791 2256 est;
806 2205 852 2243 non

51 2269 125 2316 autem
141 2279 169 2318 eu
183 2280 229 2332 quo
240 2268 328 2319 minora
343 2267 493 2333 proterimus,
506 2280 561 2318 rena
571 2270 664 2327 tumen,
680 2264 765 2330 mojona
779 2265 853 2319 occul·

52 2337 140 2402 tundo.)

80 2411 217 2475 Respondeo
241 2412 375 2474 dicendum,
390 2411 509 2476 quidhoc
524 2411 585 2476 quod
598 2409 668 2475 aliqui
682 2408 769 2460 minora
783 2410 811 2459 de
827 2423 852 2461 se

54 2478 139 2544 dicunt,
147 2486 226 2546 potest
239 2479 370 2548 contingere
383 2483 511 2548 dupliciter.
521 2484 571 2534 Uno
581 2484 647 2534 modo
657 2520 663 2544 ‚
675 2481 738 2532 salut
746 2481 851 2544 venete,

54 2549 105 2602 dum
123 2554 213 2605 scilicet
232 2555 317 2619 majora
336 2570 387 2619 quae
406 2555 498 2606 suntin
514 2555 608 2621 seipsis,
624 2553 735 2617 reticent;
750 2554 853 2617 quaedem

55 2622 106 2674 vcro
123 2624 212 2676 minora
229 2627 339 2690 detcgrmt
357 2628 422 2678 etde
440 2640 466 2678 se
480 2627 610 2692 prosumni,
623 2639 673 2689 quae
699 2629 773 2675 tumeo
787 2624 811 2674 iu
827 2637 852 2674 se

55 2702 103 2744 csse
115 2701 282 2760 recognoscunt
296 2703 337 2749 :et
346 2698 379 2749 sic
389 2699 476 2749 minora
488 2698 515 2748 de
528 2711 552 2748 sc
565 2697 639 2748 dicere
655 2709 700 2747 uon
711 2695 812 2761 pertinet
825 2696 853 2746 cd

87 2855 116 2920 il)
132 2862 165 2907 De
174 2861 212 2906 tus
221 2862 292 2908 etium
304 2861 383 2921 suprd,
395 2874 436 2920 qu.
446 2841 502 2920 ido,
516 2867 560 2908 nrt.
572 2861 596 2922 2,
607 2861 630 2906 iu
641 2871 717 2918 corp.;
734 2865 759 2906 ut
768 2864 792 2904 et
806 2859 847 2918 111,

56 2916 130 2972 Seni..
143 2923 252 2985 distet,
266 2937 306 2987 qu.
319 2924 348 2986 i,
363 2925 447 2985 urci,
464 2922 528 2970 edd.
