1934 3284
100 151 148 212 lad
204 157 312 210 mannua
327 164 458 218 munna,
475 162 570 214 oum.
584 164 666 216 eman,
682 162 737 204 aar.
754 165 791 205 nr.

100 253 175 300 hmen
193 247 309 298 dilicilins
324 249 361 298 cst
379 245 488 296 musore
500 244 570 309 quiin
584 242 643 305 ire,
657 241 771 305 madia,
785 243 811 292 st
823 239 901 292 timori

101 318 248 384 quorumdam
263 319 359 370 aliorum
376 318 495 368 malornm.

133 392 166 441 td
176 391 268 442 tertium
280 391 415 453 dicendum,
424 389 487 454 quod
500 390 524 439 in
533 387 655 439 timiditate
662 386 825 438 comitentur
832 385 906 449 magis

101 462 252 514 voluntarium
266 462 437 523 innumerum,
450 461 527 512 minis
535 466 611 511 tamen
624 459 649 509 in
663 458 804 524 particulari.
817 457 907 509 Etiden

102 534 126 584 in
143 547 170 586 ea
189 537 225 585 est
237 533 311 598 inopis
327 533 481 585 uoluntarium
495 530 620 584 arcuatim
633 531 690 596 qnid
700 569 706 593 ,
716 535 741 582 et
756 543 803 583 non
815 529 910 595 simpli·

102 606 167 658 citer.

396 710 557 762 sauchitis
572 711 612 762 lv.

109 839 194 886 Utrdm
213 841 336 896 peccatone
356 837 547 896 intemperantia
561 837 593 881 eit
613 836 718 882 macinae
736 836 911 894 exprobrabile.

136 967 168 1017 ad
182 971 288 1030 smmum
305 965 339 1014 sic
351 964 490 1028 proceditur.
501 963 596 1013 Videtur
612 961 674 1025 pubd
686 965 807 1027 pematum
826 963 912 1013 intem·

105 1038 213 1103 perenm
228 1049 275 1087 non
286 1034 318 1086 sit
327 1034 425 1086 maximi
442 1033 609 1098 exprobrabile.
623 1033 688 1083 Sicut
702 1032 765 1083 enim
780 1035 858 1084 honor
869 1035 913 1085 do-
949 1072 950 1119 p

105 1110 171 1160 betur
186 1108 279 1167 uirtuti,
293 1107 325 1156 itu
347 1105 492 1169 exprobratio
510 1106 606 1155 debetur
623 1108 728 1169 peccato
739 1105 786 1155 Sed
806 1107 912 1170 qondam
949 1152 950 1155 ,

106 1185 197 1246 wuda
209 1182 263 1230 sunt
276 1177 378 1242 puriora
387 1177 456 1240 quim
469 1176 659 1242 intemperantia,
674 1176 735 1226 sicut
747 1177 911 1240 homicidium,

106 1250 261 1316 blasphemia,
274 1252 299 1299 et
311 1248 355 1298 aliu
373 1248 495 1311 ejusmodi.
508 1249 570 1313 Ergo
588 1251 708 1313 peccatum
726 1247 912 1312 intemperantia

107 1327 197 1375 nonest
210 1319 308 1371 maximi
322 1319 489 1382 exprobrabile.

129 1389 162 1443 'a
173 1395 299 1454 Prcterea,
318 1394 410 1454 peccatu
424 1403 474 1454 qnu
489 1393 543 1440 sunt
557 1390 632 1453 magis
644 1390 789 1455 communia,
803 1391 911 1443 ridentur

108 1464 183 1515 minds
200 1477 253 1514 esse
274 1461 454 1526 exprobrabilis,
474 1474 503 1512 eo
522 1461 584 1525 quod
603 1462 633 1512 de
649 1462 685 1512 his
707 1462 815 1514 homines
837 1463 914 1514 minis

107 1535 294 1586 verecundantur.
303 1533 350 1583 sed
363 1536 457 1596 peccata
468 1532 651 1596 intemperantis
664 1536 719 1583 sunt
730 1533 833 1586 nummi
846 1549 910 1586 com·

110 1606 201 1669 munim
213 1605 266 1670 qnia
281 1609 335 1655 sunt
347 1604 408 1654 circa
421 1617 450 1654 ea
465 1617 518 1668 quc
527 1604 678 1654 eommnmter
689 1603 714 1654 in
725 1617 795 1654 nsum
806 1607 912 1658 humane

109 1679 163 1729 ritu
181 1679 291 1740 ueniunt,
303 1677 328 1728 in
343 1677 424 1738 quibus
440 1677 509 1727 etiam
518 1675 611 1740 plurim
622 1679 727 1740 peceant
741 1677 804 1739 ispo
820 1683 913 1742 peccata

111 1749 289 1813 intemperantia
302 1761 348 1798 non
362 1749 467 1798 videntur
485 1761 535 1798 esse
550 1746 649 1798 mummi
660 1747 838 1809 exprobrabilis.

143 1825 166 1871 3.
182 1822 307 1882 Prolem,
316 1818 469 1882 Philosophus
483 1817 540 1867 dicit
549 1818 575 1867 in
586 1817 634 1868 vtl.
647 1817 739 1881 liidie,
756 1819 818 1882 qnod
833 1825 914 1872 alem

111 1896 213 1957 pernntln
224 1897 248 1942 et
263 1890 438 1955 intemperantia
450 1893 507 1940 sunt
518 1890 578 1939 circa
590 1889 789 1954 concupiscentias
803 1896 829 1942 et
841 1893 914 1944 delec-

113 1966 211 2016 tationes
230 1966 351 2014 humanas.
365 1978 382 2009 n
394 1962 453 2012 Sunt
469 1966 546 2011 autem
563 1962 667 2024 mmmm
683 1963 879 2026 concupisoentiu
891 1970 914 2015 et
950 1987 952 1993 r

113 2037 278 2088 deocnoonss
296 2034 410 2098 turpiores
422 2033 615 2097 concupiscentiis
631 2037 655 2083 et
668 2032 862 2087 delectationibus
874 2038 915 2086 hn-
950 2038 951 2051 ¹

113 2108 196 2172 munh,
204 2121 255 2172 qne
267 2106 373 2156 dicuntur
383 2104 502 2154 berlinton
509 2109 534 2155 et
541 2105 753 2169 seminationes·
763 2111 790 2156 nt
799 2107 826 2158 in
836 2109 914 2160 eodem

92 2179 153 2230 lib.
172 2179 323 2242 Philosophus
340 2176 404 2227 dicit.
426 2177 484 2239 Ergo
505 2176 680 2241 intemperentia
700 2190 748 2229 non
765 2181 804 2228 est
817 2181 912 2230 maxime

114 2249 284 2316 exprobrabilis.

146 2322 191 2373 Sed
203 2325 281 2372 contm
290 2323 334 2384 eol,
345 2319 406 2383 quid
419 2317 574 2382 Philosophus
583 2319 639 2370 dicit
645 2318 672 2370 in
685 2321 726 2370 lll.
741 2321 842 2382 litim,
853 2323 911 2388 qnid

115 2411 130 2442 a
146 2392 321 2457 intemperantia
339 2391 399 2442 inter
417 2391 462 2440 alia
484 2390 542 2440 ritis
564 2391 654 2442 ridetar
669 2390 732 2455 iusti
752 2394 914 2458 exprobrabilis

115 2477 178 2518 usse.
188 2481 203 2512 o

148 2537 310 2600 (Corcnusro.
318 2561 351 2572 -
361 2535 422 2584 inter
434 2532 512 2584 omnia
524 2533 582 2584 ritia
594 2536 695 2586 bumana
707 2534 792 2588 rhium
804 2537 913 2603 intempe-
950 2532 951 2581 i

115 2606 196 2656 ranlia
206 2605 305 2656 maximi
318 2605 475 2668 exprobrebile
492 2604 554 2667 est.)

147 2677 280 2744 despondeo
293 2676 429 2736 mudum,
440 2675 503 2738 quod
513 2676 656 2739 exprobratio
668 2679 755 2742 opponi
772 2679 864 2732 videbun
872 2681 912 2731 ho·

117 2747 168 2796 nori
184 2751 208 2795 et
224 2747 310 2808 glorie.
331 2748 501 2798 honorantem
515 2749 656 2800 excellentia}
676 2750 791 2814 debetur,
802 2756 830 2802 nt
847 2751 912 2817 sopri

118 2817 221 2871 nubium
235 2821 271 2867 est
283 2818 292 2882 (
302 2832 342 2881 pu.
358 2819 418 2881 lta,
431 2823 475 2870 art.
491 2818 535 2883 tl
548 2816 711 2872 tdoriaautam
728 2822 854 2874 claritatem
866 2825 914 2874 im-

118 2891 200 2953 portat.
214 2888 257 2940 list
268 2899 323 2952 erpo
340 2889 516 2954 hompermda
530 2889 631 2944 mamni
643 2894 812 2959 exprobrabilis
826 2899 912 2962 pupas
