1934 3284
143 147 189 198 ἰιι
262 155 513 210 mensurnorum,
529 155 624 203 ocum.
634 156 707 208 ειη,
723 155 782 197 aar.
801 158 838 196 m.

173 239 198 286 ι.
220 235 347 297 eretum,
361 233 385 285 in
407 235 517 285 Decretis
534 233 629 297 dicitnr,
648 235 758 295 xxxvi,
774 249 815 298 qn.
839 239 868 296 ι,
885 235 936 300 quta

144 306 273 358 «incestus
290 311 326 356 est
340 306 557 369 conmnpuiuearum
575 306 612 356 rol
635 305 738 357 aidnium
754 307 851 358 abusus.
872 325 885 355 s
899 309 937 357 Sed

145 377 244 428 siduitas
261 377 337 431 diflert
355 376 588 440 dconsangoinitate.
607 395 622 426 a
641 379 702 441 Eupo
720 379 832 427 truncatus
852 392 896 429 uon
909 385 937 429 est

145 462 190 498 una
205 448 294 513 species
307 448 418 511 luxurius,
434 449 473 498 sed
488 449 574 513 plures.

180 525 203 571 a.
218 523 339 582 preterca,
353 521 407 570 ittud
421 521 481 584 unod
495 522 524 572 dc
538 534 563 570 se
576 533 623 571 noc
640 520 749 584 importat
762 522 864 586 aliquam
877 525 939 574 detor·

149 593 267 653 mitatem,
279 608 324 645 nou
339 594 455 644 constituit
469 593 567 658 aliquam
580 591 754 644 determinatam
773 595 875 658 speciem
888 596 937 643 riti.

149 665 194 716 Sed
211 667 315 716 accedere
325 666 351 716 cd
368 665 548 728 consanguineas
561 665 706 724 soladium,
717 678 763 714 noc
778 669 816 716 est
828 668 937 717 murud'un

150 751 175 790 se
189 737 372 799 deformentur
391 737 452 788 nullo
466 741 568 801 tempore
581 737 690 787 licuisset.
703 737 764 799 Ergo
783 739 938 788 inserturum

151 815 187 862 est
202 811 350 861 determinata
364 809 450 874 species
460 809 564 860 luxuriae.

182 882 225 933 Sed
236 886 314 932 contra
325 884 369 940 cst,
381 880 439 944 quod
453 880 543 944 species
556 880 653 930 luxorio
662 880 817 945 distinguitur
828 883 939 933 secuudum

151 954 294 1006 conditiones
308 952 426 1003 mulierum
441 954 525 1016 qrribus
535 952 605 1018 aliqui
618 953 751 1002 abutuntur.
762 954 811 1004 Sed
825 954 852 1004 in
865 955 939 1003 incestu

151 1026 286 1089 importatur
298 1023 403 1088 specialis
419 1025 520 1074 conditio
534 1024 668 1086 mulierum3
683 1024 737 1088 quia
748 1029 785 1074 cst
799 1025 886 1076 abusus
901 1039 941 1073 cou-

150 1097 322 1160 sanpuiuearum
338 1095 373 1146 rel
386 1096 487 1147 aiduium
499 1134 506 1158 ‚
519 1100 547 1146 ut
560 1096 645 1148 dictum
663 1099 706 1148 cst.
722 1097 781 1160 Ergo
796 1099 908 1148 incertus
918 1108 941 1146 rso

152 1170 301 1222 determinata
318 1167 407 1232 species
426 1168 532 1220 tuxrrrie.

186 1241 345 1304 (Couccusuo.
353 1267 385 1278 -
394 1239 508 1302 incestus,
520 1253 560 1290 scu
570 1239 793 1303 consanguinearum
803 1241 842 1291 rel
854 1241 937 1291 uiduis:

152 1313 301 1375 concubitus,
320 1312 470 1363 determinata
491 1311 586 1363 luxurie
605 1312 694 1376 specics
715 1315 767 1374 est,
784 1314 814 1363 ab
838 1314 891 1364 aliis
913 1314 942 1362 dis*

152 1384 254 1447 tincta.)

185 1456 319 1519 Respondeo
329 1455 463 1520 dicendum,
478 1455 540 1519 qudd
555 1455 615 1505 sicot
625 1454 712 1505 dictum
723 1460 759 1506 est
769 1457 779 1520 (
789 1461 834 1509 art.
852 1462 902 1509 tet
915 1459 934 1506 ι’

155 1528 186 1578 ιιι
205 1539 297 1578 necesse
314 1531 349 1578 cst
367 1527 466 1579 inveniri
483 1527 655 1579 determinatam
669 1527 771 1591 speciem
790 1530 905 1591 luxurie,
918 1536 936 1577 m

154 1599 269 1650 invenitur
285 1599 368 1663 aliquid
387 1612 516 1664 repugnans
534 1598 586 1649 usui
605 1598 681 1650 debito
699 1609 865 1653 renereorum.
880 1604 903 1652 tn
918 1615 940 1648 ιε,

156 1675 231 1721 autem
245 1670 461 1732 coumupuiuesrum
480 1671 518 1721 rel
532 1669 634 1720 adfinium
650 1669 765 1720 invenitur
775 1672 868 1736 adouid
883 1676 942 1724 incoc-

155 1755 234 1806 prnum
250 1741 404 1792 commixtioni
417 1755 538 1803 acuerem,
553 1740 637 1805 tripiici
649 1741 745 1792 ratione.
763 1743 844 1796 Primo
859 1747 942 1809 quites.

155 1813 208 1878 quia
221 1813 353 1864 naturaiiter
364 1815 431 1865 homo
442 1815 510 1865 debet
523 1815 643 1878 quamdam
661 1815 865 1866 honorificentiam
881 1831 943 1881 pau.-

154 1886 233 1949 uuus,
249 1890 273 1937 et
288 1899 329 1951 per
342 1901 486 1950 consequeus
503 1887 555 1937 aiiis
575 1886 751 1948 consangnineis
764 1887 805 1952 qui
825 1903 858 1939 ex
878 1892 941 1940 eisd:

155 1959 288 2024 parentibus
310 1960 337 2009 de
352 1959 478 2023 propinquo
499 1958 609 2022 originem
627 1959 732 2023 trahont3
747 1961 774 2010 iu
793 1965 888 2011 tantum
904 1960 933 2021 up.¹

155 2031 213 2095 apud
228 2030 342 2093 antiquos,
354 2033 380 2079 nt
391 2029 494 2082 Valerios
505 2031 615 2080 Maximus
624 2030 710 2092 refert,
722 2044 769 2081 nou
779 2037 833 2083 erat
844 2033 883 2082 ias
894 2034 941 2080 fitis:

156 2103 225 2156 simui
237 2116 290 2154 cum
304 2107 367 2166 putre
381 2103 499 2166 baiocari,
513 2116 543 2153 ne
561 2103 649 2154 scilicet
661 2117 686 2153 se
698 2103 798 2154 invicem
817 2107 897 2156 nudos
910 2117 945 2153 cuc·

157 2174 279 2240 spicerent.
299 2175 441 2225 Manifestum
459 2180 496 2225 est
512 2180 599 2235 autem,
615 2175 739 2226 secundom
758 2177 886 2239 predicta,
905 2192 928 2238 qu

155 2246 179 2298 in
195 2247 283 2297 actious
297 2246 400 2297 venereis
414 2246 512 2297 maximi
525 2247 631 2298 consistit
639 2248 741 2310 quedam
755 2248 879 2311 turpitudo
893 2251 945 2296 ticu-

156 2318 271 2369 riiirentiae
289 2317 415 2379 contraria3
431 2319 492 2368 nude
504 2320 533 2369 de
545 2319 584 2368 his
596 2319 702 2368 homiues
715 2322 906 2370 verecundantur
919 2335 939 2366 :1

156 2387 209 2440 ideo
226 2388 374 2453 incongruum
388 2389 494 2453 estquod
510 2389 562 2440 talis
572 2388 704 2440 commixtio
713 2402 816 2440 venerea
833 2392 875 2441 dat
888 2392 945 2439 tatic.

158 2473 305 2526 personarum
320 2459 454 2512 adinvicem.
468 2463 498 2512 Et
509 2462 559 2511 hac
568 2472 637 2511 causa
648 2460 740 2510 ridetur
753 2462 858 2525 exprimi
873 2465 941 2512 terti

157 2531 238 2593 XVitt,
252 2531 291 2581 ubi
305 2530 388 2582 dicitur
404 2548 409 2581 :
424 2550 437 2580 u
449 2533 519 2582 ilater
530 2536 569 2580 tua
587 2535 635 2593 est,
649 2544 693 2581 nou
710 2532 830 2584 revelabis
843 2532 945 2597 turpitul·

158 2615 211 2652 nem
225 2601 284 2665 ejus.
296 2619 309 2650 u
321 2603 349 2652 Et
362 2603 421 2656 idem
433 2607 510 2666 postea
525 2602 609 2653 dicitur
619 2602 643 2652 in
655 2602 713 2653 otiis.
729 2603 839 2655 Secum
850 2606 909 2655 ratio
920 2613 941 2650 es

157 2673 210 2734 quie
220 2686 328 2734 personas
338 2675 449 2738 sanguiue
458 2675 591 2738 conjunctas
601 2687 696 2724 necesse
708 2679 743 2724 est
753 2676 889 2727 adinvicem
898 2675 942 2724 siun

160 2743 298 2792 conversari.
313 2743 375 2794 Unde
388 2745 409 2795 si
431 2758 475 2794 nou
497 2749 629 2794 arcerentur
641 2744 655 2794 d
668 2746 835 2798 commixtione
850 2756 945 2797 reuerer-

160 2809 231 2857 nimia
245 2814 400 2874 opportunitas
413 2815 647 2867 dareturdomioibus
660 2830 765 2868 rcuercae
778 2816 945 2869 commiscum

157 2882 182 2929 ot
194 2879 227 2928 sic
243 2881 312 2932 animi
333 2886 449 2936 hominum
469 2888 540 2937 nimis
556 2888 730 2940 emollescosout
743 2903 786 2954 per
797 2891 917 2942 luxuriam.
930 2885 945 2931 ti
