1934 3284
103 137 148 184 ³³8
226 144 333 186 secuntur
348 145 471 197 sumnum,
488 145 580 191 ouum.
597 147 641 198 cx,
658 144 713 185 mr.
733 149 769 186 nr.

101 222 155 286 qnid
170 221 252 272 falsum
266 221 506 285 dirimendarum
521 222 607 274 Cbnsti
619 226 642 274 et
653 223 723 275 etiem
741 223 837 276 alterum
851 225 898 277 ire·

101 296 196 356 quenter
214 292 278 343 aiiter
288 307 356 350 uuus,
368 296 392 342 et
403 293 468 344 aliter
483 294 560 345 retudit
576 295 645 358 alius;
660 296 720 346 uude
731 295 822 347 videtur
834 297 900 360 qdod

102 365 158 416 aiter
174 377 253 416 eorum
268 363 349 414 dixerit
369 363 459 417 salsum.
475 367 527 417 Nou
546 379 600 430 ergo
618 380 686 418 omne
706 367 849 418 mendacium
863 373 901 420 est

101 440 228 500 peccatum.

133 514 157 558 a.
172 510 294 570 meteres,
309 510 387 559 uultus
402 514 557 561 remuneratur
572 511 586 562 a
602 512 648 562 bec
670 524 711 576 pro
728 516 830 576 peccato.
854 515 901 568 Sed

103 579 235 630 obstetrices
255 580 347 645 AEgppti
364 585 510 632 remunerate
526 585 581 632 suut
599 582 675 634 dibeo
694 585 787 647 propter
805 587 900 638 menda-

103 651 178 715 cium3
193 653 274 703 dicitur
289 653 350 704 enim
362 653 459 706 Ecod„
469 655 489 716 l,
501 654 559 717 qudd
573 654 772 706 «aduenientis
785 656 845 708 Deus
860 659 902 710 do-

104 737 162 774 mos.
173 741 187 771 u
201 726 258 788 Ergo
271 725 413 776 mendacium
427 730 518 776 nonest
530 730 657 791 peccatum.

136 801 159 846 3.
178 797 302 857 Praetereu,
317 801 380 858 gesta
394 803 523 848 sanctorum
539 802 657 849 narrantur
673 799 698 849 iu
712 811 774 850 saera
787 801 902 866 Scriptura

94 865 132 918 'ad
146 869 329 918 informationem
341 868 395 919 nite
409 870 521 920 bumanae.
536 870 581 921 Sed
600 871 628 921 de
647 871 781 934 quibusdam
804 873 902 924 sanctis-

104 937 168 989 simis
178 938 233 988 viris
242 939 322 1002 legitur
335 938 394 1002 qudd
409 943 462 989 suut
472 940 562 991 mentiti
573 955 579 991 τ
591 941 649 991 sicut
661 942 756 998 Genes„
765 943 804 993 ΧΗ
818 946 842 993 et
850 944 900 1006 XX,

105 1010 163 1074 qubd
180 1011 291 1060 Abrabam
302 1011 360 1060 dixit
374 1011 403 1060 de
413 1024 482 1063 uxore
497 1025 537 1062 sua
549 1011 608 1076 qudd
624 1027 687 1064 soror
697 1027 738 1064 suu
747 1018 823 1078 esset3
834 1016 902 1066 iacob

105 1081 173 1133 etiarn
187 1082 296 1132 mentitus
308 1086 343 1132 est
356 1083 433 1132 diceus
448 1096 474 1134 se
494 1096 542 1135 esse
557 1085 624 1146 Esau,
637 1088 751 1138 ettamen
766 1087 904 1138 benedictio·

105 1167 158 1203 uem
171 1155 266 1217 adeptus
281 1156 329 1214 est,
347 1157 374 1204 ut
389 1155 486 1204 babetur
504 1157 600 1217 Gentes,
622 1159 703 1208 xxvii
712 1175 725 1221 3.
738 1159 816 1209 iudith
833 1159 902 1210 etiam

105 1225 273 1277 commendatur
292 1225 411 1284 (ludite,
430 1227 495 1290 XV),
513 1241 564 1291 que
583 1233 659 1280 tamen
675 1230 790 1280 Holofemi
805 1231 904 1282 mentita

106 1301 151 1348 est.
166 1299 218 1348 Nou
234 1311 288 1360 ergo
306 1299 529 1351 omnemendacium
546 1305 583 1351 est
597 1305 724 1366 peecatum.

138 1373 160 1419 t.
175 1370 302 1430 Preterea,
315 1370 390 1421 miuus
404 1372 489 1421 malum
500 1377 535 1423 est
544 1373 671 1436 eligendum
682 1412 688 1435 ,
698 1378 723 1424 ut
736 1374 819 1425 vitetur
828 1375 904 1440 majus

106 1441 207 1502 melum3
224 1438 284 1488 sicut
297 1441 396 1492 medicus
409 1444 538 1506 prmscindit
549 1445 689 1509 membrum,
699 1459 729 1496 ue
745 1449 905 1508 corrumpetur

105 1516 177 1563 totum
195 1523 286 1574 corpus.
302 1512 348 1561 Sed
365 1513 440 1565 miuus
458 1519 619 1567 nocumentum
633 1521 669 1566 est
688 1516 747 1580 qubd
762 1516 843 1580 aliquis
863 1531 904 1582 ge·

107 1589 170 1636 neret
184 1587 264 1639 salsam
278 1590 407 1654 opinionem
416 1587 441 1636 iu
457 1588 532 1638 animo
545 1587 656 1652 alicujus,
666 1587 732 1653 quim
746 1587 805 1652 qubd
821 1589 904 1654 aliquis

104 1655 193 1706 occidat
207 1660 244 1710 vei
254 1662 378 1713 occidatur.
387 1661 445 1721 Ergo
455 1658 517 1710 berte
527 1661 675 1724 potesthomo
689 1659 781 1710 mentiri
792 1662 817 1709 ut
831 1673 904 1710 unum

106 1737 229 1790 praeservet
241 1733 270 1782 ab
284 1732 414 1791 homicidio,
429 1734 452 1781 et
464 1731 533 1782 alium
546 1731 688 1796 preservet‘a
702 1734 783 1781 morte.
889 1778 898 1790 ,

43 1864 46 1870 r
140 1805 162 1850 b.
178 1803 298 1866 Praeterea,
311 1804 452 1856 mendacium
462 1805 497 1854 est
510 1802 528 1853 si
543 1802 595 1866 quis
608 1815 655 1854 nou
671 1802 765 1866 impleat
778 1801 838 1866 quod
852 1817 905 1867 pro·

109 1872 179 1924 misit.
191 1875 234 1926 Sed
245 1889 290 1927 non
303 1876 380 1927 omnia
389 1874 501 1940 promissa
513 1877 566 1924 suut
578 1875 708 1938 implendu3
723 1873 776 1924 dicit
785 1875 847 1924 euim
862 1876 905 1926 tsi-

108 1944 177 1996 doms
198 1947 253 2011 (lib.
269 1949 290 1999 ΙΙ
303 1949 449 2013 Speonym..
464 1950 488 1998 et
497 1946 522 1997 in
533 1948 656 2007 Decretis,
666 1945 735 1997 Caesi
745 1947 815 2010 xxii,
827 1961 867 2010 qu.
880 1951 903 2010 t,

109 2029 160 2080 cap.
170 2017 214 2081 t):
231 2037 245 2067 «
255 2021 282 2070 lu
291 2020 356 2070 mmm
364 2017 483 2084 promissis
492 2017 593 2070 rescinde
603 2017 704 2068 fidem.»
714 2019 773 2082 drgo
783 2031 828 2069 nou
837 2031 905 2072 omne

109 2089 249 2140 mendacium
262 2093 296 2142 est
308 2095 435 2155 peccatum.

140 2166 162 2212 6.
175 2163 293 2224 Praeterea,
301 2162 445 2214 mendacium
456 2161 485 2212 ob
497 2162 540 2211 boc
554 2157 701 2212 videturesse
714 2164 843 2226 peccatum,
851 2163 905 2228 quia

107 2233 234 2297 peripsum
247 2236 314 2285 bomo
328 2233 410 2296 decipit
423 2231 567 2298 proximum3
584 2233 643 2283 unde
657 2233 797 2296 Augustinus
811 2233 866 2284 dicit
879 2235 904 2286 in

107 2303 147 2353 lib.
161 2305 199 2354 De
213 2303 448 2368 mendacio,(vcnsirs
467 2303 552 2368 finem)
570 2319 576 2354 ε
592 2304 722 2368 «Quisquis
740 2319 790 2357 esse
814 2305 904 2370 aliquod

107 2389 179 2437 genus
196 2377 307 2427 mendacii
325 2377 384 2439 qrrod
406 2379 523 2439 peccatum
543 2374 647 2437 nonsit,
663 2375 789 2440 putaverit,
808 2376 904 2442 decipiet

107 2447 207 2511 seipsum
216 2447 321 2511 turpiter,
332 2447 384 2498 ciam
393 2448 514 2498 honestum
523 2459 548 2497 se
559 2447 704 2510 deceptorem
717 2446 838 2498 arbitratur
850 2447 905 2498 alio-

106 2531 165 2567 rum.
180 2535 193 2565 u
208 2520 253 2569 Sed
266 2531 311 2570 non
322 2533 389 2570 omne
404 2519 546 2569 mendacium
560 2522 595 2569 est
604 2519 743 2583 deceptionis
752 2531 835 2582 causa,
850 2519 905 2583 quia

105 2603 146 2652 per
161 2590 303 2640 menducium
310 2591 414 2654 jocosum
425 2590 636 2654 nultus-decipitur,
651 2590 691 2642 sed
700 2593 793 2655 propter
806 2591 905 2642 deiecta-

105 2659 190 2710 tionem
211 2660 296 2724 soiam;
317 2662 377 2712 unde
395 2663 419 2712 et
445 2661 595 2726 hyperbolice
619 2662 747 2713 locutiones
767 2662 905 2727 quaudoque

110 2819 154 2860 art.
168 2814 197 2867 t;
214 2819 239 2858 ut
250 2820 274 2858 et
284 2817 315 2859 Ili
325 2848 331 2873 ‚
343 2815 420 2868 Seni..
433 2817 487 2862 dist.
500 2780 546 2876 ³8:
555 2829 594 2872 qu.
610 2815 633 2876 1,
647 2823 689 2864 art.
706 2817 729 2872 35
745 2824 769 2864 et
780 2817 904 2874 Qttodttd„

108 2879 176 2936 Vtri,
193 2883 237 2924 art.
250 2875 288 2922 ii.
