1934 3284
347 211 378 248 nn
392 208 541 250 snutrtnero.
795 201 842 258 ‘tat

43 285 174 340 materialis.
191 287 254 352 Ergo
262 299 305 352 ner
317 287 362 338 buo
375 301 421 338 non
435 288 613 341 diversificantur
622 292 732 356 sacrilegii
745 295 841 358 suerius.

69 363 91 409 t.
107 361 236 420 uaeurur,
251 371 298 410 uon
316 358 405 410 uidetur
424 371 475 410 essu
494 361 603 424 possibile
621 363 682 426 qndd
704 365 779 429 aliqua
796 368 844 416 sint

41 431 139 493 ejusdem
152 429 251 494 speciei,
263 433 287 480 et
298 443 350 479 eunt
362 431 403 480 buu
414 431 522 480 differunt
531 433 616 495 speeie.
629 436 672 485 Sud
683 435 842 502 homicidium,

42 503 122 552 turtum
134 506 158 553 et
168 501 266 552 illicitus
275 501 408 552 concubitus
420 505 474 552 sunt
487 502 586 554 ‹iirerra⁴
593 505 681 568 speeies
689 511 841 571 poeoniorum.

42 573 94 636 drgo
114 587 163 624 nou
182 575 279 636 possunt
292 573 415 624 uunnuniru
431 572 455 622 iu
473 587 518 623 una
536 575 614 638 upeuie
634 577 759 642 sacrilegii3
775 581 842 630 etita

41 645 124 695 ridetur
148 644 211 708 qndd
234 644 348 708 ruuutegii
368 644 455 708 species
478 643 644 708 distinguantur
661 649 786 699 seeundum
810 650 843 700 di-

42 714 218 780 uersar'speoies
231 716 328 766 aiiurunr
342 720 499 780 peccatorum,
513 719 538 766 ει
549 729 596 766 nun
606 719 729 769 seeundum
748 719 843 772 diuersi·

44 791 109 837 utem
123 801 204 838 rerum
213 799 338 838 montrum.

70 863 92 908 t.
110 860 239 922 preterea,
252 858 312 908 iuter
321 871 359 908 res
369 870 444 908 sacras
454 863 646 910 connumerantur
658 860 727 910 etiam
740 875 843 924 persone

43 943 117 982 suoru.
134 930 159 980 Si
173 943 229 993 ergo
241 941 288 980 uua
297 929 386 994 speeies
400 931 513 993 sacrilegii
525 935 599 994 esset,
616 931 667 994 quia
680 932 778 983 viutrtur
790 948 842 998 per·

42 1016 93 1053 suna
115 1015 197 1064 sacra,
213 1006 348 1066 sequeretur
365 1001 425 1064 qnbd
445 1015 512 1052 ornnu
530 1006 648 1067 peceatum
668 1005 730 1067 quod
746 1017 844 1068 perrona

42 1089 99 1125 saura
112 1073 275 1125 committeret
288 1075 350 1122 asset
365 1073 525 1136 sacrilegium,
540 1074 594 1137 quia
608 1087 650 1138 per
662 1075 778 1138 quodlibet
790 1089 844 1140 pee-

41 1149 111 1195 uatnm
126 1145 227 1196 violatur
240 1155 339 1210 persono
352 1145 478 1208 peccantis.
495 1147 545 1196 Non
559 1158 613 1210 ergo
625 1145 715 1210 speeies
729 1146 841 1212 sacrilegii

41 1218 179 1282 accipiuntur
194 1215 324 1267 seeundum
338 1229 375 1266 res
387 1229 469 1267 sacras.

67 1290 110 1340 sud
123 1291 208 1338 contra
226 1291 277 1348 est,
289 1287 422 1351 qubdactns
436 1292 458 1339 et
471 1288 562 1339 babitus
576 1288 748 1354 distinguuntur
760 1303 841 1341 secun-

42 1361 89 1411 dim
103 1362 209 1426 objecta.
223 1361 269 1411 Sed
285 1373 321 1410 res
332 1371 395 1410 sacru
410 1367 447 1411 εει
459 1359 574 1424 objectum
584 1361 708 1426 sacrilegii,
718 1365 745 1411 ut
755 1361 840 1412 dietum

41 1437 80 1482 εει.
94 1435 156 1497 Ergo
177 1431 268 1496 speeies
280 1430 392 1495 sacrilegii
410 1431 579 1495 distinguuntur
594 1432 719 1483 seeundum
733 1433 842 1484 diberen-

40 1504 89 1554 tiam
101 1513 182 1555 return
196 1515 319 1553 sacrarum.

69 1577 234 1641 (cuncunsro.
242 1573 339 1625 —Ciun
352 1586 463 1624 tessaura
476 1574 589 1637 sacrilegii
602 1575 716 1639 ubjeutum
732 1576 776 1639 sit,
792 1577 841 1628 dis-

40 1648 109 1712 tingui
124 1649 221 1712 oportet
234 1645 345 1710 snuriiugii
358 1645 447 1709 speeies
460 1647 660 1710 neustrianorum
677 1660 791 1698 rauranum
803 1661 842 1712 gu·

41 1719 117 1784 nera.)

67 1789 209 1857 Respondeu
218 1788 353 1850 dcundum,
369 1788 429 1852 qudd
442 1789 500 1840 siout
513 1789 644 1842 dictumest
657 1791 716 1856 (art.
731 1791 772 1856 t),
787 1803 842 1854 peu

41 1869 110 1914 catum
131 1859 247 1924 sacrilegii
260 1861 285 1911 in
301 1861 347 1910 hue
360 1859 462 1913 uonsistit
475 1859 535 1924 qubd
553 1861 635 1926 aliquis
654 1862 804 1919 irreverenter
817 1875 842 1913 se

41 1934 104 1984 babet
119 1933 150 1983 ad
163 1945 212 1982 reni
224 1943 321 1980 sacrum.
337 1930 433 1982 Debetur
447 1935 525 1980 eutem
538 1933 667 1983 reuerentia
678 1933 711 1983 rei
725 1945 795 1983 saura
806 1946 844 1983 ra·

39 2006 97 2054 tione
110 2001 247 2055 sanctitutis
261 2017 267 2050 :
280 2005 305 2052 et
321 2002 373 2052 ideo
387 2001 512 2052 seeundum
528 2002 640 2054 diversam
654 2003 764 2053 rationem
778 2016 845 2054 sanu-

39 2077 107 2128 itatis
120 2087 202 2126 rerum
216 2085 346 2135 usurarum,
356 2071 438 2136 quibus
451 2072 600 2124 inreverentia
610 2074 739 2137 exhibetur,
749 2086 842 2125 neeesse

7 2201 8 2210 χ
39 2148 147 2213 estquod
163 2145 280 2208 sacrilegii
295 2144 384 2209 speeies
395 2145 571 2207 distinguantur.
583 2146 655 2195 Tanti
671 2145 733 2196 enirn
753 2146 844 2196 sacrile-

7 2229 8 2260 ι
41 2220 98 2282 εἰει]
114 2222 154 2271 est
163 2217 272 2282 gravius,
283 2215 369 2280 qnantd
383 2229 419 2266 res
431 2229 495 2266 ruera
504 2217 529 2265 in
538 2229 606 2279 qurum
619 2216 845 2281 peecaturmajorem

40 2293 126 2343 obtinet
147 2287 306 2341 sanctitatem.
327 2287 461 2339 attribuitur
479 2293 556 2340 antem
573 2290 683 2338 sanctitur
700 2292 724 2339 et
741 2289 845 2352 personis

40 2365 121 2426 saeris,
138 2363 163 2413 id
176 2365 212 2412 εει
226 2361 305 2412 diuino
315 2361 388 2411 uultui
399 2360 525 2422 dedicatis,
539 2364 563 2411 et
576 2360 725 2423 ducissarum,
738 2364 762 2410 et
776 2361 845 2413 rebus

40 2436 176 2498 quibusdam
188 2431 240 2482 aliis
253 2433 331 2483 saeris.
343 2433 456 2484 Sanctitas
472 2435 549 2483 auteur
557 2432 603 2482 luei
616 2431 733 2482 ordinatur
743 2434 771 2482 ad
780 2446 845 2484 saue-

41 2507 125 2557 titatenr
140 2503 246 2556 bominis
259 2503 297 2568 qni
308 2503 332 2554 iu
341 2503 391 2554 ioco
405 2515 468 2554 sacru
482 2504 569 2554 unltnru
582 2505 628 2553 beu
640 2503 749 2567 exbibet3
763 2503 845 2556 dicitnr

41 2579 95 2627 enirn
106 2577 128 2627 li
139 2574 267 2631 Mardoi„
279 2576 298 2622 v
310 2589 316 2624 ε
327 2590 341 2621 u
351 2575 402 2625 Non
413 2575 585 2638 propterlouum
596 2578 696 2638 gentum,
707 2577 746 2625 sed
754 2579 846 2639 propter

41 2654 129 2708 uentum
148 2648 227 2696 locum
246 2647 306 2696 Deus
326 2644 402 2708 elegit.
417 2661 431 2693 u
451 2647 478 2695 nt
497 2645 548 2696 ideo
569 2645 659 2710 grauius
677 2641 795 2711 peecatum
811 2650 846 2696 εει

42 2719 185 2783 saerilegium
194 2731 241 2780 quo
257 2719 366 2782 peuuaiur
378 2717 455 2767 uuutru
468 2730 589 2780 personam
606 2717 786 2780 ennumquam
800 2731 846 2780 quo

41 2793 147 2849 necentur
158 2791 237 2838 eontra
248 2788 322 2837 locum
335 2799 430 2837 sarnum.
440 2787 498 2837 Sunt
511 2792 587 2838 tamen
597 2789 722 2850 inutraque
733 2786 846 2848 sacrilegii

42 2861 113 2921 speeie
134 2859 223 2910 diversi
239 2859 338 2922 gradus,
354 2857 477 2909 secundiani
493 2859 644 2910 differentiam
658 2871 805 2922 personarum
823 2860 847 2906 et

44 2929 139 2982 tusorum
155 2943 283 2982 suenorum.
296 2928 407 2980 Similiter
418 2932 486 2980 ettam
500 2933 524 2980 et
536 2930 604 2981 tertia
618 2928 705 2994 species
720 2926 845 2988 sacrilegii,
