1934 3284
836 149 840 158 ι

252 153 255 166 ¹
321 178 352 224 nu
367 151 515 226 rmrurrornr
530 187 579 226 uns.
651 208 655 212 Δ
803 165 850 230 tlt

41 263 132 326 potenti
148 275 220 314 manu
233 261 290 324 liei3
305 277 320 310 u
336 266 360 312 et
371 263 391 312 ll
403 263 439 312 od
455 264 572 324 Timuit„
588 265 609 316 ll
625 279 633 315 :
647 281 662 314 ε
675 265 776 318 Sollicite
794 281 850 320 eurr

41 335 143 398 teipsum
159 334 305 398 probabilem
323 332 430 385 exhibere
443 335 499 386 beo.
514 352 528 382 s
546 337 609 388 Unde
627 338 698 387 etiem
714 338 850 402 hujusmodi

40 406 137 457 ιειιιειίο
156 404 339 468 irreligiositatis
353 406 440 469 speeies
451 410 496 458 est.
652 456 656 462 .

69 477 104 529 nd
118 479 216 528 tertium
227 477 360 539 dicendum,
372 477 432 541 qubd
442 479 466 526 in
475 478 643 543 oornperstione
653 482 681 532 ad
693 482 774 542 benni,
784 482 848 546 «qni

40 550 103 599 norit
114 548 195 600 cordis
206 547 349 611 abscondita,
360 563 374 596 s
386 562 431 600 uon
447 549 530 600 dicitur
540 549 621 614 aliquis
630 552 707 602 dolose
720 553 845 617 pessume,

40 622 76 669 sed
93 633 139 685 per
155 623 289 684 respectum
308 618 338 669 ed
356 619 467 671 homines.
487 619 553 671 Unde
569 621 634 672 dolus
647 636 688 686 per
703 625 810 676 assidens
823 639 849 676 se

39 691 108 742 babet
122 691 154 742 ud
171 690 323 742 tentationem
338 690 391 754 beij
406 696 429 742 et
443 695 538 756 propter
555 693 599 744 boe
617 706 663 746 non
682 700 771 759 oportet
789 695 851 760 quod

41 763 137 814 tenedo
161 761 203 812 liei
218 759 304 813 directi
318 763 446 825 opponetur
458 762 558 814 veritati.

341 941 498 994 lnncdtbs
510 941 549 994 Ν.

56 1071 145 1116 titutum
155 1067 260 1114 notatio
270 1066 316 1112 Dei
323 1069 356 1111 sr't
366 1067 465 1123 prosius
471 1071 593 1124 praemunt
603 1067 677 1125 purim
689 1070 834 1127 supersedeo„

70 1163 225 1261 Adpnsrtum
236 1194 271 1245 sie
281 1193 418 1258 proceditur.
430 1193 525 1245 Videtur
532 1193 594 1258 quod
603 1196 700 1248 enutio
708 1197 750 1248 liei
758 1198 788 1249 sit
795 1213 848 1263 gre·

40 1269 92 1318 rius
105 1271 232 1333 peceatum
242 1265 312 1330 quim
320 1264 460 1328 superstitio.
473 1265 544 1330 Major
557 1266 619 1316 enim
629 1280 696 1331 poene
710 1282 750 1332 pro
763 1269 847 1333 maiori

5 1359 6 1364 ¹
40 1344 131 1401 peceato
145 1339 256 1389 intentur.
268 1337 311 1388 Sed
330 1334 422 1400 greribs
432 1339 468 1386 est
478 1337 585 1401 punitum
596 1338 621 1387 in
633 1338 717 1389 iudeis
729 1343 847 1403 perustum

5 1727 8 1824 ι

5 2043 7 2076 l

41 1411 176 1462 tentationis
192 1409 236 1460 Dei
242 1445 252 1472 ,
266 1407 334 1472 quim
347 1413 467 1471 peceatum
481 1408 615 1459 idololatris
627 1411 706 1473 (quod
721 1415 798 1461 tumen
813 1416 849 1462 est

40 1483 180 1546 precipuum
191 1480 254 1530 iuter
268 1477 459 1543 superstitiones)
474 1478 544 1542 :quie
556 1492 598 1542 pro
606 1483 702 1544 peceato
713 1480 849 1533 idololatris

40 1551 153 1604 interlecti
170 1555 229 1602 sunt
242 1563 271 1600 ex
283 1549 317 1600 eis
337 1549 419 1612 uiginti
438 1549 482 1600 trie
495 1549 565 1600 millis
577 1551 711 1616 bominum,
726 1556 753 1602 ut
765 1552 848 1616 legitur

39 1627 130 1682 deod..
143 1623 249 1686 xxxin
267 1635 307 1686 pro
320 1623 413 1686 peceato
427 1624 504 1672 eutem
518 1620 649 1673 enesionis
660 1635 740 1674 omnes
752 1624 848 1675 unirer-

39 1697 115 1747 ssliter
128 1697 155 1746 in
170 1695 264 1746 deserto
274 1692 495 1756 perierunt,terrum
504 1691 661 1756 promissionis
672 1694 847 1757 nonintreutes,

38 1767 167 1820 secundum
178 1763 238 1816 illud
250 1763 347 1814 Psotm.
363 1763 429 1814 XCIV
446 1778 451 1812 :
467 1779 482 1812 u
496 1763 650 1814 lentererunt
662 1777 699 1814 me
709 1768 785 1828 putres
796 1778 849 1815 res-

38 1842 76 1903 tri;
88 1856 104 1888 r
119 1843 147 1890 et
164 1841 251 1902 postea
266 1835 371 1886 subditur
385 1849 392 1884 z
411 1833 521 1894 «Quibus
531 1834 644 1898 juraviin
656 1834 690 1885 iru
701 1837 766 1899 meus,
776 1836 798 1886 si
809 1835 849 1885 iu-

37 1915 137 1964 troibnnt
149 1910 179 1961 in
192 1907 297 1972 requiem
308 1919 392 1958 meam.
410 1923 424 1956 n
437 1907 497 1971 Ergo
510 1910 598 1958 tentem
614 1908 686 1959 beuru
704 1911 741 1957 εει
753 1907 847 1971 gnrtns

37 1989 156 2048 peceatum
173 1979 245 2045 quim
259 1978 402 2043 superstitio.

63 2063 87 2108 Ξ.
103 2057 241 2114 Praeterea,
255 2049 319 2102 tenid
335 2049 426 2114 aliquod
438 2052 558 2113 peecatum
569 2049 659 2101 uidetur
674 2062 727 2101 esse
742 2050 846 2114 gnanus,

36 2128 119 2192 quanto
134 2124 216 2188 magis
231 2122 312 2173 virtuti
325 2120 457 2187 opponitur.
473 2122 516 2171 Sed
529 2119 701 2184 irreligiositas,
711 2122 779 2185 orpus
790 2133 848 2184 spe-

36 2204 79 2253 eies
95 2203 134 2252 est
143 2193 250 2250 tentatio
268 2193 308 2244 bei
318 2229 326 2257 ,
338 2192 411 2256 magis
422 2192 545 2257 opponitur
555 2191 636 2242 virtuti
648 2191 766 2255 religionis
779 2191 848 2255 quim

36 2269 191 2338 superstitio,
206 2279 259 2331 qrrae
273 2265 343 2315 babet
356 2264 454 2328 aliquem
468 2264 640 2315 similitudinem
652 2277 705 2314 eum
718 2264 777 2328 ipss.
789 2265 848 2328 drgo

37 2344 130 2396 lenutio
145 2339 194 2391 [tei
212 2339 251 2388 εει
268 2335 360 2400 gravius
378 2339 495 2399 peecatum
505 2334 574 2399 quim
587 2333 728 2400 superstitio.

5 2439 6 2444 κ
64 2423 87 2468 ε.
108 2416 251 2469 Praeterea,
268 2407 343 2471 majus
359 2409 475 2470 peceatum
494 2407 648 2458 videturesse
661 2405 810 2459 irreverenter
823 2422 849 2460 se

35 2491 117 2540 babere
129 2486 162 2536 ad
173 2475 378 2547 perennesqmm
389 2477 538 2535 reuerentiam
547 2477 680 2542 perentibus
689 2478 787 2529 debitum
797 2479 849 2532 atu

36 2562 153 2612 exhibere.
172 2553 223 2604 Sed
237 2552 344 2602 deusest
358 2551 502 2601 honorandus
514 2549 528 2600 d
541 2549 607 2599 nobis
619 2549 679 2598 siout
692 2550 794 2600 omnium
808 2565 849 2615 pn-

37 2639 76 2694 ler,
89 2635 117 2683 nt
130 2625 225 2680 dicitur
238 2621 358 2677 Moloeis„
371 2622 391 2671 l.
407 2622 466 2684 Ergo
482 2621 557 2686 majus
570 2623 689 2685 peecatum
700 2635 749 2672 esse
761 2621 852 2673 ridetur

35 2703 130 2756 tentatio
145 2697 209 2760 Dei,
229 2708 271 2760 per
290 2707 358 2758 quum
372 2693 523 2745 irreverenter
534 2707 577 2744 nos
591 2694 701 2744 bubeium
720 2695 748 2744 ad
768 2695 852 2760 lterum,

36 2779 98 2840 quem
116 2767 269 2828 idololatria,
279 2779 321 2830 per
339 2778 408 2829 quum
425 2765 551 2817 reverentie
568 2767 615 2816 beo
638 2765 716 2816 debite
730 2765 852 2817 exhibetur

37 2853 157 2900 uneturae.

5 2969 6 2972 ,
61 2921 107 2974 sed
127 2917 216 2968 eontra
236 2913 288 2975 est,
307 2910 368 2975 quod
383 2922 451 2975 super
465 2909 522 2960 illud
541 2909 657 2976 benten,
668 2910 730 2964 xvlt
743 2921 752 2959 r
767 2905 853 2960 sedni

129 3029 161 3088 ug
743 3007 758 3061 i
