1934 3284
339 157 521 201 musculus·

325 343 480 396 summissis
496 345 533 396 lv.

165 468 259 514 Utrum
273 468 313 514 u'ru
328 468 541 526 stipendiariorum
555 475 683 528 meatum.

62 595 97 646 dd
110 598 215 659 quartum
226 594 259 646 sie
274 594 633 662 praetitulationem
645 598 679 650 ira
697 599 727 652 sit
736 601 826 664 emuls-

31 665 114 716 simum
132 670 257 729 peceatum.
271 667 329 717 liioit
346 667 407 716 enim
425 669 599 733 chrysostomus
616 670 677 734 qnod
692 671 772 724 anihil
792 676 827 724 est

31 737 121 801 turpius
134 737 185 791 visu
199 738 307 799 luteolis,
319 741 343 789 et
355 738 413 789 nilril
427 739 565 805 deformium
578 741 598 792 si
610 741 665 793 uerit
675 743 741 805 sun,
755 744 826 796 mulld

29 810 106 874 magis
123 810 206 861 auiml.
223 827 237 860 e
252 811 310 874 Ergo
322 810 355 862 ira
368 815 404 862 est
417 812 574 874 gravissimum
592 818 718 877 peceatum.

61 887 85 932 2.
99 885 226 945 preterea,
240 881 325 947 quanld
340 882 427 946 aliquod
441 887 558 946 pennatum
577 889 613 936 est
624 885 697 949 magis
708 887 825 952 nocivum,

29 953 93 1004 tanto
103 953 252 1004 videturesse
266 955 346 1018 pejus3
355 953 406 1016 quia
416 955 475 1004 siml
485 957 625 1019 Augustinus
635 957 690 1008 dicit
699 958 724 1008 in
735 960 826 1010 limodi-

28 1026 83 1075 rs'd.
99 1026 170 1091 (cap.
189 1025 236 1080 12]
244 1062 253 1089 ,
267 1041 281 1074 t(
294 1026 376 1078 malum
390 1025 470 1076 dicitnr
484 1026 584 1090 aliquid,
599 1028 653 1090 quid
672 1033 746 1081 mosel.
763 1047 778 1077 n
794 1032 828 1082 ita

27 1100 107 1148 autem
119 1095 219 1148 maxime
232 1100 311 1159 nonet3
326 1097 378 1160 quia
387 1097 460 1148 aufert
470 1099 558 1149 homini
570 1099 694 1162 rationem,
707 1114 748 1164 per
757 1115 827 1165 quam

27 1171 62 1218 est
81 1167 190 1220 dominus
204 1167 319 1232 suiipsius.
329 1167 387 1218 ltioit
397 1168 459 1218 enim
469 1169 643 1234 Cuprsostomus
655 1169 714 1234 qndd
728 1188 742 1219 e
754 1172 794 1223 irus
804 1177 828 1225 et

26 1238 127 1292 insanie
146 1238 203 1288 nihil
220 1243 257 1290 est
275 1238 387 1302 medium;
404 1240 443 1290 sed
460 1239 495 1291 ire
507 1245 666 1306 temporaneus
683 1247 719 1293 est
736 1243 828 1307 quidam

27 1311 132 1376 daemon3
144 1310 216 1373 mngis
231 1314 306 1362 autem
318 1315 341 1362 et
354 1310 492 1363 demonium
503 1313 600 1364 habente
611 1313 734 1365 difficilius.
745 1315 828 1378 »Ergo

25 1381 59 1431 ira
72 1387 111 1434 est
125 1381 283 1445 gravissimum
297 1385 422 1447 peecatum.

59 1459 84 1505 3.
102 1457 229 1516 Preietos,
245 1454 364 1506 interiores
376 1457 451 1505 motus
463 1455 618 1517 dijudicantur
631 1456 754 1508 seeundum
765 1460 829 1510 erm-
883 1513 886 1519 ,

24 1524 101 1578 riores
113 1529 187 1578 entus.
200 1526 245 1576 Sed
255 1525 351 1577 euectus
363 1527 401 1578 irae
411 1530 446 1577 est
459 1526 687 1592 homicidium‚quod
697 1532 828 1593 esigmuls-

25 1599 115 1648 dmum
132 1600 258 1662 peccudum.
275 1598 332 1661 Ergo
346 1597 379 1648 ira
392 1601 426 1650 est
439 1597 595 1662 granismmum
608 1603 735 1664 peecatum.

59 1670 109 1720 Sed
123 1672 201 1719 contra
214 1672 261 1731 est,
278 1668 338 1731 qudd
353 1669 411 1720 «ira
429 1673 570 1734 eomparatur
580 1672 608 1720 ad
621 1671 697 1721 odium
710 1672 769 1723 sieut
780 1673 828 1725 iss·

23 1745 80 1792 luca
94 1742 123 1792 ad
138 1741 233 1790 trabem.
246 1739 328 1790 »llicit
336 1741 396 1790 euim
411 1741 550 1804 Augustinus
562 1741 586 1791 iu
598 1742 711 1806 Reputo:
725 1745 782 1794 nile
794 1743 828 1795 ira

22 1816 118 1864 crescat
127 1812 251 1874 inedium,
266 1815 290 1864 el
307 1813 392 1863 trahem
403 1812 474 1862 faeiat
487 1813 515 1864 de
526 1812 624 1865 festuca.
638 1831 652 1862 u
666 1816 717 1866 lion
731 1828 785 1878 erpo
794 1815 828 1868 im

22 1889 61 1935 est
76 1883 238 1947 grauissimum
251 1887 376 1948 pennatum.

57 1958 224 2016 (Coucunsro.
239 1955 448 2019 -1ra‚quamvis
463 1959 573 2020 quantum
590 1957 618 2006 ad
637 1957 828 2010 inordinationem

21 2028 114 2078 attinet
129 2041 178 2090 que
192 2028 227 2078 est
239 2026 362 2078 seeundlrm
376 2026 487 2078 irascendi
500 2028 606 2088 modum,
620 2029 739 2091 quamdam
752 2029 828 2083 excel·

21 2099 129 2150 lentiam
140 2099 221 2150 lrabeat
234 2103 324 2164 propter
334 2098 502 2151 vehementiam
515 2097 688 2149 etuelocitatem
698 2099 735 2150 sui
744 2100 828 2164 motuis3

20 2171 122 2222 invidia
136 2173 225 2232 mmeu,
235 2171 311 2222 odium
323 2174 346 2222 el
353 2169 536 2235 eoncupiscentia
545 2173 597 2220 sunt
610 2171 713 2235 graviora
726 2174 827 2235 peracute,

21 2249 48 2292 ut
66 2257 122 2293 non
132 2242 204 2306 possit
214 2241 259 2293 dici
274 2241 429 2306 gravissimum
440 2242 587 2306 poemiam.)

53 2315 199 2378 Respondeo
212 2314 344 2376 dicendum,
356 2313 417 2377 quod
428 2313 488 2364 sieut
499 2313 585 2364 dietum
595 2318 631 2364 est
649 2315 707 2378 (art.
722 2316 736 2362 l
751 2315 774 2364 et
785 2313 826 2377 ³),

21 2384 172 2445 inordinatio
183 2385 224 2436 irae
234 2383 355 2436 secundina
366 2385 410 2436 duo
417 2385 554 2448 attenditur3
565 2383 651 2436 seilicet
661 2382 783 2435 seeundum
792 2383 830 2434 in·

21 2452 135 2508 debitu'm
146 2457 279 2520 appetibile,
292 2459 315 2507 et
329 2455 452 2507 seeundirm
466 2456 591 2506 indebitum
604 2457 694 2506 modum
708 2455 827 2508 irascendi.

21 2531 147 2590 Quantum
162 2527 230 2592 igilur
239 2530 267 2579 ad
281 2527 399 2592 appetibile
416 2528 475 2592 quod
484 2528 556 2578 iratus
567 2527 666 2592 appetit,
678 2527 765 2578 ridetur
777 2541 829 2580 esse

21 2615 55 2650 ra
71 2599 197 2650 minimum
210 2603 359 2665 peecatorum.
376 2599 466 2664 lppetit
481 2599 542 2650 enim
555 2599 589 2648 ira
603 2599 685 2648 malum
699 2612 772 2662 poenae
784 2600 827 2649 ali-

21 2672 99 2737 :ujus
113 2671 155 2721 suls
164 2671 250 2722 ratione
261 2672 315 2724 honi
328 2672 432 2736 quod-est
440 2670 555 2722 vindicta:
568 2674 591 2722 el
601 2669 653 2722 ideo
662 2683 690 2721 eu
699 2674 763 2735 parte
774 2671 829 2723 mali

45 2829 106 2942 tu}
118 2831 150 2878 De
159 2831 276 2880 bisetium
288 2831 312 2892 1,
326 2831 351 2894 θ,
365 2843 405 2890 pu.
417 2829 457 2892 ld,
469 2836 514 2878 art.
525 2829 554 2887 ὓς
570 2835 595 2878 st
607 2843 648 2890 qu.
667 2829 706 2893 li,
720 2833 829 2894 demin,

22 2913 43 2944 rr
62 2929 71 2941 .
110 2925 115 2938 .
