1934 3284
100 150 146 198 titt
221 159 333 198 sacuam
348 159 477 207 smenon,
490 157 583 205 wiser.
600 159 671 207 uxrx,
688 159 742 196 aar.
759 161 777 196 r.

98 236 189 288 ridetur
197 249 249 287 ease
261 237 321 287 circa
335 235 422 300 aliquas
432 236 516 288 anime
529 235 658 300 passiones,
666 247 713 286 non
729 233 792 286 enirn
802 235 903 286 albulus

98 308 159 358 sirm
176 308 300 372 munias,
314 321 356 358 nec
371 306 430 357 ebor
445 307 529 370 aliquid
545 307 603 358 alind
621 306 760 370 hujusmodi.
780 306 833 356 Non
848 319 903 370 ergo

98 379 244 443 prodigalitas
259 378 381 442 opponitur
396 378 511 429 auaritia..

131 454 154 499 t.
174 451 299 510 Pretereo,
313 454 434 514 pacatum
445 449 598 514 principaliter
615 449 696 515 recipit
707 450 809 514 speciem
822 449 901 510 lllue,

98 523 126 572 ut
141 521 209 584 suprlr
221 521 324 571 habiturn
332 524 368 572 est
382 525 423 586 (l,
434 526 459 584 t,
471 535 512 584 qn.
525 525 565 583 it,
581 525 623 571 art.
637 521 677 585 ³).
693 522 736 572 Sed
751 520 904 585 prodigalitas

100 605 190 657 semper
207 593 299 643 uidetur
311 593 412 643 ordinari
428 594 457 644 ad
470 593 569 657 aliquem
587 592 656 643 finem
673 593 788 655 illicitum,
809 595 904 657 propior

100 678 169 728 quem
190 677 230 715 sua
249 665 314 717 boua-
329 666 460 730 expandat,
471 669 495 715 et
514 663 626 729 precipui
646 668 739 728 propter
754 666 903 728 uoluptates3

101 736 163 786 unde
175 739 199 785 et
211 737 280 798 Luc,
293 737 347 799 liv,
362 736 444 786 dicitur
454 739 481 787 de
494 736 541 786 lilio
553 736 661 800 prodigo,
677 735 737 800 quod
753 750 769 784 u
782 737 906 801 dissipavit

102 807 251 858 substantiam
269 821 347 871 suam,
369 807 485 859 luxuriosi
500 809 605 858 virendo.
628 824 642 854 n
658 809 718 870 Ergo
738 807 830 859 uidetur
843 808 905 871 qubd
935 871 938 874 Α

102 877 245 942 prodigalitas
257 878 331 942 tnagis
349 883 476 943 opponatur
493 879 651 943 temperantia
669 881 692 928 et
713 878 904 941 insensibilitati,

103 948 170 1014 quin
185 950 288 1002 armine
301 955 325 1000 et
338 950 476 1001 liberalitati.

135 1023 179 1072 Sed
199 1025 278 1073 contra
296 1025 344 1085 est,
358 1021 419 1086 qudd
434 1023 587 1087 Philosophus
605 1021 630 1072 in
647 1022 668 1073 ll
682 1025 705 1072 et
726 1021 750 1071 iu
764 1022 793 1070 ll'
807 1023 906 1080 Eiteia,

103 1093 169 1158 ponit
188 1093 370 1158 prodigalitatem
390 1094 518 1159 oppositam
538 1093 667 1144 liberalitati
688 1097 711 1143 et
738 1092 908 1155 illiberalitalt,

103 1178 172 1228 quam
183 1178 245 1214 nuuc
258 1166 401 1214 avaritiam
415 1165 520 1216 dicimus.

136 1235 299 1299 (Germano.
315 1236 518 1300 -l'rodigalitas‚
532 1240 578 1286 mro
593 1236 719 1289 secundnm
741 1249 864 1288 excessum
884 1237 907 1287 iu

105 1307 187 1369 dando,
200 1305 268 1369 quim
283 1306 408 1357 secuudum
420 1308 533 1358 delectum
546 1307 572 1357 in
585 1308 703 1358 retinendo
716 1311 739 1358 et
751 1309 907 1372 acquirendo,

106 1381 142 1429 est
155 1378 256 1430 arentia
266 1379 398 1442 opposita.)

140 1449 275 1512 llespoudeo
293 1449 430 1512 dicendum,
444 1449 505 1514 qubd
520 1451 544 1501 iu
555 1450 676 1502 moralibus
695 1452 820 1502 attenditur
832 1465 908 1518 oppo-

106 1518 159 1569 sitio
172 1520 279 1571 sitionum
293 1521 430 1572 adinvicem
443 1525 466 1571 et
479 1523 507 1572 ad
526 1523 648 1585 drumm,
667 1521 793 1572 secundirm
810 1537 908 1589 supera·

105 1591 251 1641 buudautiam
268 1596 292 1643 et
304 1594 426 1645 delectum.
441 1594 552 1644 lliiiarunt
569 1597 645 1644 aulem
659 1593 754 1644 auaritia
766 1599 790 1644 et
801 1595 910 1660 prodiga-

104 1661 156 1712 litas
170 1663 292 1714 secnnddm
311 1665 540 1729 superabundantium
557 1668 581 1715 el
595 1665 707 1714 delectum
729 1665 884 1719 diversimode
899 1683 905 1716 ε

104 1747 158 1784 narn
169 1735 194 1784 in
209 1735 328 1786 adedioue
339 1736 466 1787 divitiarum
476 1749 558 1786 auarus
572 1736 748 1800 superabundat,
762 1732 817 1801 plr'rs
830 1739 909 1789 debito

105 1819 145 1857 eas
158 1807 267 1872 diligens3
278 1809 385 1872 prodigus
399 1812 474 1859 autem
487 1806 832 1870 delicit‚rnini1sdebitoearum
847 1809 909 1860 solli-
956 1871 957 1880 ἵ

106 1878 229 1929 citudinem
243 1893 331 1942 gerens.
345 1879 410 1930 Circa
423 1879 535 1929 exteriora
548 1879 603 1931 rard
618 1880 645 1929 ad
659 1879 843 1943 prodigalitatem
857 1893 910 1944 per·
956 1883 957 1912 l

106 1951 165 2000 tinet
179 1953 288 2001 excedere
299 1950 392 2016 quidem
402 1951 428 2000 in
440 1951 531 2011 dando,
549 1949 644 2000 delicere
659 1953 735 2000 numm
749 1950 773 2000 irr
788 1950 910 2002 retinendo

107 2026 131 2074 et
144 2023 297 2087 acquirend03
312 2025 338 2074 ad
357 2023 477 2074 auaritiam
490 2027 565 2072 autern
578 2021 678 2086 pertinet
694 2021 834 2072 econtrario
852 2023 910 2074 deli-
956 2021 957 2092 i

108 2107 158 2145 cere
180 2093 272 2157 quidem
289 2094 313 2144 iu
332 2095 420 2157 dando,
438 2093 619 2158 superabundare
639 2097 714 2144 autem
734 2094 758 2143 in
775 2093 909 2157 accipiendo

109 2169 132 2215 et
146 2166 273 2218 retinendo.
288 2167 352 2217 Unde
365 2168 431 2231 palei
442 2165 502 2228 qubd
511 2165 657 2229 prodigalitas
666 2165 767 2215 auaritia
776 2166 908 2228 opponitur.

140 2239 173 2288 nd
183 2238 281 2301 priunum
290 2251 344 2301 ergo
354 2236 549 2300 dicendum,qubd
562 2235 620 2286 nibil
632 2236 737 2298 probibet
745 2235 819 2285 uidem
832 2235 909 2288 inesse
956 2243 957 2246 ’

108 2309 212 2373 opposita
226 2309 352 2360 secordiam
368 2309 475 2372 dirersa3
491 2309 519 2358 ab
529 2307 568 2358 illo
582 2307 644 2358 enirn
658 2307 740 2370 aliquis
752 2307 825 2370 magis
840 2307 910 2359 dene-

108 2379 221 2440 minatur,
240 2380 301 2444 qudd
316 2381 378 2432 inest
389 2379 546 2444 principalius.
560 2379 623 2430 Siout
636 2382 713 2428 annm
725 2377 751 2427 in
764 2377 908 2439 liberalitate,
956 2371 957 2452 i

107 2464 158 2514 qum
173 2452 273 2502 medium
286 2455 360 2514 unet,
374 2451 490 2515 precipua
501 2453 536 2500 est
554 2450 631 2512 datio,
647 2451 675 2498 ad
690 2461 758 2512 quam
773 2449 875 2512 acceptio
886 2455 909 2500 et
956 2453 957 2508 ξ

107 2520 205 2572 retentio
218 2522 362 2584 ordinantur,
374 2523 420 2573 itae
433 2522 490 2571 tiam
499 2520 593 2571 aranda
602 2531 626 2570 et
636 2519 783 2582 prodigalitas
797 2519 908 2584 praecipue
956 2517 957 2522 ’

107 2593 254 2645 atteuduutur
270 2593 395 2644 secundum
413 2594 540 2644 dationem.
560 2593 624 2642 Unde
638 2592 676 2642 ille
689 2594 730 2654 qui
740 2591 909 2653 superabundat

107 2663 132 2712 iu
143 2663 226 2724 dando,
240 2668 335 2714 vocatur
345 2666 488 2729 prodigas,
501 2663 540 2727 qui
549 2668 625 2714 autern
640 2663 714 2713 delicit
727 2663 751 2712 in
765 2663 855 2723 dando,
868 2675 908 2713 ve

108 2735 172 2782 catur
185 2748 286 2784 noeros.
297 2735 413 2798 mutiunt
424 2739 501 2784 auum
515 2736 649 2797 quandoque
663 2733 722 2797 qobd
735 2733 818 2797 aliquis
832 2734 907 2852 ᾱεῐὶιὲι

109 2802 134 2852 iu
146 2803 236 2867 dando,
253 2806 293 2869 qui
306 2810 382 2856 tamen
398 2819 445 2855 non
455 2805 545 2856 excedit
559 2805 583 2854 iu
600 2805 745 2871 accipiendo,
759 2809 786 2854 ul
800 2805 876 2856 Philas
895 2833 905 2842 -

110 2875 169 2937 pbua
179 2875 235 2925 dicit
247 2877 273 2926 in
285 2877 314 2926 lv
329 2877 412 2927 litbic
426 2876 482 2940 (ubi
494 2875 586 2940 supra).
594 2876 704 2928 Similiter
714 2877 785 2928 etiam
797 2877 906 2940 tentiugit
