1934 3284
362 195 394 234 DE
409 194 547 236 mileion
838 194 854 240 9

52 273 124 326 numu
135 273 165 324 ad
181 285 245 338 quas
256 272 376 338 pertinent
385 285 414 324 oa
427 287 477 336 qua
493 277 547 325 sunt
556 274 585 326 nn
599 273 677 327 tuom
689 277 718 327 Et
730 279 856 330 mumdum

52 345 88 395 troo
102 348 167 397 artus
180 344 304 410 religionis
319 357 370 409 per
368 345 486 397 modum'
479 346 579 410 imperii,
596 347 688 412 ponitur
701 362 761 412 osso,
771 350 856 402 uuisi-

51 417 92 467 taro
102 417 205 482 pupillos
219 416 353 482 etvrdnns'
347 429 373 466 ιιι
382 415 528 468 tribulatione
538 431 630 483 sornm3
642 434 656 467 n
666 421 727 484 qnod
735 425 772 472 snt
786 425 853 474 notus

51 488 130 539 chutun
140 489 155 539 t
165 487 328 540 misericornia
342 503 349 540 ι
362 505 376 539 ιι
389 489 644 543 immutuiatnmantsm
657 504 683 542 so
696 493 811 546 custodire
823 495 852 546 m

52 561 91 610 hoo
103 560 204 625 sonnio,
215 560 354 626 imperativi
367 560 458 626 pridem
473 563 509 612 ost
522 562 653 626 roligionis,
667 563 768 615 siioitirt
778 569 854 618 untom

52 631 204 697 temperantis
218 632 258 683 rel
273 631 375 700 alicujus
386 632 519 696 huiusmodi
531 633 631 684 virtutis

79 703 250 755 insomnium
260 703 393 766 dicendum,
401 703 461 768 qnod
470 703 549 768 religio
559 705 689 756 rstsrtmnri
698 719 726 757 on
734 721 784 771 qun
790 707 855 760 sutri-

52 774 128 825 hentur
139 775 322 839 nognationihns
334 775 455 840 humanis,
463 778 558 826 exterso
570 776 663 827 nomino
671 777 796 840 roligionis,
807 792 854 829 non

2 849 3 906 ξ
52 851 123 897 autem
137 847 265 898 sennodum
275 846 336 911 quod
346 847 428 910 religio
440 845 529 911 proprii
539 846 630 898 dicitnr.
643 849 706 899 Unde
716 849 854 912 Augustinus

52 931 124 981 purum
136 923 191 969 anto
202 919 275 969 verba
287 918 382 969 inducta
394 917 527 982 promittit:
538 919 651 983 «Religio
667 920 796 972 monchis
808 935 853 972 non

51 989 171 1051 maminot
183 988 279 1041 reditui
291 989 377 1040 multum
387 987 514 1051 significans
526 988 625 1041 ridetur.
635 1007 650 1038 ιι

78 1062 109 1112 id
120 1061 216 1112 tsrtinm
228 1060 361 1124 moenium,
370 1059 430 1124 qnod
439 1059 493 1110 cim
503 1073 583 1112 norrun
593 1060 716 1112 dinntmud
726 1061 852 1128 dominnm,

51 1145 140 1184 necesso
158 1137 197 1183 ost
214 1133 278 1197 qnod
299 1131 340 1182 uhi
353 1135 389 1182 ent
402 1129 494 1195 propria
511 1135 536 1182 ot
546 1131 652 1195 sportulis
668 1133 726 1184 ratio
744 1133 852 1198 dominii,

51 1204 78 1253 iii
92 1205 122 1254 sit
135 1203 281 1268 specialiori
293 1203 452 1268 propriarutio
462 1202 589 1254 servitutis.
600 1205 744 1256 Manifestum
759 1208 795 1256 est
808 1219 853 1256 an-

52 1278 92 1325 tom
104 1275 168 1340 qnod
179 1275 310 1326 dominium
322 1274 430 1325 conuenit
443 1275 491 1325 lino
504 1273 629 1325 munitm
642 1277 756 1340 propriam
766 1280 790 1327 ot
803 1277 851 1327 sin·

51 1346 144 1408 guinem
158 1345 287 1410 mumdum
303 1345 431 1408 rationum,
445 1345 499 1409 qnia
509 1345 598 1397 soiiioet
609 1346 660 1410 ipso
673 1348 747 1397 omnis
759 1347 814 1399 ionii
830 1351 855 1398 ot

52 1417 99 1480 quin
111 1429 232 1468 summum
245 1416 272 1466 in
285 1416 390 1467 omnibns
407 1417 475 1468 nehus
488 1416 577 1467 obtinet
588 1417 740 1482 principatum
749 1433 756 1466 r
765 1421 789 1468 ot
802 1419 854 1470 ideo

52 1488 153 1551 operiatis
170 1487 232 1538 ratio
246 1487 364 1538 servitutis
381 1488 403 1539 si
418 1488 520 1539 drittun.
539 1489 570 1538 Et
584 1489 637 1540 tatis
651 1489 749 1540 sortitus
761 1491 854 1542 nomino

50 1560 113 1612 intrim
128 1561 271 1624 designatur
282 1561 341 1625 apud
351 1559 444 1612 Graeoos
457 1575 464 1610 :
481 1565 505 1611 nt
516 1560 604 1612 iunoni
618 1561 750 1626 religionem
762 1561 854 1627 proprii

50 1633 151 1694 perurat.

76 1706 106 1756 id
118 1707 230 1770 quadum
247 1701 382 1768 (ticonium,
396 1701 458 1768 quon
480 1704 554 1756 tolero
567 1704 663 1755 dicimur
675 1703 779 1756 hominos
798 1719 855 1770 quos

51 1777 172 1828 honorifici
191 1775 231 1826 vel
258 1775 415 1827 recordatione
435 1776 472 1828 rol
491 1775 612 1840 proesontit
629 1775 813 1840 honnentamnm
830 1780 855 1828 et

51 1848 111 1898 enarr
130 1849 211 1912 aliqua
228 1859 282 1911 qum
294 1847 360 1897 nohis
377 1845 480 1910 s'uhjootu
495 1851 561 1909 sunt,
573 1848 618 1900 ooli
631 1845 646 1896 i
658 1847 852 1913 nobisdicuntur;

2 1941 3 1960 ι
51 1921 103 1970 siout
114 1921 226 1984 agricolas
240 1919 350 1969 dicuntur
359 1932 389 1969 on
399 1929 427 1970 ao
437 1918 498 1982 quon
509 1919 588 1970 uolunt
602 1931 681 1982 agros,
692 1921 717 1969 et
726 1916 806 1970 nioolae
820 1917 854 1968 di-

52 1996 124 2042 nuntnr
136 2005 168 2042 ex
187 2005 217 2042 oo
234 1990 298 2054 quod
316 1992 395 2042 nolunt
408 1990 457 2040 loca
473 2003 525 2054 qum
542 1990 679 2040 inhabitant.
696 1989 754 2048 Onia
774 1993 853 2040 tamen

53 2063 147 2126 ponaris
155 2066 236 2116 honor
244 2062 394 2112 ‹toboturiieo
399 2064 528 2125 ,tanquam
536 2061 610 2126 primo
618 2061 721 2111 omnium
732 2060 853 2126 principio
892 2113 896 2121 ,

53 2134 111 2184 stiam
124 2133 237 2200 specialis
251 2133 310 2183 ratio
323 2130 432 2182 cutus
412 2145 434 2182 or
445 2132 539 2182 debetur
545 2145 611 2195 ,quae
623 2145 697 2194 gnaro
710 2131 803 2182 nomino
812 2145 854 2182 ro-

2 2215 3 2278 p
54 2211 109 2268 entur
120 2207 224 2258 cambia
246 2205 283 2256 vsi
297 2203 434 2260 theosebio,
448 2205 474 2254 ut
485 2207 548 2267 putat
565 2216 607 2267 per
622 2202 806 2266 augustinumin
823 2204 852 2254 X

55 2277 168 2330 heoiuit
182 2279 232 2328 Dei
244 2275 299 2341 (uhi
312 2275 409 2340 supra).
457 2283 459 2286 “

79 2349 229 2414 riquinum
240 2348 381 2408 moenium,
395 2346 456 2412 qnod
467 2346 570 2411 quamvis
583 2341 701 2409 reti'psosi
712 2344 758 2395 dini
767 2345 856 2410 possint

55 2421 200 2472 mmmnniter
209 2433 292 2472 omnes
305 2419 433 2483 quiritum
449 2420 541 2481 colunt,
556 2415 686 2482 spetialiter
701 2419 779 2467 tamon
793 2416 853 2466 retr·-

2 2514 5 2588 >
56 2493 114 2552 pioni
125 2493 244 2556 nituntur,
259 2491 299 2556 qni
312 2494 382 2540 totum
398 2489 469 2540 vitam
482 2502 547 2540 snam
560 2488 639 2540 diuino
656 2488 726 2538 cultui
739 2488 854 2552 dedicant,

58 2560 301 2628 imundnnisnsgotiis
310 2573 335 2613 sn
343 2563 513 2625 abstrahentem
521 2559 856 2624 sioutetinmnontemptotioi

57 2632 163 2698 dicontur,
169 2647 218 2686 non
227 2634 269 2700 oni
281 2634 473 2698 contemplantur,
481 2633 523 2683 ssd
534 2631 575 2695 qni
587 2631 771 2695 oontomplationi
783 2631 855 2680 totam

56 2702 119 2754 rium
132 2719 200 2757 suam
209 2707 330 2771 deputant.
348 2703 484 2769 iinjusmodi
495 2700 628 2754 autemnon
640 2715 665 2753 se
675 2701 802 2766 subponunt
809 2703 856 2752 ho-

55 2775 109 2826 mini
122 2781 218 2844 proptor
234 2775 369 2839 hominem,
389 2776 429 2826 sud
443 2779 536 2840 proptor
559 2775 646 2834 linum,
661 2772 784 2824 ssenndirm
799 2771 855 2820 illud

56 2847 160 2911 Apostoli,
172 2849 243 2914 Gut,
255 2849 305 2899 lv:
319 2847 407 2899 «Siout
417 2847 522 2912 angelum
535 2846 577 2898 ltoi
592 2843 715 2910 oxoopistis
727 2854 779 2906 ms,
794 2842 855 2892 siout

2 2899 4 2965 h
58 2920 164 2974 Christum
182 2921 274 2973 iesum.
288 2934 306 2970 ιι

2 3085 3 3114 t

2 3125 3 3164 ι
