1934 3284
338 181 372 221 mr
387 177 537 219 aumuaaro.
792 160 837 211 ltl

32 267 74 332 pta
87 266 128 317 ille
140 263 185 329 pul
199 258 250 311 vim
261 256 340 310 intulit
349 260 394 307 hoc
406 258 504 305 meretur
512 258 538 304 ut
546 253 569 303 ei
580 250 719 317 promissum
731 262 778 301 uon
790 262 839 299 ser·

31 348 96 391 retur.
113 338 169 389 Alia
181 339 263 385 autem
274 336 309 383 est
320 328 431 393 obligatio
439 341 482 390 qua
493 326 543 390 quis
560 328 606 375 lleo
619 322 743 386 obligatur,
757 324 783 371 ut
794 322 838 371 im·

31 415 81 475 pleat
95 408 161 475 quod
176 420 219 471 per
236 417 320 455 nomeu
329 402 382 465 ejus
393 396 511 465 promisit:
524 401 547 447 et
557 396 607 447 talis
616 393 722 457 obligatio
735 406 782 443 uon
795 392 838 443 tol-

31 485 74 533 litur
86 483 112 531 iu
124 480 179 529 loro
192 472 344 527 conscientie
350 509 359 535 ,
368 468 421 534 quia
431 468 503 531 magis
517 468 584 517 lebet
592 466 699 515 damnum
713 463 836 527 temporale

31 557 138 604 sustinere
156 548 230 614 quiam
241 547 399 612 jurameutum
408 539 507 600 uiolare3
522 541 598 603 potest
612 540 686 587 tamer
697 539 799 599 repetere
815 533 840 583 irr

27 627 107 690 'prlicio
121 622 189 688 quod
200 618 285 680 solvit,
299 616 336 667 rel
348 614 444 681 praelato
456 611 601 672 denuntiare,
611 622 657 659 nou
666 610 770 659 obstante
778 605 840 671 qubd

31 696 164 750 contrarium
181 690 288 757 juravit,
304 687 357 752 quia
370 686 415 738 tale
428 682 581 748 jurameutum
603 684 707 743 vergeret
727 677 751 729 iu
775 679 841 729 aleto-

31 773 105 821 riorem
120 768 230 828 exitum,
244 762 305 813 esset
318 759 380 811 euim
393 759 470 807 eontra
479 754 591 821 justitiam
605 751 726 817 publicam.
742 748 840 801 Romani

32 850 100 894 autem
118 836 251 907 pontifices
266 833 294 884 ab
310 828 446 895 huiusmodi
459 826 594 891 juramentis
613 823 719 874 lromlncs
738 822 840 873 absolve·

32 921 90 977 runt,
104 926 154 964 uou
180 906 250 973 quasi
265 902 417 955 decernentes
430 898 561 963 hujusmodi
579 897 708 961 juramenta
726 908 772 943 noa
790 905 841 944 esse

33 985 178 1051 obligatione,
197 980 243 1030 sed
259 975 326 1041 quasi
338 972 492 1037 obigatiouem
506 983 535 1021 ex
543 970 607 1034 Justa
618 980 685 1017 causa
703 963 839 1015 relaxantes.

58 1059 88 1107 ad
99 1056 214 1122 quartum
225 1047 361 1106 dicendum,
371 1042 431 1108 qubd
445 1042 535 1107 quando
546 1054 592 1097 nou
601 1043 636 1089 est
649 1038 729 1087 eadem
740 1035 840 1099 jurautis

35 1130 121 1180 iuleutio
178 1125 234 1188 ejus
247 1117 287 1183 qui
297 1116 376 1181 jurat,
395 1113 416 1164 si
429 1115 473 1164 lroc
483 1110 603 1178 proueniat
622 1123 651 1160 er
662 1109 713 1158 dolo
724 1106 840 1171 jurantis,

34 1202 92 1251 <lebet
101 1197 276 1264 jurameutum
291 1187 379 1240 serrari
398 1182 523 1237 secuudirm
541 1196 621 1233 sanum
637 1180 776 1230 intellectum
790 1178 840 1239 ejus

36 1274 65 1320 cui
77 1271 241 1337 juramentum
261 1262 396 1327 prestetum
411 1256 471 1307 unde
491 1256 589 1305 isidorus
613 1251 668 1303 dicit
685 1250 740 1314 tlib.
762 1250 783 1300 ll
806 1251 841 1300 De

35 1341 224 1399 summobono,
241 1340 295 1398 c'ap.
314 1330 359 1395 31)
376 1346 382 1379 :
401 1346 414 1377 u
429 1328 574 1389 Quacumque
594 1327 642 1375 arte
655 1322 775 1373 uerborum
790 1320 842 1385 quis
871 1314 876 1318 ’

34 1418 99 1478 juret,
112 1416 178 1463 licus
194 1414 278 1465 tamen
292 1418 332 1469 qur
353 1398 500 1453 conscientie
513 1396 578 1448 testis
592 1402 641 1457 est,
655 1394 686 1445 ita
701 1396 743 1444 troc
763 1391 845 1455 accipit

38 1488 87 1535 sir-ut
97 1487 135 1537 ille
147 1484 189 1535 cui
199 1478 311 1547 juratur3
324 1473 440 1537 intelligit.
456 1487 469 1517 ε
485 1472 515 1520 Et
530 1468 591 1534 quod
605 1469 649 1517 hoc
660 1465 802 1528 intelligatur
815 1464 843 1513 de

44 1557 109 1609 loloao
119 1556 278 1622 juraruent0,
297 1548 361 1613 patet
376 1558 418 1609 per
437 1542 458 1593 ll
475 1541 535 1605 quod
550 1539 673 1600 subditur:
692 1535 845 1600 «Dupliciter

41 1641 86 1678 rcus
94 1630 126 1693 lt,
138 1628 182 1693 qui
195 1627 220 1676 et
230 1624 317 1673 nomeu
326 1618 366 1668 lici
375 1616 400 1665 iu
412 1628 494 1664 varrum
506 1612 608 1675 assumit,
618 1609 776 1676 ctprorimum
790 1606 843 1657 dolo

40 1702 98 1765 capit.
112 1720 126 1749 r
137 1701 163 1753 Si
179 1700 262 1748 autem
274 1692 357 1758 jurans
368 1688 445 1739 dolum
456 1699 501 1736 noo
510 1686 624 1747 adhibeat,
634 1682 745 1745 obligatur
760 1692 847 1729 seeun-

39 1772 83 1823 lim
93 1770 252 1824 intentionem
260 1761 369 1828 jurantis.
379 1758 444 1809 bute
454 1754 574 1821 Gregorius
585 1754 647 1817 dicit,
658 1753 737 1806 lllllll.
749 1748 844 1801 Morut.

42 1848 100 1909 trap.
110 1848 125 1893 7
136 1844 176 1893 uel
194 1842 228 1902 8)
247 1854 253 1887 :
272 1853 286 1883 u
297 1834 411 1884 Humanae
426 1841 491 1879 aures
505 1828 558 1877 talia
572 1827 639 1877 rerba
654 1828 731 1876 costra
742 1821 847 1886 judicarit

39 1917 107 1978 praba
128 1914 187 1968 toris
209 1910 312 1969 sonant3
328 1903 408 1955 diviua
427 1899 479 1973 verb
496 1898 582 1964 jmlicia
604 1898 658 1949 talia
676 1896 733 1950 toris
751 1892 848 1948 audiunt

41 1989 108 2053 qualia
119 2000 150 2039 ex
160 1982 255 2037 intimis
268 1978 426 2045 proteruntur.
439 1988 453 2019 u

328 2151 492 2207 auricomis
506 2151 564 2200 vlll.

121 2290 212 2337 otram
222 2286 304 2343 major
318 2282 350 2341 sit
360 2278 474 2345 obligatio
481 2273 615 2334 iuramenti
629 2272 700 2329 purim
712 2269 769 2313 voti.

74 2419 104 2469 ld
113 2420 224 2469 octavum
237 2412 273 2464 sic
286 2407 425 2475 proceditur.
437 2403 532 2455 Videtur
542 2401 602 2465 publ
616 2398 689 2462 major
698 2396 727 2447 sit
739 2395 849 2460 obligatio

44 2487 165 2552 juramenti
175 2484 245 2549 quam
256 2481 313 2533 voti.
327 2480 412 2529 votum
424 2475 484 2526 euim
499 2478 535 2525 est
548 2470 644 2535 simplex
662 2466 789 2532 promissio.
804 2468 849 2518 Sed

45 2562 197 2622 jurameutum
222 2567 291 2619 supra
312 2548 490 2617 promissionem
511 2544 602 2595 adhibet
620 2540 722 2590 <livinum
746 2540 849 2589 testimo-

47 2633 117 2679 uium.
131 2631 193 2693 Ergo
204 2626 279 2689 maJ'or
292 2626 328 2675 est
342 2619 435 2683 oligatio
447 2614 571 2683 juramenti
581 2610 648 2677 quam
661 2612 716 2662 uoti.

78 2706 101 2751 t.
115 2703 238 2758 Praeterea,
252 2694 349 2750 (labilius
359 2692 418 2743 solet
430 2702 471 2753 per
479 2688 559 2738 lortius
568 2684 703 2735 confirmari.
719 2684 764 2733 Sed
773 2685 851 2732 rotam

49 2772 161 2823 intertum
176 2770 322 2821 confirmator
333 2765 473 2829 juramento.
485 2761 546 2823 Ergo
552 2758 708 2821 iuramentum
721 2758 756 2804 est
771 2752 852 2802 lortius

50 2847 239 2983 qugpgffia'
252 2909 361 2984 obligatio
372 2886 423 2965 uoti
433 2876 582 2987 causaturos
592 2899 663 2960 enimi
676 2891 852 2960 11111ιῆ1111]
864 2915 866 2919 ’
