1934 3284
336 194 368 233 nn
383 188 562 233 temnendum
740 224 746 235 .
804 190 850 240 tte

47 274 99 329 sorio
111 288 154 342 per
167 270 324 327 reuerentiam
333 271 407 323 divini
420 272 533 334 numinis,
544 272 604 337 quod
614 273 642 325 ad
652 274 849 329 confirmationem

48 364 88 401 soa
101 346 263 415 promissionis
274 344 378 410 inducit,
392 344 493 409 scipsum
506 346 591 411 obligat
603 348 630 397 ad
644 348 772 400 iaciendum
784 353 845 415 qoud

45 421 165 486 promittit;
185 420 248 483 quod
262 422 298 468 est
313 418 414 481 seipsum
435 417 580 471 immobiliter
594 420 697 472 ordinare
712 423 739 472 ad
760 424 847 488 aliquid

6 490 7 493 ’
47 494 161 556 agendum.
175 491 243 541 Sicut
256 492 336 539 antem
351 490 420 539 homo
433 488 533 552 seipsum
550 491 655 542 ordinare
674 497 749 558 potest
765 496 793 545 ad
808 495 851 545 ali-

45 566 92 628 quid
110 564 240 629 agendum,
258 561 290 611 ita
301 562 372 613 etiam
390 564 415 611 et
432 561 502 623 alios,
517 562 645 628 superiores
659 566 751 628 quidem
768 569 849 631 depre-

6 652 7 683 ἕ
45 638 126 699 caude,
146 634 270 686 interiores
287 638 364 683 notem
378 634 520 697 imperando,
541 638 567 683 ot
578 648 607 685 ex
621 636 690 700 sopri
702 638 771 688 dictis
783 643 847 703 patet

45 710 90 771 (qu.
102 713 142 768 83,
154 710 201 757 art.
213 706 247 769 t).
262 704 320 754 Cim
332 716 391 767 ergo
400 708 495 767 utroque
508 706 621 757 ordinatio
635 720 676 771 per
687 708 776 773 aliquod
788 709 849 760 dioi-

45 794 95 829 num
107 778 273 839 comitamini,
281 778 317 825 est
331 775 453 840 adjuratio.
465 776 490 824 ln
501 777 545 826 hoe
560 780 638 827 tamen
651 778 770 843 differunt,
785 780 848 845 quid

45 854 108 904 homo
121 853 158 903 est
174 862 269 901 suorum
288 852 382 897 actuum
401 848 519 909 dominns,
534 861 580 899 uon
599 854 673 900 autem
690 852 847 903 est-doninus

6 982 7 985 Ἴ
46 937 118 974 eornm
133 936 187 986 qnae
202 924 258 971 suut
277 918 306 969 ab
318 918 366 968 aiio
378 918 481 981 agenda:
498 922 522 969 et
535 917 587 969 ideo
601 920 645 970 sibi
660 920 704 986 ipsi
720 926 796 987 potest
810 939 851 976 ne-

6 1024 7 1031 1
47 996 173 1045 cessitatem
194 992 316 1055 imponere
338 1002 380 1053 per
400 988 472 1039 divini
491 990 590 1040 nominis
608 990 790 1056 invocationem,
805 1009 852 1046 nun

45 1071 117 1116 autern
130 1066 193 1115 hanc
208 1060 372 1113 necessitatem
386 1062 462 1124 potest
475 1060 527 1111 aliis
540 1062 667 1125 imponere,
682 1063 728 1113 nisi
738 1064 850 1129 subditis,

45 1150 97 1200 qnos
109 1138 189 1201 potest
210 1147 241 1184 ex
251 1132 330 1183 debito
345 1131 443 1196 prestiti
457 1132 582 1196 juramenti
598 1134 742 1197 competiere.
758 1134 782 1185 Si
796 1150 851 1201 ergo

47 1209 124 1273 atiqois
136 1222 181 1273 per
194 1204 368 1257 invocationem
383 1204 457 1257 diuini
468 1204 568 1254 nominis
582 1206 620 1255 oct
637 1207 801 1271 cojmmnpoc
815 1211 852 1259 rei

46 1294 111 1333 sacra
125 1280 196 1330 alieni
209 1290 257 1329 noo
272 1276 318 1327 sibi
334 1274 436 1338 subdito,
452 1275 585 1339 adjurando,
598 1278 759 1328 necessitatem
770 1280 852 1343 agendi

48 1351 126 1416 aliquid
146 1352 270 1414 imponere
291 1347 412 1411 intendat,
428 1346 486 1398 siout
499 1346 596 1411 imponit
612 1348 657 1398 sibi
675 1348 721 1412 ipsi
737 1349 849 1415 jurando,

48 1425 95 1473 talis
108 1420 226 1486 adjuratio
240 1420 321 1470 illicita
338 1420 390 1481 est,
405 1417 459 1480 quia
475 1422 569 1483 usurpat
585 1421 721 1483 potestatem
740 1421 766 1471 iu
784 1421 854 1473 atium

53 1508 113 1555 qoam
128 1492 276 1553 nonhabet,
290 1496 370 1541 tamen
389 1491 482 1553 propter
496 1490 595 1553 utiquam
613 1492 771 1542 necessitatem
786 1506 854 1558 supe·

55 1564 117 1615 nores
124 1566 225 1629 possunt
234 1576 289 1613 suos
299 1561 421 1611 inferiores
436 1559 474 1611 tali
484 1574 567 1624 genere
578 1560 729 1625 adjurationis
742 1564 853 1614 constrin-

52 1646 111 1699 gerc;
125 1636 145 1685 si
161 1634 220 1686 uero
234 1632 342 1684 intendat
355 1632 497 1683 solummodo
513 1646 554 1695 per
563 1634 713 1684 reuerentiam
727 1633 799 1685 diuini
813 1648 854 1686 no-

51 1706 112 1757 minis
129 1707 171 1758 vel
189 1704 294 1769 aiicujus
310 1704 345 1755 rei
363 1716 436 1753 sacre
450 1703 534 1767 aliquid
553 1703 582 1753 ab
594 1704 639 1755 atio
653 1705 755 1756 obtinere
768 1708 854 1769 uosque

51 1780 192 1831 necessitatis
201 1776 368 1843 impositione,
380 1776 433 1825 tatis
441 1775 551 1839 adjuratio
564 1776 627 1826 licita
635 1780 669 1827 est
678 1780 783 1843 respecto
796 1790 853 1841 qoo-

50 1852 162 1902 rumtibet.

78 1924 110 1972 td
126 1923 228 1987 primum
242 1934 298 1984 ergo
316 1920 456 1979 dicendum,
468 1920 528 1983 qodd
542 1920 651 1983 Origenes
661 1921 761 1986 loquitor
773 1922 801 1971 dc
815 1922 856 1971 ad·

47 1994 160 2055 juratione
176 2008 224 2057 qua
240 1992 326 2056 aliquis
344 1990 413 2041 alicui
429 1992 588 2043 necessitatem
608 1992 726 2055 imponere
741 1993 854 2057 intendit,

50 2066 102 2116 sirm
112 2067 216 2131 imponit
234 2064 278 2116 sibi
297 2064 359 2129 ipsi,
371 2062 479 2126 jurando.
495 2064 533 2113 Sic
548 2065 611 2115 enim
623 2064 733 2127 Princeps
748 2064 854 2115 sacerdo-

51 2140 91 2187 tum
106 2136 257 2202 prersompsit
271 2136 395 2187 Dominum
409 2134 486 2185 tesoor
507 2135 624 2185 Christum
637 2135 749 2199 adjurare.

76 2211 109 2261 td
120 2210 251 2261 secundum
264 2208 397 2269 dicendum,
413 2206 472 2270 qood
485 2207 524 2259 itta
536 2208 595 2257 ratio
608 2205 749 2269 proceditis
766 2205 855 2271 adjura-

49 2282 106 2331 tione
122 2294 178 2345 qum
194 2280 357 2331 necessitatem
377 2278 482 2341 imponit.
592 2323 596 2330 .

76 2352 218 2404 tuoruum
230 2348 436 2413 dicendum,un
449 2350 552 2415 adjurare
562 2362 609 2401 non
619 2352 655 2401 est
665 2348 764 2414 aliquem
777 2354 806 2403 ad
814 2354 854 2417 jo-

51 2426 141 2475 candum
156 2423 279 2485 inducere,
293 2424 333 2473 sod
344 2434 387 2486 per
404 2422 525 2485 quamdam
537 2421 711 2473 similitudinem
728 2424 855 2487 juramenti

51 2499 108 2547 'nso
127 2494 235 2557 inducti,
250 2494 320 2543 atium
339 2494 367 2544 ad
390 2492 475 2556 aliquid
495 2494 608 2557 agendum
632 2507 764 2557 provocare
785 2495 857 2546 Aliter

51 2570 124 2617 tamen
136 2565 282 2629 adjuratione
294 2564 381 2615 utmror
397 2566 425 2615 ad
445 2564 560 2616 hominem
568 2603 577 2629 ,
596 2567 620 2615 et
636 2566 703 2615 oiiter
718 2568 745 2617 od
759 2568 831 2617 Deum
849 2581 856 2615 ε

53 2652 101 2687 uam
115 2637 246 2700 adjurando
256 2636 374 2687 hominem
387 2637 438 2700 ejus
452 2637 594 2687 volontatem
607 2650 648 2700 per
663 2638 814 2689 reuerentiam
824 2637 858 2687 rei

53 2723 119 2761 sacre
138 2710 264 2775 immutare
283 2706 442 2767 intendimus;
458 2708 519 2771 quod
539 2708 632 2771 quidem
651 2721 697 2759 non
717 2708 857 2757 intendimus

52 2780 109 2829 circa
123 2781 206 2839 Deum
221 2782 289 2841 eujus
304 2779 410 2829 voluntas
423 2780 457 2829 est
475 2778 638 2842 immutabitis,
652 2780 693 2830 sed
705 2777 767 2841 qood
784 2778 798 2826 a
812 2778 859 2825 Deo

54 2864 90 2913 per
106 2853 220 2902 eternam
234 2849 287 2913 ejus
298 2850 440 2901 uoluntatem
452 2849 537 2912 aliquid
547 2848 706 2911 obtineamus,
721 2861 767 2899 nou
781 2850 817 2896 est
829 2857 860 2893 er

55 2922 141 2973 meritis
158 2920 262 2985 noem,
283 2922 368 2975 sodex
381 2920 433 2985 eius
444 2920 556 2973 bonitate.
647 2974 653 2978 ,
