1934 3284
92 168 139 217 ost
185 176 295 215 amnon
309 174 433 224 smnus,
445 174 540 222 onnon
557 173 669 225 mrsu,
684 174 739 215 uus.
759 178 777 214 1.

123 253 168 305 Sed
179 256 257 305 mutu
265 253 386 316 eet,qnod
398 251 541 303 Andronicus
550 252 612 315 dicit,
620 250 681 316 quhcl
695 253 890 316 «munerantis

92 328 128 377 ω
139 324 232 375 habitus
245 334 325 375 eorum
338 324 421 388 quihus
432 323 602 375 mumolum
612 328 647 375 est
660 326 684 374 et
696 336 743 374 ocu
761 323 892 377 iuuencu-

93 398 162 459 uun,
181 399 206 446 et
218 399 358 447 neutrorum.
373 412 388 443 o
402 396 447 447 Sel
459 395 552 447 hshitos
561 396 669 447 orliuaus
682 408 725 447 uos
739 396 768 445 ad
784 396 845 447 henh
858 398 894 448 la-

92 467 199 519 ciendum
214 466 298 531 utqutu
318 467 357 518 vel
369 467 534 533 omittendum,
547 470 583 519 est
599 466 685 518 virtus.
704 466 765 531 Ergo
783 480 894 533 perseue-

93 540 167 592 rantia
176 543 212 591 eet
221 539 304 591 victus
400 550 414 579 0
770 590 776 597 ,

124 613 284 678 (cotenusuo.
302 611 520 664 -l’erseueruntlu
546 615 583 663 est
609 612 714 677 specialis
739 608 828 674 uatus,
851 626 896 679 per

93 697 162 750 quana
179 687 248 737 homo
264 686 290 737 in
305 686 408 738 honestis
425 684 532 755 operihus
543 683 661 749 persistit,
674 686 786 749 paucum
798 696 896 737 neccsse

94 759 156 819 est.)

125 830 261 894 Respondeo
282 828 415 893 dicendum,
431 827 493 895 quio
507 826 631 880 secundina
649 826 815 893 Philosophum
828 828 854 879 in
863 831 894 881 ll.

95 900 177 951 Eitis.
192 901 202 967 (
209 914 258 967 cup.
269 906 285 951 t
298 902 336 951 uel
348 905 362 950 s
372 899 393 964 l,
404 899 499 950 «uinus
511 904 545 951 est
559 900 620 950 circu
633 897 723 949 hlhcile
734 901 758 949 et
773 898 895 951 honum.»

95 974 125 1024 ut
137 973 190 1025 ideo
203 974 243 1025 uhi
262 973 358 1024 occurit
375 971 481 1038 specialis
495 972 553 1023 ratio
568 970 706 1025 dilllcultatls
723 972 762 1021 vel
777 972 847 1034 honi,
861 973 897 1025 ihi

94 1049 131 1097 est
142 1045 248 1109 specialis
262 1044 342 1095 ortus.
354 1046 417 1109 (lpus
427 1047 504 1095 auhn
519 1042 609 1094 vinulis
619 1046 694 1108 potest
703 1043 789 1095 hahere
806 1042 898 1100 contu

95 1118 141 1167 tem
159 1118 183 1168 et
196 1116 352 1166 dithmltutcm
373 1129 403 1166 ex
418 1115 514 1165 dnobus.
535 1116 586 1166 Uno
600 1114 693 1179 quidem
703 1116 784 1178 modo,
800 1129 830 1167 ex
846 1116 897 1181 ipsa

96 1187 172 1252 specie
189 1188 266 1252 actis,
280 1200 331 1251 qnae
344 1185 456 1251 accipitur
470 1185 596 1236 wcundhnu
615 1186 725 1237 rationem
745 1186 834 1251 piopril
854 1188 897 1239 ob·

93 1259 160 1323 ject'c
174 1260 224 1310 llio
232 1260 300 1310 nodo
309 1272 339 1309 ex
350 1258 400 1323 ipsa
410 1257 559 1308 diuturnitate
568 1258 686 1323 tempom.
696 1258 753 1309 liam
762 1259 808 1309 hoc
818 1260 896 1323 ipsum

95 1332 156 1395 poet
169 1335 206 1382 est
221 1330 261 1381 ullu
274 1330 378 1381 insistere
396 1329 465 1381 alicui
481 1328 586 1393 tllhclll,
601 1330 721 1394 specialem
736 1328 897 1383 difficultatem

94 1402 182 1451 hahet:
197 1404 221 1452 et
228 1402 279 1452 ilco
287 1402 328 1452 diu
336 1401 457 1466 peuiehre
467 1400 493 1449 in
502 1400 578 1465 aliquo
585 1402 645 1451 hono
659 1414 729 1465 usque
743 1402 771 1451 ad
785 1416 893 1454 consum-

95 1473 219 1523 mationem
231 1472 330 1536 pertiuet
341 1473 371 1522 all
389 1472 512 1536 specialem
529 1473 648 1523 uirtutem.
663 1472 726 1523 Sicut
741 1484 796 1535 ergo
810 1478 898 1539 tempe-

95 1543 167 1593 rantia
177 1547 201 1593 et
209 1543 316 1593 tortitudo
325 1547 378 1594 suut
390 1543 500 1608 speciales
512 1544 621 1609 unctes,
630 1556 657 1595 eo
666 1542 725 1607 quod
735 1544 808 1594 altera
818 1558 897 1596 earum

96 1614 224 1665 moderutur
238 1614 400 1666 delectationes
413 1615 490 1666 tactis
505 1615 580 1680 (quod
594 1616 622 1667 de
638 1628 663 1665 sc
680 1612 839 1666 difficultatem
857 1617 899 1666 ha-

96 1685 167 1751 het),
182 1686 252 1735 altena
265 1688 342 1736 autem
354 1687 483 1737 moderatur
495 1687 588 1738 timores
600 1690 623 1736 et
637 1685 742 1737 audacias
756 1686 819 1736 circa
835 1686 898 1751 peri·

97 1758 148 1809 cula
158 1758 237 1809 mortis
250 1758 329 1823 (quod
342 1758 412 1808 etiam
427 1757 551 1809 mundium
561 1772 586 1809 sc
598 1756 688 1808 dilhcile
700 1760 765 1821 est),
779 1756 812 1809 lta
826 1758 895 1809 ctiam

97 1831 267 1895 perseuerantia
286 1835 321 1881 est
333 1831 437 1896 quolam
447 1830 554 1894 specialis
568 1830 653 1891 uirtus,
665 1830 697 1880 ad
713 1842 781 1893 quam
795 1830 898 1895 pertinet

97 1902 123 1953 in
138 1902 175 1953 his
193 1903 232 1953 uel
246 1903 271 1953 in
284 1902 335 1953 aliis
356 1901 464 1953 utensis
475 1902 582 1968 operibus
600 1900 771 1953 &uicinitatem
785 1901 898 1954 sustinere

97 1979 165 2040 prout
174 1986 270 2025 necesse
282 1978 326 2025 est.

129 2046 276 2112 ltprimum
296 2060 350 2111 ergo
365 2046 500 2109 dicendum,
516 2046 576 2110 psol
594 2046 746 2113 Philosophus
765 2044 851 2113 accipit
866 2046 898 2099 ihi

97 2120 291 2185 peneuecantlam
308 2117 434 2169 secundnm
453 2118 515 2182 qood
530 2118 612 2183 aliquis
627 2121 758 2185 perseuerat
775 2118 800 2169 iu
816 2119 854 2169 his
874 2118 898 2169 iu

97 2192 181 2257 quihus
195 2190 354 2242 difficillimum
365 2189 451 2241 est-olo
462 2190 592 2240 sustinere:
609 2202 654 2241 uon
669 2197 705 2241 est
718 2191 794 2240 autem
808 2190 899 2243 oilllctle

90 2264 137 2328 ‚diu
150 2262 262 2315 cacunem
277 2264 353 2325 hona,
367 2262 408 2312 sed
425 2261 493 2312 mala.
506 2260 563 2311 llals
579 2264 656 2315 autem
668 2274 719 2326 que
728 2263 782 2311 sunt
796 2260 898 2325 pericula

98 2335 188 2398 mortis,
196 2339 222 2386 ut
232 2334 355 2401 pluuimhuu
366 2344 413 2384 uon
424 2332 463 2383 liu
474 2332 623 2396 sustinentur,
635 2332 688 2397 qula
698 2332 732 2397 (ut
744 2331 897 2397 hequeutlhs)

98 2405 145 2457 cith
154 2409 275 2459 nauseant
292 2422 298 2455 ι
313 2407 374 2457 uude
389 2409 495 2468 respectu
507 2404 596 2455 illorum
610 2408 703 2456 nonest
715 2403 830 2469 precipua
844 2404 894 2455 laus

98 2479 282 2542 pemveriutiae.
293 2479 356 2530 luten
372 2476 417 2527 aliu
427 2478 505 2527 uuum
523 2477 592 2540 suala,
600 2476 717 2543 precipua
728 2480 782 2526 suut
795 2476 835 2527 illa
845 2490 897 2541 quc

98 2554 244 2615 opponuntur
252 2548 439 2602 delectationibus
448 2546 742 2615 tactis‚quiahojusmodi
751 2548 811 2599 mala
824 2548 898 2600 atten-

99 2622 183 2671 duntur
197 2622 258 2671 circa
270 2620 396 2672 necessasia
409 2620 474 2682 utu,
486 2619 541 2685 puta
555 2619 616 2671 usca
633 2620 746 2671 delectum
760 2620 861 2671 cihouuuu
876 2622 898 2671 ct

99 2690 193 2741 alionum
203 2691 348 2755 hujusmodi,
362 2704 413 2755 quse
421 2692 556 2754 quandoque
569 2690 688 2742 imminent
706 2690 745 2742 dio
755 2692 896 2744 sustinenda.

100 2761 151 2811 lton
161 2765 198 2811 est
207 2763 283 2811 auten
296 2760 389 2813 llltlcilo
397 2763 447 2813 hcc
457 2761 496 2811 (liu
505 2760 618 2813 sustinere
630 2762 664 2813 illi
674 2762 713 2827 oui
727 2762 786 2814 circa
796 2763 841 2813 hoc
853 2773 898 2813 uon

101 2830 198 2881 numu
212 2831 328 2893 tristatur,
343 2832 423 2883 necin
438 2830 549 2896 oppositis
567 2831 634 2883 honis
647 2826 742 2883 multius
757 2831 896 2894 delectatur,

21 2897 23 2962 ζ
102 2900 163 2953 sieut
178 2903 243 2967 patet
260 2900 290 2951 in·
304 2903 446 2966 supano,
458 2903 486 2954 iu
505 2914 550 2967 quo
568 2902 699 2967 hujusmodl
720 2902 838 2969 passiones
852 2916 896 2957 nou
