1934 3284
132 185 178 233 m
232 171 340 231 mcnnnn
355 190 484 243 menna,
498 192 590 237 onaan.
607 190 701 243 anxur,
716 191 773 229 aar.
788 192 825 231 nv.

162 270 298 336 Respondeo
316 268 448 331 (liceum,
462 268 524 333 quta
541 267 569 318 ule
587 266 649 319 uitiis
661 266 798 333 capitalibus
815 270 927 336 dupliciter

131 344 202 408 aliqui
214 343 345 406 loquuntur.
364 340 460 401 Quidam
476 340 538 391 enim
553 342 642 403 ponunt
658 339 805 405 snperbiam
819 356 890 397 unum
902 344 928 393 dc

130 415 194 467 uitiis
208 414 342 479 capitalibus
358 429 364 463 ι
381 416 404 463 et
419 412 446 463 lri
460 426 507 463 non
524 414 612 476 ponunt
629 413 728 462 r'oanem
742 412 858 477 ylortcm
874 416 929 465 iuter

130 487 186 538 uitia
199 484 311 550 capitalia.
321 483 443 548 Gregorius
456 486 532 549 antem
541 482 566 532 in
579 482 658 533 XXXI.
671 483 772 545 norat,
782 486 928 549 superbiam

130 558 195 625 ponit
211 556 313 620 reginam
331 557 434 607 omnium
449 555 571 618 uitiomm3
586 558 609 607 et
624 556 721 605 inamm
734 556 864 620 plectum,
881 572 929 623 qua

131 628 263 683 immediati
273 629 301 679 ab
314 628 365 693 ipsa
378 628 459 689 oritur,
474 627 538 692 ponit
549 626 633 677 uitium
643 626 748 693 capitale.
760 628 790 678 ιιι
799 630 846 681 hoc
863 630 930 682 ratio·

131 702 244 755 nobiliter.
254 700 364 766 Superbia
374 700 443 761 enim,
451 703 477 749 ut
486 698 545 749 inira
554 699 697 763 dicetnrmn.
711 702 767 761 ιιι,
778 702 823 750 ιιι.
836 704 850 751 1
862 706 885 752 ιι
894 703 929 767 2),

131 776 239 840 importat
257 773 409 823 inordinatum
426 770 553 835 appetitum
565 770 713 822 excellentia.
728 772 762 821 En
780 772 846 822 omni
857 776 932 823 autem

131 848 192 899 bono
204 845 265 912 quod
281 844 332 909 quis
343 842 442 908 appetit,
459 843 580 907 quamdam
599 842 762 907 perfectionem
778 846 802 893 et
816 844 930 896 excellen-

131 920 187 971 tiam
200 917 346 981 consequitur
361 918 403 966 :et
420 916 473 966 ideo
487 914 544 964 inea
558 914 658 965 omnium
678 913 784 965 vitiomm
799 915 933 967 ordinantur

132 992 158 1043 in
170 992 238 1042 tinem
251 987 373 1054 superbie.
381 988 410 1037 nt
419 990 512 1051 propter
524 986 568 1036 lroc
581 985 670 1036 uidetur
682 984 742 1050 qnid
751 986 839 1037 habeat
851 1002 930 1052 quam·
954 988 955 1051 J

135 1064 186 1115 darn
204 1060 335 1127 generalem
348 1059 506 1109 multitatem
523 1070 591 1122 super
604 1057 648 1108 alia
660 1056 730 1119 uitia,
747 1060 772 1108 et
790 1069 837 1110 non
853 1062 933 1112 debeat

134 1133 259 1199 computari
275 1132 334 1183 inter
354 1129 461 1194 upeulalia
475 1128 582 1179 uitiorum
599 1128 724 1194 principia,
739 1142 791 1193 qnae
811 1134 867 1181 aunt
880 1131 933 1182 uitia

134 1205 247 1271 capitalia.
260 1205 322 1255 luter
335 1204 395 1253 bona
415 1204 491 1251 numm
504 1212 545 1265 per
557 1213 607 1263 qua
622 1200 780 1252 excellentiam
794 1202 865 1255 homo
883 1218 934 1257 con-

134 1278 252 1343 sequitur,
262 1273 377 1340 precipue
391 1274 420 1323 ad
435 1272 479 1323 hoc
493 1272 582 1337 operari
592 1270 681 1323 uidetur
695 1272 809 1337 ploria‚in
823 1281 932 1339 quantun

134 1351 243 1415 importat
255 1346 460 1398 manifestationem
476 1344 585 1395 bonitatis
603 1343 706 1408 alicujus.
721 1345 779 1394 Nam
795 1346 884 1397 bonum
897 1362 934 1399 nn·

134 1420 237 1472 turaliter
251 1422 338 1469 amatur
348 1421 373 1468 et
384 1419 507 1468 honomtnr
520 1416 548 1467 ab
567 1416 672 1466 omnibus
687 1430 693 1465 :
704 1419 727 1465 et
739 1416 806 1479 ideo,
819 1418 883 1469 sicut
898 1434 935 1485 per

134 1491 227 1557 gloriam
238 1504 291 1553 qua
302 1492 339 1540 est
347 1490 406 1554 apud
415 1491 499 1553 ileum,
510 1486 653 1551 consequitm
663 1488 731 1539 homo
741 1489 903 1542 excellentiam
913 1494 933 1541 in

134 1564 201 1614 relus
220 1561 322 1625 ιιιιιιιι,
334 1560 369 1610 ita
385 1560 454 1611 etiam
474 1572 515 1624 per
536 1560 630 1623 gloriam
649 1558 768 1611 hominnm
788 1564 934 1627 consequitur

134 1637 203 1685 homo
214 1631 372 1684 excellentiam
384 1632 408 1682 in
422 1632 489 1683 rebus
503 1630 615 1681 hanania.
631 1630 659 1681 Et
672 1632 722 1682 ideo
736 1634 829 1696 propter
840 1636 933 1699 propin·

135 1706 243 1772 quitatem
256 1705 284 1755 ad
298 1703 454 1755 excellentiam
474 1716 543 1767 qnam
562 1702 666 1753 homines
679 1702 778 1755 maximi
792 1704 933 1769 desiderant,

135 1790 275 1841 consequens
289 1776 397 1841 estquod
411 1774 442 1825 ait
457 1772 553 1826 multirm
575 1773 714 1839 appetibilia.
731 1775 760 1825 nt
777 1774 831 1841 quia
843 1790 875 1827 ex
888 1779 933 1843 ejus

134 1850 264 1901 inordinato
284 1848 388 1916 appetita
405 1849 476 1899 multa
496 1847 554 1899 uitia
572 1847 688 1909 oriuntur,
701 1846 777 1899 ideo'
770 1848 848 1899 manis
866 1850 934 1913 gloria

135 1925 171 1974 est
182 1921 264 1971 uitium
277 1920 382 1985 capitale.

168 1996 201 2045 ,ιι
214 1992 312 2058 primum
324 2006 377 2056 ergo
391 1992 511 2043 dicendum
520 1990 601 2055 ‚quod
612 2006 627 2039 <a
639 1990 729 2056 aliquod
742 1990 823 2043 uitium
840 1993 897 2045 oriri
911 2008 935 2045 er
953 1998 954 2041 ι

137 2065 267 2133 superbia»
283 2078 329 2116 nun
339 2066 450 2131 repugnat
458 2078 480 2115 er
472 2062 551 2128 'quod
561 2064 596 2113 est
606 2079 620 2110 u
630 2075 682 2115 esse
691 2062 790 2113 uititinm
801 2064 910 2129 capitale3
921 2083 932 2112 n
953 2058 954 2099 t

136 2152 165 2191 eo
177 2136 252 2203 qnod,
267 2137 328 2188 nient
345 2136 413 2201 snpra
427 2136 514 2186 (lictum
527 2138 562 2186 est
573 2134 619 2201 (1,
629 2136 658 2199 a,
672 2136 756 2199 quast.
769 2136 815 2197 ιιι,
827 2138 873 2187 art.
887 2142 902 2187 ι
916 2142 935 2187 ct

137 2212 180 2261 art.
199 2211 211 2257 ι
229 2208 257 2259 ad
273 2207 314 2273 ι),
330 2205 463 2273 «superma
480 2209 516 2257 est
533 2204 612 2269 regina
626 2208 648 2254 et
668 2206 740 2255 mater
753 2204 856 2257 omnium
869 2207 935 2257 uitio

137 2295 195 2333 mm.
210 2296 224 2329 ι

169 2354 202 2403 ld
216 2353 341 2403 secundnm
349 2350 479 2413 (licendum,
490 2348 550 2415 qnod
561 2350 611 2401 lans
623 2352 646 2401 et
659 2350 732 2401 honor
741 2352 901 2415 compararim
911 2350 934 2399 ιι

137 2422 247 2488 gloriam,
263 2427 288 2473 ut
305 2421 373 2488 supra
387 2422 471 2473 dictum
487 2425 521 2473 est
544 2422 598 2486 (qn.
615 2422 732 2484 10³‚art
747 2422 759 2467 1
773 2420 802 2470 ad
820 2420 866 2485 ³),
881 2420 937 2471 sicut

137 2508 210 2545 cansa
223 2508 250 2545 ex
264 2495 346 2559 quibus
360 2494 463 2558 sequitur
478 2492 566 2558 gloria:
583 2493 644 2543 nude
663 2489 733 2556 gloria
747 2494 893 2557 comparatur
911 2493 934 2541 ad

137 2576 164 2615 ea
177 2565 235 2616 ment
252 2566 312 2617 finis.
324 2568 420 2631 Propter
433 2567 478 2617 lnoc
490 2566 551 2617 enim
561 2565 644 2630 aliquis
657 2566 719 2614 amat
730 2564 837 2615 honorari
851 2568 874 2615 et
888 2565 936 2614 lau-

14 2611 15 2618 *
40 2687 44 2699 ,
138 2636 200 2699 dari,
218 2637 243 2686 in
260 2642 368 2701 quantum
380 2650 422 2704 per
437 2640 481 2690 troc
495 2637 578 2703 aliquis
591 2636 689 2689 estimat
705 2649 731 2689 se
746 2635 773 2687 in
787 2636 885 2688 aliomm
897 2650 936 2686 no

136 2704 187 2756 titia
202 2706 251 2757 iore
262 2710 405 2771 preclarum.

170 2776 203 2827 ld
216 2777 307 2828 tertium
316 2780 435 2832 dicendum
446 2780 548 2845 ,ἰιιιὸι
542 2779 617 2831 ruanis
626 2780 697 2845 [atoma
707 2780 777 2832 halat
788 2750 953 2847 principalem
952 2822 953 2871 1

138 2845 249 2898 rationem
263 2851 391 2913 appetibilis
402 2852 507 2904 ratione
499 2866 548 2917 pam
557 2850 635 2903 dicti:
650 2856 673 2903 et
682 2854 726 2904 hoc
735 2852 818 2905 sufficit
829 2852 859 2903 ad
870 2852 935 2903 ratic
952 2872 953 2909 ι

140 2930 195 2969 nem
205 2918 256 2969 uitii
267 2919 379 2983 capitalia.
393 2923 448 2975 lton'
457 2927 533 2975 antem
546 2923 668 2989 requnitur
677 2924 742 2991 quoa
753 2924 835 2977 utinm
845 2924 938 2991 capitale
