1934 3284
305 119 565 220 mrenrnnrunuun.
786 155 837 204 ott

40 233 144 288 bonitatis
155 235 194 288 nei
207 237 339 302 noluntptio.
355 240 404 290 Una
417 241 508 304 quidem
517 225 671 306 opitulativa
686 243 710 292 et
722 244 833 306 montom

41 309 63 358 nd
76 311 150 372 trane,
164 323 210 361 nun
224 309 280 360 ticet
294 311 397 364 dubitare
415 325 458 364 neo
471 314 568 377 protero
580 312 655 364 utrirrn
671 312 713 364 liei
729 313 836 364 urrinntao

41 380 66 428 sit
83 381 156 446 iona,
167 382 205 432 vei
223 380 298 431 utrirnr
312 383 372 434 Deus
386 383 416 434 sit
436 384 523 434 erraris.
538 383 587 435 Atia
597 389 671 434 autern
685 389 721 435 est
736 382 836 448 cognitio

42 450 115 503 dirinae
126 451 253 503 voluntatis
266 453 316 504 sire
327 453 438 508 bonitatis
445 492 453 518 ,
464 454 570 505 effectiva
583 455 631 505 sine
644 453 837 520 experimentoiie,

42 522 87 572 donn
98 523 150 587 quie
159 522 307 587 experituriu
321 525 397 590 seipso
410 531 502 589 gustum
515 526 598 576 divino
606 527 731 577 dulcedinis
741 531 765 577 et
773 539 837 576 coru·

42 593 171 652 placentiam
185 593 269 646 divine
282 597 418 659 voluntatis,
435 596 495 646 siout
504 597 532 647 de
545 597 666 648 Hierotireo
680 597 735 647 dioit
749 595 836 662 ttionp—

42 663 96 724 eius,
108 665 137 716 ll.
150 679 202 730 uop.
214 666 252 716 De
267 665 321 716 dio.
332 667 447 730 Nomine..
467 666 527 731 qudd
538 684 552 714 o
560 667 640 718 didicit
649 668 727 719 divina
737 681 766 719 ex
777 682 839 720 coru-

42 736 141 795 passione
158 735 188 786 nd
206 737 264 801 ipso.
281 754 295 786 u
311 737 340 788 Et
352 739 396 790 hue
410 739 475 788 modo
491 751 608 800 monemur
621 742 646 788 ut
658 739 780 802 probemus
796 739 837 790 Dei

43 806 191 871 uoluntatem,
208 813 232 859 et
246 813 361 872 gustemus
373 808 424 872 ejus
436 808 580 859 suauitatem.

69 879 100 927 nd
112 879 204 946 tertium
217 879 355 942 dicendum,
365 878 424 944 qudrt
439 880 499 930 Deus
513 880 604 930 volebat
618 881 708 942 signum
719 881 773 932 dare
785 881 836 944 regi

43 950 124 1011 tohu,
137 964 181 1002 non
195 965 237 1014 pro
248 951 299 1014 ipso
314 950 396 1013 sotum,
410 965 434 1003 se
448 967 490 1018 pro
502 953 572 1002 totius
583 951 662 1016 popuii
677 952 835 1004 instructione.

43 1019 68 1066 Et
86 1020 134 1072 ideo
149 1022 407 1087 reprehendun-quasi
425 1022 686 1087 impeditoreornrnunis
702 1023 756 1072 boni
768 1027 789 1074 et
801 1035 838 1074 eu·

44 1090 105 1153 tntis,
122 1093 179 1158 qudd
204 1093 295 1156 signum
318 1099 394 1158 petere
420 1095 526 1155 noreoat3
545 1107 588 1143 neo
606 1094 705 1157 petendo
727 1098 839 1145 tentasset

43 1161 122 1220 Deum.
137 1168 184 1213 tum
199 1163 253 1228 qoiu
261 1177 295 1221 ,ex
310 1165 414 1216 mandatu
427 1164 468 1214 liei
481 1164 596 1227 petiisset,
608 1170 655 1214 tour
666 1162 718 1227 quia
729 1165 773 1214 hoe
786 1177 838 1228 per·

44 1232 121 1285 tinebat
134 1235 161 1285 nd
174 1235 295 1286 utilitatem
309 1248 461 1286 communem.
475 1235 586 1289 Abraham
601 1239 676 1285 eutem
690 1235 780 1298 eiguurn
796 1249 837 1300 pe·

43 1305 74 1353 tiit
86 1319 112 1356 er
126 1307 235 1357 instinctu
249 1305 341 1366 divino,
354 1311 378 1356 et
389 1306 440 1356 ideo
457 1318 502 1356 non
518 1305 628 1371 peccarit.
642 1306 734 1356 Gedeon
744 1305 798 1358 vend
808 1319 837 1356 ex

44 1376 152 1428 debititate
165 1377 220 1428 fidei
234 1377 325 1440 signum
338 1376 431 1440 petiisse
446 1375 549 1439 ridetur3
564 1380 588 1427 et
597 1377 648 1427 ideo
662 1375 779 1440 tpeeeato
789 1389 836 1427 uon

44 1449 238 1508 dorsetonsiour
251 1447 335 1497 ibidem
352 1447 429 1498 Gioson
446 1447 511 1497 doit.
523 1447 588 1511 §ient
605 1450 630 1498 et
646 1446 766 1496 Zacharias
782 1460 838 1511 peo-

44 1519 103 1579 noir,
115 1521 204 1584 dicens,
217 1519 318 1580 tuost,
328 1519 354 1572 ud
369 1519 474 1582 nrrgelum
487 1535 516 1567 ιι
529 1519 593 1570 Unde
605 1516 650 1569 hoc
663 1517 770 1568 seinmtn
779 1519 839 1569 unde

45 1595 61 1637 et
75 1597 163 1660 propter
175 1594 235 1642 trane
252 1590 433 1640 incredulitatem
449 1589 544 1654 punitus
560 1589 612 1638 tuit.
625 1589 746 1640 Sciendum
762 1595 839 1642 umen

45 1662 94 1720 prod
113 1661 234 1728 dupliciter
255 1661 336 1724 aliquis
355 1660 445 1723 signum
464 1661 522 1725 petit
535 1660 548 1710 d
562 1661 607 1710 Deo
628 1674 697 1711 :uno
715 1661 794 1720 modo,
809 1660 838 1711 ad

46 1734 173 1796 erptorendu
183 1750 196 1782 n
211 1733 313 1783 divinam
330 1737 466 1795 potestatem
479 1736 519 1781 aut
537 1731 656 1783 veritatem
672 1732 726 1790 dicti
736 1744 802 1794 epus,
813 1735 838 1782 et

47 1803 80 1855 troo
88 1808 114 1857 de
126 1820 150 1858 ee
162 1804 265 1870 pertinet
277 1805 304 1854 nd
315 1803 355 1854 tiei
364 1805 527 1866 tentationem
538 1804 582 1853 atio
593 1804 672 1866 modo,
684 1805 711 1853 ad
722 1805 766 1852 troo
776 1801 837 1864 quod

45 1875 158 1928 instruatur
170 1877 224 1943 quid
239 1876 299 1926 cirea
317 1877 405 1940 aliquod
420 1876 505 1927 fautum
518 1877 548 1925 sit
561 1874 670 1940 pinoitum
682 1874 741 1936 Deo,
756 1879 779 1924 et
792 1875 836 1925 hoe

47 1950 97 2000 notio
110 1950 176 2002 modo
190 1947 292 2014 pertinet
303 1948 331 1998 ad
345 1947 385 1998 liei
397 1948 554 1998 tentationem.

331 2125 491 2178 innodius
504 2126 543 2176 lli.

120 2257 206 2302 virdun
215 2253 316 2300 tentatio
327 2253 372 2298 Dei
380 2256 513 2309 opponetur
525 2251 614 2297 virtuti
623 2250 755 2307 redipionn'o.

72 2383 101 2431 id
123 2383 215 2434 tertium
228 2379 262 2430 sio
280 2379 417 2443 proceditur.
434 2378 527 2446 Videtur
544 2377 605 2442 quod
620 2376 717 2428 tentatio
736 2376 777 2428 ltei
791 2390 837 2428 oon

48 2460 162 2516 opponntur
172 2453 250 2505 virtuti
263 2451 387 2514 religionis.
402 2451 507 2504 Tentatio
520 2450 581 2501 eninr
591 2449 632 2502 Dei
646 2450 715 2500 hahet
725 2449 837 2500 tutionem

49 2527 123 2582 peceati
134 2540 163 2576 en
177 2527 221 2576 irou
232 2523 292 2588 quod
306 2525 374 2574 dromo
387 2523 416 2573 de
431 2523 476 2573 Deo
486 2521 587 2580 dubitat,
600 2531 624 2570 ut
636 2521 721 2592 dicturo
732 2525 776 2572 est.
791 2520 837 2570 Sed

49 2594 137 2648 tritiure
151 2597 180 2647 de
193 2598 240 2647 Deo
251 2595 350 2660 pertinet
360 2595 387 2648 nd
399 2597 515 2656 pernotum
525 2592 676 2654 infidelitatis,
691 2593 753 2655 quod
762 2603 835 2655 oppo-

49 2668 97 2717 nour
113 2667 175 2722 odei.
190 2667 249 2731 Ergo
268 2665 306 2716 Dei
320 2663 415 2716 tentatio
429 2665 502 2728 mugio
514 2665 639 2731 opponitur
650 2662 703 2713 ddei
720 2662 789 2726 quim
800 2674 836 2712 re·

49 2734 126 2794 iipioui.
334 2779 337 2792 .

73 2814 93 2860 Ξ.
104 2815 223 2871 preterea,
235 2807 338 2863 detor..
349 2810 427 2870 xvir,
438 2808 535 2860 dieiturz
546 2826 561 2857 o
569 2811 627 2859 tute
636 2807 763 2858 orationem
775 2817 834 2868 pro·

51 2891 91 2938 itu
101 2885 200 2938 were
212 2888 289 2946 tuom,
297 2883 322 2934 et
330 2882 377 2940 noti
385 2894 437 2938 etse
447 2882 513 2946 quusi
522 2882 592 2933 homo
600 2879 641 2945 qui
647 2882 721 2933 teuto
729 2877 810 2936 tienne
819 2889 834 2920 n
