1934 3284
118 142 164 189 net
230 150 337 189 aucuaua
352 151 482 200 securum,
497 150 589 197 eum.
605 151 696 200 cmv,
713 154 772 191 aar.
792 154 818 192 v.

151 228 478 291 (chramnum-Quanquam
487 226 641 278 uecasmrium
654 227 729 279 tuerit
742 230 769 280 iu
779 235 848 294 raptu
861 232 910 281 Pauli

117 300 254 351 intellectum
269 298 320 361 ejus
334 299 432 348 abstrahi
442 298 660 363 iphautasmatibus
671 304 695 350 et
709 302 859 352 sensibilium
869 317 911 365 per-
942 269 944 366 i

117 375 240 434 ceptione,
255 384 300 420 nou
314 370 414 433 oportuit
427 376 503 421 tamen
516 371 616 421 unimam
628 372 690 423 itlius
701 372 741 423 sie
755 373 872 439 buurpure
884 388 910 423 se
942 405 944 408 -

117 444 199 509 parari,
214 442 272 491 ulei
285 456 328 491 uuu
339 443 440 491 uniretur
452 446 478 493 ιιι
492 442 584 506 harma.)

148 515 282 570 Respondeo
292 514 424 573 dicendum,
439 514 499 576 quid
512 514 572 563 sieut
582 513 653 577 auprh
665 513 755 565 dietum
774 520 814 566 est
826 518 875 580 (art.
885 517 912 576 l).

117 588 141 637 iu
152 589 219 648 raptu
233 586 260 636 de
276 599 320 648 quru
335 599 396 635 nuuc
409 586 519 649 loquimur
531 585 616 634 virtute
631 585 709 635 bivira
733 587 844 639 elevatur
859 591 916 638 huuu
942 575 944 604 ¹

117 659 146 708 ab
162 671 190 708 eu
205 657 264 720 quud
278 661 312 707 est
324 657 446 707 secuudum
463 661 564 706 naturam
576 656 602 707 iu
614 656 639 706 it
649 658 711 719 qued
725 664 765 709 est
781 667 915 724 supranatu-
942 659 944 692 ¹

117 743 174 780 rant,
189 730 217 778 Et
226 728 276 779 ileo
286 730 331 778 duo
340 730 483 778 considerare
493 733 598 791 oportet:
611 728 686 793 primb
700 730 815 792 quidem,
826 734 915 795 quidsi.

118 803 205 852 homiui
222 803 345 851 secrrnrlhm
363 807 478 863 naturam
492 800 604 862 seruudb,
615 800 673 863 quit
691 802 775 853 diviua
795 804 877 855 virtute
891 806 917 853 sit
942 851 944 856 .

118 874 241 924 inhumine
253 873 350 923 tiendum
365 884 431 935 supra
442 875 553 921 naturam.
565 872 599 920 Ex
610 873 657 921 hue
673 876 754 923 ιιιιιιιιιι
773 874 838 938 ιριιόιι
851 877 917 925 anima
942 875 944 878 ’

118 946 206 1010 corpori
218 947 293 994 unitur
301 950 409 1007 tauquam
423 942 530 993 naturalis
541 944 612 992 turma
623 944 708 1007 ipsius,
721 947 836 997 eurrueuit
845 949 920 998 anim-e

119 1018 226 1068 naturalis
240 1018 348 1066 habitudo
359 1018 385 1065 ad
397 1017 438 1064 hou
451 1014 511 1078 qubd
523 1028 565 1078 per
578 1017 757 1066 couversionem
772 1021 803 1069 ad
820 1023 920 1084 phantae

120 1096 177 1140 mata
191 1091 311 1153 intelligat.
321 1089 384 1148 Quod
393 1089 483 1151 quidem
498 1088 527 1137 ab
536 1100 563 1137 ea
574 1100 620 1137 nou
631 1088 738 1137 aufertur
752 1090 836 1141 divina
844 1094 921 1142 virtute

118 1162 143 1213 in
154 1166 228 1226 raptu,
244 1162 295 1225 quia
309 1174 353 1211 nun
364 1164 462 1209 mutatur
476 1164 548 1209 status
560 1159 626 1222 ejus,
641 1164 667 1208 ut
678 1160 770 1209 dietum
785 1168 823 1213 est
833 1170 883 1223 tart.
893 1171 921 1227 a).

118 1234 222 1285 hauente
233 1239 308 1283 autem
323 1233 365 1281 hue
379 1236 448 1293 statu,
461 1231 596 1282 auferturab
606 1231 795 1285 auimaautualis
807 1240 921 1287 conversan
942 1229 944 1256 ²

119 1307 146 1357 ad
158 1309 315 1369 phantasmata
332 1310 354 1354 et
363 1302 493 1367 sensibilia,
502 1316 532 1353 ue
541 1302 679 1366 impediatur
692 1304 747 1369 ejus
756 1307 861 1360 elevatiu
874 1312 922 1360 init

118 1380 177 1441 quud
192 1378 281 1428 excedit
301 1378 376 1427 onnia
393 1378 560 1439 phantasmata,
575 1378 601 1425 ut
614 1376 701 1425 dietum
714 1383 754 1427 est
767 1384 775 1440 t
786 1384 833 1430 art.
845 1386 886 1443 ι).
900 1385 921 1431 Et
942 1425 944 1448 ,

118 1450 168 1499 ideo
182 1450 205 1498 in
216 1454 282 1513 raptu
293 1464 338 1499 nun
353 1449 396 1498 luit
410 1450 561 1499 necessarium
575 1447 634 1511 qubd
647 1448 772 1501 auimasic
784 1463 922 1517 separaretur
942 1487 944 1490 -

118 1521 131 1572 i
143 1536 243 1586 torpore,
253 1522 308 1571 ulei
318 1535 361 1571 nou
377 1521 479 1572 uniretur
492 1521 557 1584 quasi
567 1522 648 1570 forma.
662 1522 719 1571 Fuit
728 1527 811 1575 autem
822 1540 922 1578 necessa·

118 1594 175 1643 rium
190 1594 330 1643 iutettartum
350 1592 402 1657 ejus
419 1594 518 1645 abstrahi
536 1592 767 1657 hphautasmatibus
783 1602 809 1647 et
827 1602 920 1651 seusihi-
942 1605 944 1622 ¹

118 1664 172 1715 liuru
187 1666 340 1729 perceptione.

149 1737 181 1785 hd
192 1737 287 1800 primum
298 1750 351 1799 ergo
365 1736 485 1786 dicendum
496 1774 503 1798 ,
514 1736 575 1800 quta
589 1738 674 1787 Paulus
686 1737 714 1788 iu
728 1744 804 1804 raptu
813 1741 857 1795 illu
867 1758 923 1809 pere·

118 1808 268 1871 grinahuturi
282 1809 376 1860 bonine
390 1814 498 1871 quantum
512 1811 539 1859 ad
554 1810 654 1869 statum,
668 1810 725 1873 quta
745 1813 828 1865 adhuc
849 1825 893 1867 erat
904 1818 920 1864 iu

119 1885 179 1930 statu
193 1882 301 1943 viatoris,
317 1894 361 1931 uon
373 1885 448 1931 autern
460 1882 533 1945 quoad
543 1885 627 1944 aetum,
638 1895 684 1944 quo
693 1882 794 1935 videbat
806 1888 880 1939 Deum
892 1902 921 1952 ριι
942 1909 944 1914 ·

118 1953 231 2015 aperient,
242 1957 267 2002 ut
276 1967 305 2004 ex
316 1953 431 2017 praedictis
441 1958 505 2017 patet
515 1954 567 2018 (art.
579 1959 601 2018 e,
613 1954 664 2004 ada
675 1958 699 2004 et
709 1955 746 2019 8).
838 1991 842 1995 .
942 1979 944 1994 ε

150 2026 183 2075 hd
197 2026 320 2075 seeundum
334 2027 463 2088 dicendum,
472 2027 532 2090 qubd
542 2026 644 2090 putentia
660 2026 747 2079 auimae
761 2030 856 2083 virtute
865 2036 921 2082 uatu·

118 2096 159 2148 rali
174 2112 218 2149 uuu
237 2098 336 2149 elevatur
351 2110 419 2163 supra
434 2100 525 2150 mudum
542 2099 717 2149 convenientem
734 2105 853 2156 essentia
872 2106 920 2167 epu.
942 2107 944 2118 '

117 2170 206 2221 Virtute
218 2174 293 2220 tannen
308 2169 382 2219 diviua
393 2174 467 2235 petest
480 2172 506 2221 iu
516 2170 601 2234 aliquid
615 2170 682 2221 altius
692 2172 796 2236 elevari,
813 2179 873 2228 aiem
883 2190 921 2225 uur-

118 2256 161 2306 pus
172 2255 212 2307 per
221 2242 351 2292 violentiam
365 2241 466 2293 fortioris
476 2242 565 2293 virtutis
580 2243 683 2293 elevatur
696 2257 771 2311 supra
783 2248 867 2299 lucum
878 2261 921 2298 cuu-
942 2293 944 2302 ,

118 2314 246 2365 venientem
258 2314 302 2363 sihi
316 2313 437 2364 secuudum
451 2314 549 2379 speciem
563 2328 610 2364 suae
621 2317 719 2366 naturae.

149 2386 183 2437 hd
199 2386 290 2435 tertium
311 2386 444 2450 dicendum,
464 2386 524 2449 qubd
536 2385 597 2436 vires
616 2386 698 2437 animae
719 2391 866 2453 vegetabilis
883 2402 918 2438 uuu

117 2462 239 2521 operantur
250 2470 278 2508 ex
290 2457 416 2509 intentione
431 2459 512 2508 anime
521 2496 528 2519 ‚
536 2456 594 2507 sieut
606 2457 667 2508 vires
679 2460 825 2527 sensitiva,
836 2463 876 2514 secl
887 2474 918 2524 per

116 2530 209 2579 medum
224 2534 317 2580 uaturae.
331 2530 418 2580 Etiden
434 2543 479 2580 uuu
490 2530 612 2593 requiritur
626 2532 654 2579 ad
666 2534 760 2595 raptum
776 2534 809 2585 ab
824 2534 860 2585 eis
872 2534 915 2582 ahs·
942 2515 944 2600 ι

117 2600 209 2661 tractio,
224 2601 282 2651 sicut
296 2601 427 2668 hputeutiis
448 2602 579 2666 sensitivis,
593 2615 636 2668 per
655 2615 754 2667 quarum
777 2606 914 2671 operationes
942 2611 944 2654 t

117 2670 255 2722 minueretur
266 2672 366 2725 intentio
380 2675 461 2726 auimae
480 2675 539 2725 circa
551 2672 716 2726 intellectivam
727 2679 893 2743 cognitionem.
