1934 3284
141 164 188 212 stt
250 169 360 210 erenum
375 167 608 215 snnnnnmounsr.
624 167 707 217 xcvrr,
722 155 778 206 aar.
795 162 831 205 rr.

140 247 224 314 reperti
237 247 323 299 inerint
334 247 394 312 apud
408 250 471 308 te,»
486 245 541 297 dicit
553 246 647 296 Glossa:
662 245 734 295 «Lex
744 256 845 295 errorem
859 245 884 294 et
898 243 960 295 ido-

140 318 251 372 lolatriam
264 316 362 368 maxime
379 317 518 380 detestatum
534 317 658 366 maximum
676 314 736 367 enim
758 313 833 365 suetus
851 317 891 365 est
906 315 959 367 ho-

140 403 218 442 norem
232 389 343 440 creatoris
354 388 488 452 impendero
501 392 617 438 creaturas.
630 403 645 434 u

175 463 334 527 (Concessio.
341 487 372 496 -
379 460 475 511 Gravius
488 463 606 525 peecatum
618 462 655 510 est
666 458 834 525 superstitionis
845 458 953 523 uitium,

140 533 208 600 quina
221 532 262 583 itui
273 533 380 583 tentatio.
393 531 402 596 t

172 605 306 670 Respondeo
319 604 438 654 dicendum
444 641 453 668 ‚
462 603 525 667 qntd
536 602 561 652 in
573 601 672 667 pennatis
682 603 853 674 queretigioni
862 605 958 656 adver-

141 681 228 737 santur,
246 675 310 727 tanto
324 675 409 740 aliquid
423 676 576 740 praeissem,
590 674 676 738 quanti
689 674 761 739 magis
774 673 857 727 dirius
876 691 954 728 rene-

139 748 220 801 rentiae
232 749 372 798 adversatur.
387 744 430 798 cni
447 747 541 810 quidem
553 744 628 796 minus
642 746 775 797 adversatur
787 747 848 812 qutd
861 749 959 812 aliquis

142 821 170 871 de
185 819 261 870 divina
272 818 406 869 excellentia
419 817 520 882 dubitet,
535 816 603 881 quim
617 817 679 880 quod
694 818 832 868 eontrarium
842 831 888 883 per
900 835 958 871 cer-

142 892 263 942 titudinem
273 891 372 942 sentiat:
388 890 448 940 siunt
460 890 522 940 enim
533 889 606 952 magis
618 892 654 939 est
667 887 766 940 infidelis
775 887 815 953 qui
827 889 852 940 in
862 903 951 942 erroro

145 963 289 1014 confirmatus
302 967 351 1026 est,
367 961 434 1026 quim
445 961 486 1026 qui
498 962 526 1011 du
536 960 631 1012 veritate
644 961 697 1011 fidei
710 960 815 1023 dubitat,
827 961 860 1010 ita
878 964 958 1014 etiam

145 1034 219 1098 magis
235 1037 314 1085 eontra
328 1032 368 1082 iiei
385 1031 608 1094 resonantiarum,
622 1031 661 1095 qui
676 1044 717 1082 sno
734 1032 795 1082 iacto
810 1035 959 1096 protestatur

146 1119 245 1158 errorem
264 1108 342 1156 eontra
356 1102 457 1153 divinam
472 1101 643 1163 excolentiam,
660 1101 729 1166 quam
744 1102 784 1166 qui
805 1106 956 1166 protestatur

146 1175 318 1226 dubitationem.
335 1173 512 1238 Superstitiosus
535 1177 610 1224 autem
633 1177 771 1236 protestatur
788 1187 908 1240 errorem,
931 1181 958 1225 ut

146 1262 176 1299 ox
189 1247 255 1298 dietis
267 1250 346 1310 patet;
360 1245 400 1296 iiie
413 1249 488 1296 autem
506 1244 546 1309 qui
554 1248 628 1296 tentat
638 1247 709 1295 iteum
723 1244 799 1296 verbis
810 1247 849 1297 set
863 1247 950 1307 iactis,

147 1320 285 1384 protestatur
302 1313 465 1368 opinationem
479 1318 508 1366 de
522 1316 597 1366 divina
610 1315 760 1378 emetientis,
774 1320 801 1365 ut
811 1315 904 1368 dictum
923 1323 958 1368 est

148 1390 204 1454 (art.
215 1393 226 1438 1
241 1389 338 1450 atit3et
346 1387 397 1438 ideo
409 1387 500 1450 ararim
509 1391 547 1438 est
558 1392 678 1452 pennatum
688 1387 866 1453 superstitionis,
880 1390 952 1454 qutm

147 1463 267 1526 pecuum
281 1457 414 1513 tentationis
426 1459 477 1508 tini.

181 1533 215 1582 td
230 1529 328 1594 primum
340 1542 396 1592 ergo
409 1529 541 1595 dicendum,
552 1530 612 1594 nuto
624 1534 743 1595 peecatum
756 1530 894 1584 idolotatria
910 1547 959 1584 non

147 1603 196 1654 tuta
209 1601 316 1667 punitum
326 1600 366 1652 int
379 1601 447 1666 porat
461 1602 527 1668 quasi
540 1602 678 1667 sufficienti,
693 1603 732 1654 sed
741 1603 766 1652 in
776 1608 899 1668 posterum
913 1619 954 1670 pro

150 1675 190 1726 illo
205 1678 298 1739 paonato
312 1674 400 1738 grauior
413 1685 480 1744 pruna
496 1676 665 1738 msemahatnr3
681 1674 837 1726 diciturenim
857 1677 955 1731 Exod„

151 1746 234 1797 xxxii
249 1761 255 1796 ε
270 1763 283 1794 u
297 1747 345 1810 Ego
359 1750 435 1796 antem
444 1746 469 1796 in
481 1746 621 1797 dienttionis
633 1745 730 1797 visitabo
744 1747 822 1798 stirne
833 1752 958 1812 peecatum

151 1830 264 1868 eorum.»

185 1889 219 1939 itrl
227 1887 350 1940 secundnm
360 1889 490 1953 meandum,
497 1888 558 1952 quod
565 1887 695 1954 superstitio
701 1889 773 1940 habet
780 1890 957 1943 similitudinem

153 1973 204 2010 oum
217 1958 341 2022 religione,
359 1964 470 2024 quantum
486 1961 512 2010 ad
527 1960 667 2011 maiestatem
680 1965 756 2011 notum
769 1975 839 2026 quem
850 1962 954 2018 exhibet,

154 2031 214 2082 siout
226 2029 319 2093 reiigi03
333 2031 373 2082 sed
383 2034 493 2095 quantum
507 2033 534 2082 ad
546 2031 685 2098 inemptus
697 2032 846 2082 contrariatur
855 2033 879 2084 ei
889 2032 957 2096 quim

154 2101 250 2154 tentatio
265 2101 318 2164 ttei,
328 2101 381 2166 quia
391 2103 443 2167 ptus
455 2102 555 2168 pertinet
570 2103 599 2153 at
616 2103 716 2154 (liuram
726 2102 918 2166 irreverentiam,
933 2106 957 2150 ut

152 2175 240 2226 dietum
253 2175 288 2224 est
302 2172 342 2234 (in
352 2186 415 2238 corp.
426 2174 496 2239 art.).

186 2247 220 2297 ad
232 2245 324 2296 tertium
342 2245 475 2308 meandum,
491 2245 550 2309 qntrt
570 2245 598 2296 de
615 2244 703 2296 ratium
716 2245 799 2298 divine
813 2244 954 2298 excellentia

154 2317 263 2381 estquod
278 2315 307 2368 sit
319 2316 441 2380 singularis
455 2320 478 2367 et
490 2315 728 2366 ineommunioabiiis:
743 2320 767 2368 et
778 2317 830 2370 ideo
844 2317 907 2368 idem
922 2319 954 2363 est

154 2391 234 2438 eontra
248 2387 348 2438 divinam
362 2387 515 2438 rovemrtianr
535 2399 601 2451 agere
619 2387 703 2450 aliquid
711 2425 720 2453 ,
734 2391 758 2438 et
771 2387 874 2439 divium
891 2398 952 2437 reve-

154 2457 250 2508 rentiam
257 2459 322 2509 atteri
330 2459 511 2509 communicare.
522 2457 573 2509 Non
579 2461 616 2509 est
625 2462 699 2509 autem
713 2459 794 2509 similis
806 2460 865 2511 ratio
879 2458 908 2508 de
916 2458 954 2505 tro

154 2541 210 2580 nore
228 2533 347 2592 parentum
358 2567 364 2593 ‚
374 2530 415 2596 qui
429 2533 506 2595 potest
519 2529 568 2581 sine
580 2530 646 2594 eulpa
659 2529 709 2582 aliis
722 2530 892 2582 communicari.
