1934 3284
260 177 291 216 ns
306 176 410 217 snccsro
425 179 492 218 rsm
509 179 620 219 scurris.
794 147 840 220 82³1

73 253 110 304 sl
118 253 245 304 murrum
258 255 392 317 dicendum,
404 255 462 320 qnid
475 257 580 320 snperbia
593 270 639 308 non
652 260 688 309 est
701 257 761 309 idern
770 257 842 314 suari

41 326 135 389 glorie,
158 326 198 377 sed
218 338 286 376 cansa
299 322 433 390 elusium
454 328 560 392 snperbia
581 327 707 382 inordinate
731 331 842 380 excelleo·

41 396 99 446 tiam
113 397 217 462 appetita
231 399 272 448 scd
290 397 366 450 inanis
382 399 453 461 gloria
467 400 553 464 appelit
572 400 712 452 excellentia
729 401 843 454 manifes-

40 469 163 519 tationem.

74 540 110 589 tal
127 540 220 590 tortium
239 540 374 604 licendum,
385 543 445 606 qnod
457 556 487 593 er
504 544 548 594 hoc
564 541 626 608 qnod
641 540 727 593 inuidia
740 557 790 608 quae
805 548 843 594 est

40 609 125 660 ninus
136 612 247 676 ospitale,
259 612 330 663 oritur
337 625 366 663 ex
377 615 498 679 superbia,
512 627 558 664 non
573 613 672 678 sequitur
685 613 745 678 quor
764 627 842 678 super·

40 680 80 730 iric
93 681 124 731 sit
133 683 213 732 ritinrn
227 683 341 749 capitnlc;
354 686 394 736 scri
406 685 467 750 qnod
479 685 509 736 sit
520 685 603 750 aliqud
614 685 761 750 principalius
781 685 843 750 capi-

39 752 127 804 ulium
139 754 210 806 sitin.

281 993 606 1103 oonsrrounrrrrr.

57 1162 95 1209 Dc
104 1166 203 1223 peccalo
210 1166 292 1225 priori
305 1166 431 1218 tamisis,
443 1168 473 1214 s'rs
486 1171 592 1226 quotuor
606 1167 724 1215 articulos
736 1168 826 1216 diuiso.

75 1313 161 1366 Deinde
171 1314 357 1366 considerandum
372 1318 407 1366 est
419 1317 447 1366 ale
464 1321 559 1380 peccato
573 1317 640 1382 prlrni
654 1317 766 1382 hominis,
780 1319 841 1382 quod

39 1386 88 1436 luit
98 1398 141 1449 per
159 1386 294 1450 superbiam.
310 1386 339 1435 Et
351 1386 441 1450 primo,
455 1388 484 1437 rle
497 1392 588 1450 peccato
605 1388 663 1454 ejus.
678 1389 801 1452 Secundo,
813 1391 841 1440 de

39 1469 113 1522 poens
127 1458 220 1520 pecati.
235 1457 328 1522 Tertio,
342 1460 370 1508 de
384 1459 512 1510 tentatione
525 1471 571 1524 qua
582 1459 731 1511 inductusest
743 1461 772 1510 acl
784 1473 841 1524 pec-

38 1529 153 1580 mnrium.

74 1600 143 1650 Circa
162 1599 262 1664 primunr
278 1605 408 1664 queruntur
424 1606 520 1666 puatnor
532 1619 538 1654 :
551 1607 577 1654 1⁰
588 1602 666 1654 Utrinr
676 1604 773 1668 primum
787 1617 841 1669 pec·

41 1677 121 1724 return
134 1672 233 1722 hominis
245 1672 313 1723 luerit
327 1674 440 1738 superbia.
453 1679 480 1724 2⁰
488 1675 546 1732 Quiri
556 1676 641 1740 primus
651 1677 718 1726 honre
728 1676 842 1740 peccando

38 1743 176 1810 appetierit.
186 1748 212 1792 8⁰
224 1743 301 1794 Utrirur
312 1744 364 1808 ejus
373 1750 491 1810 peccatum
502 1747 571 1796 luerit
579 1747 668 1809 grsrius
678 1748 783 1797 omnihus
792 1745 843 1796 aliis

39 1814 153 1882 peccatis.
165 1818 192 1865 t·
204 1815 260 1874 Quis
274 1817 326 1880 plus
343 1817 484 1881 peccauerit,
501 1817 577 1868 utrirrn
591 1819 626 1868 vir
639 1819 675 1870 rel
690 1819 777 1869 mulier.

345 1995 506 2046 innectus
519 1995 537 2046 l.

111 2122 196 2168 Uirium
207 2121 315 2178 prinum
324 2121 428 2168 hominis
441 2091 562 2178 peccalum
572 2121 652 2178 suesti
663 2125 780 2180 superbia.

76 2252 223 2318 inprimunt
237 2252 271 2302 sic
278 2253 415 2316 proceditur.
428 2253 523 2304 videtur
533 2251 591 2317 quod
605 2253 710 2318 superbis
720 2267 767 2304 non
777 2253 845 2304 luerit

39 2327 145 2393 primunr
156 2322 256 2374 hominis
266 2328 394 2388 peccatum.
405 2323 533 2374 [liciteoiru
546 2325 666 2388 Apostolus
677 2325 712 2375 cd
726 2328 803 2382 lions„
815 2325 843 2387 V,

39 2398 107 2465 quod
127 2413 142 2443 u
158 2409 199 2460 per
210 2395 387 2447 inobedientiam
400 2409 460 2446 nnus
476 2397 575 2447 nominis
587 2401 714 2460 peccatores
728 2395 847 2448 constituti

40 2474 100 2523 suut
111 2469 185 2518 multi.
200 2469 268 2518 »Seri
280 2468 378 2532 primum
390 2468 490 2519 hominis
500 2475 619 2533 peccatum
630 2471 665 2518 est
675 2480 703 2517 err
713 2481 758 2531 quo
766 2481 846 2519 omnes

39 2547 178 2609 peccatores
191 2538 311 2591 constricti
324 2543 377 2590 suot
395 2539 492 2603 orginali
505 2545 604 2604 peccato.
620 2541 679 2602 Ergo
692 2539 846 2590 inobedientis

39 2616 88 2666 init
103 2612 312 2677 prinlumlnorninis
326 2616 460 2676 peccaturo,
474 2617 558 2662 elnon
574 2612 689 2675 superbia.

74 2687 205 2744 Praeterea,
221 2684 353 2735 Ambrosios
371 2683 428 2732 dicit
443 2698 521 2748 super
531 2685 602 2738 Luc„
618 2681 677 2746 quod
694 2695 747 2734 cco
766 2681 845 2734 ordine

40 2759 151 2812 diabolrn
163 2755 280 2808 Christum
292 2754 389 2809 tentant
400 2768 446 2818 quo
459 2755 558 2819 primunr
571 2754 688 2806 hominem
701 2755 785 2806 derint
799 2754 844 2819 (l).

76 2928 111 2993 (l)
120 2928 173 2976 lton
186 2925 220 2974 sic
232 2923 339 2986 expressi
352 2922 630 2986 qulcsmqnoalrsrba,
646 2923 687 2971 serl
701 2901 842 2982 quouusenss
882 2941 892 2958 ·
946 2973 948 2984 Ι
