1934 3284
138 175 186 228 π.
251 183 359 226 “mm
368 183 501 236 ml,
516 183 611 231 Qum·
625 182 704 236 “mo
718 181 778 224 uf·
794 185 817 222 ἶ.

136 273 242 328 penam:
254 262 282 316 id
295 261 438 314 elementiam
450 264 529 314 autem
539 262 639 326 pertinet
649 260 738 313 directe
751 260 818 327 qudd
828 261 861 312 ait
871 261 936 312 dimi·

135 333 214 385 mutina
233 345 366 399 penarum:
381 333 441 398 quod
453 332 544 397 quidem
555 330 659 397 impediri
668 337 748 395 poscet
764 346 808 397 per
822 346 937 386 exouosum

135 403 192 458 ira:
205 409 228 456 et
239 405 290 456 ideo
302 405 460 468 mansuetudo,
474 404 501 455 in
512 407 621 468 qnantum
641 403 749 454 retroeunt
763 404 880 468 impetun
888 404 934 467 ire,

137 475 250 528 concurrit
262 477 286 528 in
299 479 401 530 eumdem
413 476 519 526 effectum
532 474 724 526 eumelemeniin.
735 475 855 527 uiderunt
865 481 938 526 tamen

138 547 290 614 abinvicem,
304 549 329 600 in
347 550 456 613 qnantum
471 547 591 598 clementia
607 549 642 598 eat
658 547 802 598 moderatim
821 548 938 599 exterioris

135 619 280 686 punitiouio3
299 621 447 672 mansuetudo
467 623 544 670 nutem
566 616 655 684 proprie
679 617 789 670 diminuit
809 620 937 684 ommonem

134 704 185 744 nrm.

166 761 201 814 nd
214 763 310 828 primum
325 774 380 826 ergo
398 761 526 824 dicendum,
538 759 600 826 qnid
618 761 770 814 namnetum
783 761 882 826 proprie
894 776 937 813 ree

135 832 192 898 picit
212 833 288 898 ipsum
302 833 408 885 uindictae
422 832 556 896 appetitum.
570 833 613 883 Sed
632 832 755 883 clementia
767 834 867 898 respicii
881 833 937 898 ipsas

136 917 217 969 pmnno
227 943 234 968 ,
244 919 295 970 quae
308 902 407 956 arteriis
420 903 555 954 adhibentur
568 904 597 954 ad
609 903 740 954 vindictam.

167 979 201 1028 dd
220 976 344 1028 secundnm
361 974 498 1038 dicendum,
510 973 571 1040 oudd
585 974 681 1026 adiectus
694 974 796 1026 hominis
813 975 938 1028 inclinatur

137 1049 165 1100 ad
177 1047 327 1100 minoritatem
337 1059 415 1096 eorum
424 1059 474 1110 quae
482 1045 570 1097 homini
580 1059 621 1112 per
635 1059 660 1096 ae
672 1059 720 1096 uon
733 1046 837 1110 omnent.
847 1049 884 1100 Idu
898 1051 937 1099 doc

137 1124 212 1171 antem
229 1119 289 1184 qodd
305 1117 385 1182 adonis
398 1121 458 1168 nmat
477 1118 576 1182 aliquem
587 1155 593 1181 ,
605 1118 710 1181 provenit
727 1118 789 1182 qued
803 1133 855 1172 uon
869 1123 938 1185 piacet

137 1191 159 1242 ei
169 1205 213 1258 ner
226 1205 251 1242 so
264 1189 409 1256 pannucius,
424 1189 464 1240 aed
480 1189 553 1240 solim
570 1190 594 1240 io
607 1190 685 1241 ordine
698 1191 727 1242 ad
743 1190 824 1255 aiiud,
839 1194 897 1258 puta
912 1195 937 1243 ad

133 1261 246 1326 justitiam
263 1261 300 1314 rel
318 1262 347 1312 ad
364 1259 527 1312 correctionem
540 1261 591 1326 ejus
611 1262 651 1326 qui
671 1262 774 1326 punitur.
795 1264 827 1314 Et
841 1265 897 1316 ideo
913 1280 937 1315 en

136 1345 213 1386 amore
231 1333 335 1400 provenit
351 1333 410 1397 qudd
431 1332 513 1397 aliquis
527 1333 558 1385 ait
577 1337 696 1398 promptus
714 1335 743 1385 ad
761 1333 937 1388 diminuendam

39 1443 41 1452 .
135 1419 216 1470 peenas
227 1407 296 1472 mund
306 1405 403 1470 pertinet
410 1405 439 1456 ad
449 1405 599 1468 clementium)
611 1409 675 1457 etex
686 1405 738 1457 odio
749 1406 881 1470 impeditur
890 1411 937 1460 tatis

136 1477 265 1529 diminutio.
279 1479 307 1528 Et
319 1480 412 1541 propter
422 1477 465 1527 hoc
478 1477 566 1528 Tullius
578 1477 634 1527 dicit
649 1477 711 1541 qnod
724 1494 740 1526 «
755 1478 853 1530 animus
867 1482 938 1532 eonci-

135 1551 197 1600 taiuu
210 1550 236 1600 in
249 1549 326 1602 odium
343 1549 447 1614 (scilicet
460 1549 487 1599 ad
502 1548 592 1614 graciis
610 1548 768 1614 puniendum)
782 1563 825 1615 per
839 1555 936 1605 menneo·

135 1619 190 1672 tiam
204 1619 315 1672 retinetur
328 1620 362 1686 (1)
373 1639 380 1685 3
395 1638 409 1670 »
419 1634 448 1672 ne
461 1617 547 1672 scilicet
559 1621 666 1673 acriorem
678 1634 770 1686 punam
787 1623 885 1688 inderat3
897 1640 936 1676 non

137 1689 197 1758 quiid
209 1691 331 1744 clementia
344 1692 375 1742 sit
389 1689 472 1742 directe
488 1692 536 1742 odii
550 1692 704 1756 moderatim,
718 1693 759 1742 aed
772 1707 862 1757 poeuu.

168 1761 202 1813 nd
215 1763 307 1814 tertium
321 1763 457 1827 dicendum,
473 1763 533 1828 codd
554 1764 720 1819 mansuetudini
733 1778 786 1828 quae
802 1771 842 1818 est
857 1767 935 1820 dieii

137 1834 197 1886 cinca
209 1835 270 1897 irae,
284 1835 374 1904 proprie
387 1836 510 1902 opponitur
522 1837 602 1887 vium
608 1836 744 1897 iracundiae,
754 1838 819 1900 qaod
830 1841 935 1906 imperto
954 1814 956 1869 ¹

50 1897 56 1912 “
137 1917 257 1962 excentum
267 1909 314 1960 inu.
327 1909 373 1962 sed
387 1906 508 1960 crudelium
520 1908 626 1973 inmutat
636 1921 754 1962 excessum
763 1909 790 1959 in
799 1914 932 1973 puniendo:
954 1944 956 1951 .

137 1981 198 2032 unde
220 1980 275 2034 dicit
296 1983 383 2032 Seneca
400 1981 424 2030 in
438 1981 466 2030 ΙΙ.
482 1980 510 2031 de
524 1979 659 2043 clementio,
671 1978 732 2044 quod
749 1983 885 2036 «crudeles
901 1997 935 2034 ro

139 2057 218 2106 uantur
237 2051 276 2116 qui
288 2050 397 2115 puniendi
410 2063 502 2100 cansam
520 2053 617 2115 habent,
630 2052 721 2102 modum
738 2055 817 2105 tamen
830 2067 883 2106 non
895 2058 935 2105 nr-

137 2123 226 2176 ient.»
241 2123 284 2183 Qui
297 2123 408 2174 antemio
424 2121 624 2188 penieuomnum
636 2126 730 2188 proptu
746 2136 773 2175 ue
784 2125 933 2183 delectantur,

137 2195 207 2246 etiarn
217 2192 266 2246 aine
275 2207 355 2258 musa,
369 2197 463 2260 possunt
476 2193 521 2244 dici
533 2195 609 2258 crevi,
620 2195 658 2245 uel
668 2196 721 2258 seri
728 2209 736 2257 ;
748 2196 815 2258 quani
828 2197 933 2249 adiectum

137 2267 261 2318 hommum
278 2279 324 2318 non
337 2265 459 2330 timeum,
473 2278 504 2316 ex
515 2278 560 2331 qno
578 2265 710 2318 naturaiiter
722 2267 793 2318 homo
803 2267 882 2333 adtigit
894 2272 934 2320 oo·

136 2349 230 2390 minem
245 2345 249 2350 '

169 2445 204 2510 (r)
219 2447 310 2494 scincet
322 2447 431 2494 imaue
443 2444 497 2512 (noe
508 2447 545 2492 est
555 2444 717 2507 derigendo,
730 2457 782 2508 qne
797 2449 931 2495 orandorum

137 2509 260 2568 mundam
273 2513 412 2558 exteriorem
428 2509 558 2570 siguificatr
574 2511 635 2558 mdo
647 2511 783 2559 oudinum
792 2511 869 2558 iilud:
885 2513 930 2557 No

132 2574 208 2631 tutuo
219 2575 393 2635 comitatuique
403 2579 449 2624 tou
459 2579 501 2622 eat.
