1934 3284
339 172 371 212 na
385 171 524 212 mouson.
784 167 829 216 *lot

37 249 259 301 nunaoouamutabile
267 247 312 314 (t).
323 249 368 300 Sed
379 262 420 314 peu
433 249 490 300 iram
503 263 550 302 non
562 251 702 304 conuertitur
711 252 792 317 aionis
802 256 831 307 ad

40 321 130 385 aliquod
143 321 227 371 ionum
241 320 413 384 commutabile,
425 322 465 372 sed
478 321 596 372 iumaiuuu
610 323 716 387 alienius.
726 324 785 389 Engo
797 325 832 376 ira

39 405 85 444 nou
99 394 135 442 est
147 395 274 455 peecatum.

70 469 93 513 a.
105 466 229 526 Proterea,
241 480 254 510 u
262 463 337 513 nuilus
350 467 429 527 peceat
438 465 462 514 iu
475 477 503 516 oo
513 465 573 529 quod
580 465 653 517 uitare
662 481 709 518 nou
716 471 793 532 potest
798 483 829 532 ‚o

36 540 60 586 ul
71 534 210 600 Augustinus
224 535 394 597 utilitatibus.
410 537 535 588 Delibero
549 537 638 595 arbit..
657 553 708 602 cap.
723 542 776 603 19).
788 541 832 592 sea

37 607 93 659 irent
112 609 180 658 homo
193 606 264 657 uitare
284 621 329 658 non
346 612 432 672 potesl;
449 609 503 672 quia
521 623 588 673 super
604 609 660 660 illud
680 612 775 663 Peolm.
790 614 830 664 tv.

38 697 51 727 u
65 678 191 732 luasoimini
200 680 223 728 et
234 676 303 730 nolite
316 693 407 744 pecuare
414 717 422 743 ,
432 697 446 729 ›>
459 681 514 732 dicit
524 682 600 737 Glossa
611 681 753 747 (cassiodori)
768 683 830 747 quod
908 690 912 698 “

36 769 49 800 u
64 755 139 803 notus
153 751 191 802 itae
201 765 247 802 nou
261 756 297 802 ost
309 751 333 802 in
347 756 459 817 potestate
469 756 554 804 nostra.
569 772 582 801 »
597 755 748 818 Philosophus
760 757 829 807 etiam

35 823 90 874 dioit
98 825 123 874 in
135 825 182 874 llll.
194 823 277 874 natio.
291 827 354 889 (oap.
367 828 396 888 6,
406 825 443 876 uel
455 830 468 876 ‘l
479 827 498 888 ),
508 825 567 888 quon
579 825 730 876 uitulusouut
741 828 831 880 tristitia

34 899 151 959 operatur.
163 911 177 942 o
187 895 288 948 Tristitia
296 899 370 946 auten
380 900 415 948 est
424 896 535 947 contraria
543 897 662 948 uoluntati.
674 899 733 961 Ergo
742 899 776 949 ira
786 912 832 952 uon

36 972 71 1018 est
84 971 211 1033 pennatum.

67 1043 91 1089 t.
107 1039 235 1099 Pretereu,
250 1055 264 1087 u
274 1040 391 1102 peceatum
404 1040 439 1090 est
455 1044 532 1092 contra
545 1044 661 1104 naturam,
675 1057 689 1089 u
701 1045 727 1092 ut
740 1043 832 1096 namu

34 1125 106 1164 oenus
117 1110 172 1162 diuit
183 1111 209 1170 in
217 1112 248 1160 11.
262 1110 300 1160 liu.
315 1111 383 1176 (cap.
395 1115 438 1162 tet
453 1112 509 1176 31).
523 1112 567 1164 Sei
574 1112 641 1163 trasei
652 1127 697 1164 non
708 1118 743 1165 est
751 1119 831 1167 eontra

33 1186 141 1234 naturam
155 1181 269 1245 hominis3
282 1181 335 1232 curn
347 1183 377 1233 sit
392 1188 456 1234 aetus
475 1184 570 1234 naturali
588 1185 709 1249 potentie,
728 1200 780 1250 quot
793 1192 831 1240 ost

34 1253 165 1306 irascibilis.
181 1254 243 1304 Unde
264 1258 288 1304 et
305 1254 453 1318 Hieronymus
470 1255 525 1307 dicit
542 1255 567 1306 in
579 1258 676 1320 quanm
690 1257 829 1325 epistolam)

33 1327 98 1390 quod
108 1343 122 1374 u
131 1325 199 1376 irasoi
215 1329 250 1376 est
265 1325 370 1377 nominis.
387 1327 473 1390 »Ergo
485 1327 551 1377 iiasoi
565 1342 611 1379 nou
623 1333 658 1378 est
667 1333 796 1392 peceatum.

64 1399 111 1450 Sed
121 1401 199 1448 eontra
207 1401 251 1460 est,
261 1399 320 1461 qnod
331 1397 452 1462 Apostolus
459 1398 514 1450 dicit
523 1399 558 1450 ud
567 1401 667 1465 Eposo„
676 1401 705 1457 ill
716 1416 722 1450 :
733 1401 833 1453 «Omnis

31 1469 165 1533 indignatio
179 1473 202 1520 et
215 1468 248 1518 iia
267 1470 356 1520 tollatur
370 1469 383 1520 a
396 1470 468 1520 uobis.
483 1487 498 1518 o
538 1515 554 1540 ι
724 1469 732 1485 ⁴

67 1545 231 1604 (muniunto.
242 1568 272 1580 —
283 1543 318 1592 ira
327 1546 444 1607 pennatum
454 1547 504 1605 est,
515 1543 636 1596 sinodum
650 1545 746 1598 mtiouis
764 1558 835 1598 exuo

32 1615 105 1679 dat.)

64 1687 206 1750 ueepouueo
213 1685 340 1750 dicendum,
349 1685 408 1750 qnld
419 1689 467 1745 iro,
479 1687 538 1738 siout
548 1688 631 1738 dietum
641 1692 677 1738 est
686 1688 731 1754 (3),
741 1691 833 1756 proprie

31 1761 141 1812 nominat
152 1758 272 1822 quamdam
280 1758 418 1822 passionem.
428 1759 510 1810 Passio
519 1762 595 1810 autom
604 1760 721 1824 appetitis
727 1763 836 1814 sensitiui

30 1833 163 1882 intantum
176 1834 211 1882 est
224 1831 295 1892 hona,
310 1831 334 1880 in
348 1834 456 1893 quantum
470 1831 559 1881 tutione
572 1831 683 1894 regulatur
698 1848 704 1881 :
719 1833 740 1883 si
757 1838 836 1884 auum

31 1904 139 1953 ordinem
155 1900 248 1954 tationis
268 1901 387 1965 excludat,
402 1905 437 1952 est
454 1903 522 1951 mala.
536 1903 595 1953 Ordo
614 1906 691 1952 autem
705 1903 799 1957 rationis
811 1904 834 1954 in

30 1975 67 2024 ira
87 1977 167 2039 potest
185 1974 271 2026 attendi
283 1977 393 2036 quantum
412 1974 440 2024 ad
453 1975 508 2026 dno.
523 1973 600 2024 Primo
619 1974 709 2039 qudem
727 1980 835 2038 quntum

31 2049 59 2098 ad
74 2045 200 2112 appetibile
212 2045 237 2094 in
247 2045 306 2110 quod
317 2045 403 2108 tandit,
413 2046 474 2109 quod
483 2048 517 2096 est
525 2044 625 2096 uindicta
637 2060 643 2095 ι
655 2046 715 2096 uude
726 2047 747 2097 si
756 2046 836 2111 aliquo

66 2198 105 2264 (1)
123 2203 153 2248 Ut
167 2200 283 2258 oolligitnr
294 2213 323 2246 ox
340 2200 468 2258 Augustino
481 2232 489 2258 ,
502 2200 544 2244 lib.
564 2200 586 2244 1.
600 2199 635 2246 Ito
653 2198 731 2245 litero
748 2199 833 2251 ertit„

30 2278 89 2322 cap,
106 2262 152 2322 to,
164 2263 204 2308 ubi
217 2265 250 2308 uit
262 2264 324 2319 quod
336 2264 419 2310 omoto
429 2268 528 2322 peceato
539 2263 582 2307 too
595 2275 645 2308 osso
657 2275 743 2321 geom
756 2265 837 2310 costo*-

29 2331 148 2376 semor,
158 2327 214 2371 clam
231 2327 464 2384 postposuerunt
478 2327 495 2370 al
510 2325 604 2371 diuisis
617 2337 717 2382 uereque
737 2338 837 2372 mooss-

30 2392 121 2440 libaoa,
137 2392 159 2434 ot
178 2388 209 2434 od
229 2387 358 2435 mutabilia
377 2392 448 2448 atque
469 2391 565 2434 incerta
586 2389 745 2433 conuertitur.
760 2392 791 2434 Et
810 2401 838 2434 ex

29 2456 76 2498 lib.
90 2453 131 2510 11,
146 2464 197 2508 cup.
212 2449 251 2509 19,
264 2451 305 2496 ubi
317 2451 364 2498 ait:
381 2450 473 2496 Motum
485 2456 517 2497 est
528 2452 622 2496 nuntio
633 2450 662 2496 ula
674 2452 837 2497 incommoto-

27 2517 82 2562 oili
99 2513 171 2564 bouso,
186 2513 209 2560 et
223 2513 390 2560 conversione
403 2514 533 2560 mutabilia
547 2513 617 2564 totto,
629 2517 672 2560 eto.

66 2583 103 2648 (ἢ)
123 2585 199 2642 Epist.
210 2585 297 2630 soilioet
305 2585 345 2642 tx,
359 2583 387 2629 do
399 2585 511 2631 seruanda
521 2584 641 2642 uiduitate,
656 2583 688 2630 nat
698 2583 834 2637 Saluianum,

27 2663 81 2695 non
91 2654 121 2693 ut
131 2647 209 2704 inepta
224 2648 286 2705 prius
301 2647 332 2692 od
341 2646 464 2693 Salonam.
473 2651 518 2694 Per
526 2647 656 2693 antithesim
669 2653 745 2692 autem
754 2648 817 2694 addit
827 2667 834 2695 t

25 2716 169 2760 Immunes
176 2711 310 2768 perficere,
328 2709 466 2756 Christiani
472 2743 478 2762 ,
493 2714 520 2754 nt
530 2710 692 2766 postmodium
703 2710 781 2756 viuere
790 2718 835 2758 ost.

65 2779 106 2844 (3)
123 2783 182 2827 Tum
195 2781 263 2826 art.t
278 2782 346 2838 hujus
360 2781 432 2838 ipsius
445 2781 592 2838 quaestioni„
606 2786 655 2826 tunt
667 2778 798 2839 expressius
813 2789 839 2829 ot

25 2843 131 2905 plenitas
146 2843 173 2904 1,
183 2843 198 2888 2
206 2875 213 2902 ,
226 2851 266 2902 qu.
281 2843 327 2904 as,
343 2849 387 2891 art.
404 2845 473 2892 etium
487 2843 512 2904 1,
525 2845 565 2891 uiti
579 2845 623 2891 hoo
635 2846 779 2903 expuoteaso
790 2846 836 2892 ‹lis-

25 2919 145 2964 nussunt.
628 2949 632 2954 ,
