1934 3284
108 132 156 182 sse
186 196 190 202 .
207 140 317 181 mensos
331 141 459 192 amusos,
474 140 570 187 onnes.
586 140 690 191 emen,
706 140 762 181 aar.
782 143 801 181 a

110 218 194 269 nimus.
208 219 276 268 »Sed
285 218 420 281 quandoque
431 218 505 269 sancti
523 217 567 269 viri
579 217 711 283 dignificant
730 218 821 283 seipeoe
833 217 904 271 mino·

110 290 173 341 ribus
185 288 252 354 quiam
265 290 310 341 sint
323 288 401 355 digni,
413 290 472 341 ncut
486 294 549 356 petat
564 290 591 341 dc
600 291 677 355 lloysc
688 294 712 341 ct
722 290 854 353 Hieremia,
868 290 904 356 qui

111 362 174 424 digni
193 366 258 411 orant
271 360 345 413 cilicio
358 362 386 413 ad
396 363 457 427 quod
468 362 640 413 assumebantur
653 360 666 411 i
679 364 740 427 lleo,
756 364 819 426 quod
832 367 906 413 nmen

111 436 209 497 uterque
223 447 300 484 eorum
313 433 429 485 humiliter
443 434 575 495 recusabat,
592 436 618 483 ut
635 434 732 485 babetur
749 434 849 494 and„
865 436 908 497 lll,

112 508 137 554 ει
148 505 228 568 Hier,
237 504 256 555 1.
275 504 325 555 Nou
341 517 396 568 ergo
410 504 588 570 pusillanimitas
604 508 639 555 est
653 508 781 569 peccatum.

143 576 189 627 Sal
201 583 294 641 contra,
310 577 368 639 nibil
383 578 407 627 in
428 577 526 629 morbus
543 578 662 629 bominum
677 583 713 629 est
730 576 849 629 vitandum
868 577 910 628 nisi

113 652 239 713 peccatum.
261 648 306 699 Sed
326 647 502 713 pusillanimitas
522 652 557 700 est
577 649 668 699 sibama
687 666 693 699 :
710 648 868 701 diciturenim
883 648 909 699 ad

115 720 221 778 Coloba„
233 722 279 771 lll:
294 738 308 769 u
315 722 394 772 Patres
406 722 477 773 nolito
488 722 515 772 ad
526 720 704 785 indignationem
715 734 842 785 provocare
854 722 910 773 filios

114 795 217 856 vostros,
228 797 254 843 ut
266 806 312 843 non
323 792 405 857 pusillo
415 793 491 845 animo
508 792 573 843 fiant.
590 808 604 841 o
616 792 676 857 Ergo
688 792 863 857 pusillanimitas
876 795 910 843 est

114 868 240 928 peccatum.
478 909 480 916 .

104 978 107 985 .
147 936 302 1009 (concursio.
320 963 351 973 -
361 935 537 987 Pusillauimitas
552 939 669 1001 peccalum
685 940 721 987 est
729 973 738 999 ,
753 949 799 1000 quo
820 935 873 1000 quris
887 948 912 987 aa

116 1021 162 1058 nou
171 1012 265 1059 acuunt
274 1022 324 1073 qua
334 1022 382 1059 suae
391 1006 489 1058 natumli
500 1007 579 1057 virtuti
587 1010 641 1058 sunt
650 1012 847 1072 commensurata3
854 1009 913 1059 sicut

116 1080 262 1144 presumptio
282 1084 401 1142 mmatum
420 1083 469 1137 est,
484 1092 530 1143 quo
548 1078 599 1143 quis
619 1080 688 1130 audet
708 1079 802 1143 aggredi
821 1094 849 1131 ea
863 1092 913 1145 gua

117 1163 180 1201 suam
194 1151 324 1202 facultatem
337 1151 478 1215 excedunt.)

148 1224 283 1287 ltosponloo
294 1224 423 1285 dicendum,
436 1222 498 1288 quod
512 1236 582 1275 omno
591 1222 646 1273 illud
656 1224 716 1287 quod
728 1226 764 1275 est
778 1222 914 1275 contrarium

118 1294 214 1346 mturali
238 1294 396 1356 inclinationi,
415 1299 451 1345 est
473 1298 605 1359 paccatum3
626 1294 679 1359 quia
699 1294 849 1346 contrariatur
867 1294 914 1358 legi

118 1370 212 1417 natura.
227 1368 288 1418 luast
304 1370 378 1416 auum
391 1365 513 1431 unicuique
524 1366 558 1415 roi
570 1366 679 1416 naturalis
688 1365 806 1417 inclinatio
821 1368 851 1417 aul
861 1378 914 1417 exc·

119 1438 232 1499 mendam
245 1437 355 1487 actionem
367 1440 572 1487 commensuratam
584 1448 630 1487 suae
643 1436 762 1501 potantia,
774 1438 801 1487 ut
816 1439 879 1503 patet
892 1436 915 1487 in

119 1508 224 1559 omnibus
242 1508 308 1558 rebus
328 1506 468 1558 naturalibus
489 1512 536 1559 tam
559 1508 666 1559 animatis
686 1507 754 1572 quim
774 1507 913 1559 inanimatis.

119 1577 183 1627 Sicut
194 1583 270 1630 autom
283 1593 324 1643 per
337 1580 534 1643 prnsumptlouom
547 1579 629 1644 aliquis
646 1580 735 1630 excedit
748 1581 915 1645 proportionem

121 1663 169 1699 sua
181 1650 303 1714 potentia,
318 1652 372 1701 dum
388 1650 466 1701 nititur
478 1652 507 1701 ad
523 1651 608 1715 majora
622 1650 690 1715 qnam
704 1651 788 1714 possit3
804 1652 838 1703 ila
851 1652 915 1703 etiam

121 1720 279 1784 pusillanimus
292 1722 368 1772 delicit
378 1722 392 1772 a
404 1722 550 1787 proportione
565 1735 613 1773 suc
626 1722 750 1787 potentiae,
760 1722 816 1772 dum
829 1724 916 1773 recusat

120 1792 146 1841 in
156 1790 179 1841 id
189 1794 282 1844 undere
293 1794 353 1857 quod
363 1797 400 1844 cat
410 1806 456 1846 sua
472 1794 580 1858 potantia
594 1796 800 1845 commensuratum
816 1793 915 1845 :ntideo

121 1864 181 1914 aium
191 1864 338 1929 presumptio
350 1868 385 1915 cst
398 1871 528 1930 peccatum,
544 1865 576 1915 ita
590 1869 613 1915 ct
626 1864 810 1929 pusillanimitas.
825 1868 854 1917 Et
868 1866 917 1916 inda

122 1935 235 1999 estquod
254 1950 333 1987 seruus
350 1936 390 2001 qui
407 1937 657 2001 acceptampeouniam
672 1936 758 1987 domini
773 1937 810 1989 sui
828 1938 885 1989 tobit
896 1936 916 1985 iu

122 2010 220 2072 terram,
233 2021 276 2058 uec
293 2011 329 2057 cst
344 2013 449 2073 operatus
464 2022 494 2059 ex
507 2021 548 2071 aa,
562 2012 653 2073 proptor
666 2006 786 2072 quemdam
799 2008 916 2075 pusillani-

122 2079 209 2130 mitatis
220 2080 335 2143 timorem,
344 2082 438 2145 punitur
451 2079 615 2143 adomin0,ut
627 2079 838 2143 bebanisuilla„
851 2079 915 2143 llll,

123 2156 148 2203 et
160 2154 231 2209 Lucu
241 2151 301 2203 XIX·
377 2176 380 2183 ’

155 2225 189 2275 bu
202 2224 300 2287 primum
313 2234 367 2287 ergo
378 2224 512 2286 dioendum,
522 2222 584 2288 quod
594 2224 743 2289 Philosophus
755 2223 808 2275 illos
820 2224 917 2276 nominat

123 2297 207 2360 malos,
217 2296 257 2361 gui
268 2296 378 2361 proximis
390 2296 493 2346 insuunt
503 2301 638 2347 nocumenta
649 2296 683 2362 (t)
696 2312 702 2347 :
714 2300 737 2346 st
746 2296 917 2347 sacundbmluou

124 2368 281 2430 pusillanimus
300 2366 380 2418 dicitur
397 2380 443 2417 uon
463 2380 513 2418 εεεε
527 2367 614 2430 malus,
633 2370 685 2432 quia
700 2368 757 2419 nubi
770 2368 841 2419 inlert
854 2381 918 2419 nocu-

125 2442 242 2502 mentum,
262 2439 308 2489 uisi
323 2451 365 2503 por
383 2438 502 2501 amineum
522 2438 548 2489 iu
567 2444 677 2503 quantum
698 2439 783 2490 scilicet
800 2438 879 2491 debuit
894 2438 917 2487 ab

124 2510 291 2573 operationibus
309 2511 392 2574 quibus
408 2513 487 2575 posset
507 2508 562 2561 alios
580 2511 670 2574 juvare.
685 2511 746 2575 llicit
761 2511 823 2561 euim
837 2513 919 2575 Grego-

125 2581 173 2629 rius
186 2581 221 2645 (ε)
236 2582 262 2632 in
275 2582 413 2640 Pustoroli,
425 2580 484 2647 qubd
497 2596 511 2629 u
522 2580 556 2631 illi
566 2582 607 2646 qui
617 2584 726 2650 prodesse
740 2582 834 2633 utilitati
846 2581 918 2648 prori-

161 2731 194 2796 (1)
208 2734 245 2781 sic
260 2736 322 2781 anim
335 2736 375 2781 ubi
392 2734 504 2794 soprato
524 2742 647 2795 arrogante
665 2749 693 2785 ac
706 2737 734 2784 de
753 2738 899 2797 pusillanimo
914 2752 920 2781 ε

127 2794 188 2843 Uolo·
201 2810 252 2843 noo
263 2803 335 2849 suot,
348 2799 409 2858 pasis
423 2811 475 2845 nos
486 2803 581 2845 uocmt.

162 2864 197 2929 (b)
212 2869 264 2920 Sira
273 2868 318 2916 lib.
331 2869 367 2916 Dc
375 2880 438 2916 cessa
448 2866 694 2931 maculantibus
706 2870 843 2923 inscribitur
855 2874 920 2923 ebant
