1934 3284
117 119 166 168 ⁴2⁰
228 128 337 167 emuna
352 126 479 177 mn,
495 128 590 174 oum.
607 127 687 178 mu,
703 127 760 166 err.
778 129 806 166 ιι.

118 210 177 255 tum.
192 206 219 255 ut
229 206 253 254 in
263 204 365 255 bonitate
377 203 467 268 anime,
482 204 556 268 prium
569 219 622 269 puro
635 209 670 255 est
682 203 772 256 bonitus
782 205 914 270 voluntatis,

118 288 148 327 ex
157 289 202 339 qua
213 275 372 338 aliquis'liomo
380 273 441 327 beni
451 275 522 326 utitur
532 275 632 340 qualibet
642 275 687 324 elil
694 275 813 340 honitate3
825 276 915 327 bonitas

118 350 195 397 numm
206 345 327 397 uoluntatis
337 348 458 397 atieudltur
472 347 500 396 nd
514 345 627 408 oujeotun
640 360 706 397 suum
717 384 723 410 ‚
735 347 796 410 quod
808 351 843 398 est
854 347 913 398 finis.

118 420 148 468 lit
160 419 227 483 meo,
238 419 264 470 iu
276 432 304 470 eo
317 419 357 483 qui
372 424 421 470 orat
433 433 474 484 per
487 420 561 483 legem
579 419 732 470 instituendus
746 419 775 470 ad
792 419 911 484 virtutem,

118 490 192 555 primi
203 491 303 554 oportuit
316 490 382 554 quasi
392 492 469 556 jacere
478 491 590 555 quoddam
605 491 778 542 fundamentum
794 491 916 554 religionis,

117 576 160 627 per
173 575 242 626 quarn
252 565 321 614 horno
329 562 406 614 debite
413 563 530 613 ordinatur
540 563 564 612 in
575 564 655 626 neum,
667 562 706 626 qui
718 565 754 613 est
763 561 856 613 ultimus
867 563 917 613 linis

119 635 225 685 numne
235 634 366 686 voluntatis.
377 634 482 685 Secundo
496 635 655 685 attendendum
671 633 740 684 estin
754 633 833 684 ordine
846 647 917 698 geue-

118 705 224 768 rationie,
235 705 295 770 quod
304 704 378 769 primo
393 703 505 756 contraria
515 709 538 756 et
549 705 709 771 impedimenta
719 705 845 755 tolluntur:
861 706 917 755 siout

119 777 218 840 agrioole
230 777 305 842 prium
316 780 399 841 purgat
407 789 495 841 agrum,
511 780 535 827 et
543 781 622 841 posteo
632 773 723 840 projicit
732 776 829 838 semina,
840 789 917 827 secuu-

119 849 174 900 rlirm
185 850 242 900 illud
252 851 360 909 Jererm,
371 849 416 898 lV:
432 866 446 895 o
454 849 543 899 Novate
553 847 617 898 robis
630 847 719 908 novale,
731 851 753 898 el
764 848 833 898 nolite
845 859 917 898 serere

120 922 291 987 supersumus.
309 937 324 968 u
339 922 369 971 lit
384 921 450 983 ideo,
464 921 527 970 eirea
539 919 671 984 religionem
690 918 763 984 primo
783 919 852 973 homo
873 923 918 969 erat

120 993 275 1044 instituendus
292 996 318 1042 ut
333 992 494 1056 impedimenta
508 1005 568 1044 vene
578 991 694 1056 religionis
705 991 849 1055 excluderet3
864 1005 918 1056 pre·

119 1066 211 1129 cipunm
222 1069 297 1115 eutem
315 1063 504 1128 impedimentum
518 1063 634 1128 religionis
645 1067 694 1126 est,
704 1060 765 1126 quod
782 1064 850 1114 homo
862 1061 917 1111 inls'o

120 1137 166 1187 lieo
177 1137 305 1199 iniereat,
317 1134 443 1186 secundum
458 1136 515 1185 illud
537 1137 640 1192 Mattio„
659 1135 709 1185 Vl:
732 1135 807 1185 «Non
828 1134 919 1199 potestis

121 1209 168 1258 lieo
181 1207 281 1268 servire,
295 1210 319 1257 et
332 1219 475 1257 mammone.
489 1225 503 1254 u
514 1209 542 1258 Et
555 1207 606 1258 ideo
617 1208 642 1258 iu
655 1208 728 1274 primo
739 1211 854 1272 precepto
865 1205 919 1270 legis

119 1279 247 1329 excluditur
259 1279 333 1328 cultus
341 1277 449 1328 laieorum
462 1279 564 1330 deorum.

153 1351 187 1401 ld
195 1351 295 1416 primunr
307 1364 362 1415 ergo
370 1349 501 1414 uisendum,
512 1352 572 1416 quod
586 1351 654 1401 etiam
664 1353 724 1402 eirea
737 1350 869 1414 religionem
882 1362 920 1413 po·

119 1423 182 1472 nitur
194 1437 265 1472 unum
276 1426 414 1488 preceptum
429 1423 605 1487 affirmativum,
619 1423 705 1474 scilieet
718 1439 724 1472 :
742 1440 755 1470 u
771 1423 883 1473 ilemeuto
897 1425 919 1469 ut

120 1494 182 1544 ‹lieur
194 1495 298 1545 milrutlu
314 1497 451 1547 sanctifices.
461 1511 476 1542 u
492 1495 538 1546 Seri
556 1499 621 1545 eraut
634 1494 795 1558 premittenda
809 1497 920 1558 precepta

121 1567 226 1629 negative
240 1567 322 1630 quibus
338 1568 500 1633 impedimento
522 1567 639 1632 religionis
656 1567 796 1618 tollerentur.
815 1565 919 1626 Quantis

120 1639 181 1688 eninr
196 1638 315 1690 affirmatio
332 1641 463 1691 naturaliter
479 1641 510 1690 sit
530 1639 592 1704 prior
604 1638 725 1702 negatione
731 1675 739 1702 ,
758 1637 871 1688 tamenin
886 1635 919 1684 via

121 1710 285 1773 generationis,
300 1712 392 1775 negatio
407 1726 452 1775 qua
462 1715 609 1761 removentur
618 1709 796 1775 impedimenta,
808 1713 843 1760 est
852 1707 919 1773 prior,
944 1707 945 1764 l

122 1785 149 1830 ut
162 1779 247 1830 dietum
256 1786 305 1846 est3
319 1786 343 1833 et
358 1781 472 1847 precipue
483 1781 508 1830 in
517 1781 684 1844 rebusuivluis,
695 1779 810 1842 inquibus
823 1777 919 1843 negatio·
944 1769 945 1850 l

122 1865 166 1902 nes
183 1854 334 1916 preferuntur
355 1853 544 1905 affirmationibus
557 1858 648 1918 propter
667 1851 851 1902 insufficientiam
870 1863 920 1900 uos·

121 1928 194 1987 uam,
209 1928 235 1974 ut
248 1925 368 1989 liiougsius
382 1925 453 1989 dicit,
468 1925 490 1975 ll
505 1925 563 1976 Col.
578 1923 708 1976 Hierorelr.
775 1949 778 1954 Α

156 1998 188 2046 ld
201 1998 324 2047 seeundum
337 1997 467 2060 dicendum,
482 1997 543 2060 qnod
552 1998 627 2047 cultus
641 1995 767 2046 alienorum
778 1996 869 2046 deorum
883 1995 920 2044 du·

124 2067 212 2132 pliciter
232 2069 292 2132 apud
313 2067 402 2133 aliquos
422 2069 594 2121 observabatur.
614 2070 713 2129 Quidem
733 2067 794 2118 enim
817 2067 920 2132 quasdam

124 2145 238 2191 creaturas
255 2153 297 2204 uro
317 2141 361 2192 diis
375 2141 493 2206 uolebant,
507 2143 591 2206 absque
614 2141 758 2192 institutione
778 2139 919 2204 imaginum:

124 2213 185 2262 unde
201 2213 270 2263 Varro
284 2212 354 2276 dicit,
369 2213 430 2276 quod
444 2213 557 2277 «antiqui
572 2214 672 2264 Romani
684 2213 722 2263 tliu
735 2212 786 2262 siue
800 2207 920 2260 simulacris

124 2285 180 2334 deos
192 2285 320 2335 coluerunt.
330 2301 344 2332 n
360 2287 389 2335 ut
397 2285 435 2335 hie
445 2287 519 2335 cultus
533 2281 918 2349 prohibeturprimi,oi1mdiritur:

125 2371 139 2401 «
148 2357 199 2406 Nou
213 2357 307 2408 habebis
315 2358 370 2408 deos
381 2358 476 2409 alienos.
487 2359 571 2424 ›ilpud
588 2358 643 2408 elios
655 2362 731 2408 numm
743 2361 791 2406 eret
800 2356 873 2405 cultus
883 2351 920 2402 lal-
943 2381 944 2422 g

124 2437 201 2476 sorum
214 2429 306 2479 deorum
321 2429 364 2479 sub
383 2429 518 2494 quibusdam
534 2429 677 2492 imaginibus.
693 2429 720 2479 Et
734 2429 785 2479 ideo
799 2421 920 2495 opportune
943 2423 944 2461 l

124 2498 345 2562 prohibetoretiam
358 2501 458 2566 ipserum
473 2501 598 2566 imaginum
612 2501 740 2566 institutio,
752 2499 804 2551 oiim
820 2501 898 2553 dieitur
914 2512 919 2544 :

123 2653 238 2711 portiom
250 2658 415 2705 amimalium.
429 2671 482 2709 ero.
500 2657 531 2712 l,
546 2659 599 2716 quia
618 2657 736 2716 sauguinis
750 2658 803 2703 lons
819 2663 854 2702 esl
867 2653 920 2718 [iu-

125 2715 190 2774 quit)
207 2729 254 2772 quo
274 2719 411 2777 principium
424 2723 478 2767 ritus
491 2727 597 2773 constet.
621 2725 644 2765 et
658 2721 691 2766 De
705 2727 814 2778 generet.
831 2721 920 2765 neimo·

126 2777 206 2834 lium,
220 2779 262 2824 lib.
273 2782 306 2836 11,
320 2793 373 2838 cup.
389 2782 479 2846 iteruri,
496 2795 522 2828 ae
539 2782 772 2844 expresseramus,
786 2783 831 2830 ulii¹
842 2781 918 2827 uioirur

122 2841 237 2901 grim
253 2842 337 2890 vinem
352 2850 377 2890 et
389 2846 508 2893 ultimum
520 2845 637 2892 moriente.
