1934 3284
169 231 173 239 .
280 204 311 240 us
324 203 460 243 sams
476 203 596 244 summm.
795 197 839 244 tsn

48 277 101 329 siout
114 277 199 328 diuitum
210 279 312 343 unta,
329 281 385 340 llll,
401 295 415 328 s
431 281 546 332 sabbathis
566 283 692 334 saasrdetes
710 283 735 335 ia
754 286 840 348 templo

46 349 173 403 sabbathum
187 348 295 402 violento
309 351 349 414 (id
360 355 408 415 est,
422 351 570 415 corporaliter
583 352 608 402 iu
622 353 732 406 sabbatho
742 368 840 420 operan-

46 423 99 480 tur),
114 439 129 468 a
139 420 225 472 etslne
234 421 330 472 erimine
342 428 429 473 sunt.»
445 424 473 473 Et
482 423 517 474 sio
529 423 599 474 etiam
611 426 740 477 sacerdotes
752 426 775 476 io
786 429 842 478 sab-

43 489 107 542 batho
118 492 387 544 uirenmiorsutesarcam
396 532 403 556 ,
411 508 459 545 nou
469 494 691 557 transgrediebantur
699 501 841 561 prereptum

46 563 69 612 de
86 564 192 614 sabbathi
211 565 382 616 obseruatione.
403 566 513 617 Similiter
534 565 603 617 etiarn
616 566 702 618 nullius
718 568 842 633 spiritualis

44 636 103 686 adds
116 634 254 686 exereitium
272 642 307 688 est
322 644 402 688 contra
420 637 590 689 observantiam
610 639 731 703 sabbathi,
745 639 801 704 putlr
820 644 840 693 si

44 706 89 768 quis
101 708 183 758 doceat
198 709 319 759 verbovel
332 709 426 773 seripho.
436 710 501 760 Unde
515 709 633 766 Numer„
647 709 748 773 lllllllll‚
759 712 842 762 dieitur

44 777 171 841 dissueti),
187 778 248 842 qnbd
261 780 344 830 «fabri
357 786 382 831 et
396 781 527 844 huiuamodi
539 780 638 832 artiiioes
651 781 750 832 otiantur
763 782 787 832 in
802 783 840 834 die

43 849 153 912 sabbalbi3
167 851 239 900 lector
253 855 329 903 autern
338 852 423 903 meina
436 853 509 915 legis,
520 852 557 902 rel
571 853 659 913 doctor,
674 852 703 902 ah
715 866 783 915 opere
794 867 835 904 sao

44 934 84 970 uon
97 920 197 982 desinit,
213 936 255 972 nee
266 926 341 974 taurea
354 923 518 977 mutaminatur
530 923 679 986 sabbathum,
694 924 754 974 siout
766 938 840 976 saser-

44 992 102 1042 lotes
117 991 142 1042 in
156 994 243 1056 templo
258 993 391 1044 sabbathum
405 995 508 1056 violant,
526 999 549 1045 et
564 993 613 1046 eine
630 993 725 1045 numine
744 1000 808 1046 snat.
825 1013 838 1042 »

43 1062 216 1128 §malaopera
225 1065 315 1115 senilia
324 1079 376 1129 quaa
386 1067 492 1117 diruatur
506 1065 599 1116 servilia
608 1064 684 1128 primo
692 1066 730 1116 vel
738 1067 839 1118 seeundo

43 1136 120 1198 nodo,
137 1135 303 1186 soumariautur
318 1137 470 1188 observantias
491 1136 608 1196 sabbathi,
624 1135 649 1186 in
668 1140 781 1199 quantuor
794 1137 836 1188 ius·

42 1205 131 1266 pediual
144 1207 319 1270 spoliationem
329 1208 429 1260 hominis
443 1209 471 1258 ad
479 1208 566 1260 divina.
579 1209 607 1256 lll
624 1208 676 1272 qaia
686 1208 756 1271 magis
767 1209 837 1260 homo

42 1275 181 1340 inpeditura
192 1278 261 1329 rebus
271 1279 356 1330 diuinis
368 1293 476 1344 peropus
492 1279 595 1343 peceati,
606 1279 675 1343 qaam
685 1291 726 1344 per
739 1293 795 1344 opus
809 1279 837 1333 ll·

42 1348 114 1413 citurn,
125 1350 232 1413 quamvis
241 1351 272 1400 sit
281 1352 464 1416 corporals,ideo
472 1351 545 1415 uragu
557 1356 634 1402 eontra
644 1353 688 1402 hoe
698 1355 837 1416 proseptum

42 1422 84 1483 agit
95 1422 134 1484 qui
151 1425 232 1486 pumat
244 1422 268 1472 iu
282 1423 321 1473 die
333 1424 408 1485 lento,
426 1423 494 1487 qnlrn
508 1423 549 1485 qul
567 1421 627 1473 eliud
644 1423 761 1486 corporale
778 1436 837 1488 opas

42 1491 123 1544 licitam
135 1491 201 1543 iacit·
216 1494 280 1544 Unde
300 1494 438 1557 augustinus
452 1493 509 1544 dicit
521 1493 546 1544 ia
560 1493 600 1543 lib.
614 1494 652 1542 De
668 1494 753 1544 decem
768 1498 838 1546 abor·

41 1564 98 1613 (lis.-
114 1564 220 1616 «Medis
230 1565 314 1616 fureret
326 1566 417 1618 ludens
427 1567 453 1616 in
463 1579 518 1630 agra
532 1578 575 1616 sno
588 1565 673 1628 aliquid
687 1566 744 1616 utile
753 1603 761 1629 ,
770 1566 840 1630 quina

42 1635 58 1682 si
75 1636 99 1685 in
117 1639 208 1687 theatro
225 1636 346 1688 seditiosus
364 1637 481 1688 sumeret.
496 1638 526 1688 lli
546 1635 629 1686 meliis
642 1637 741 1688 somine
760 1651 838 1688 eornm

41 1704 73 1756 die
84 1707 189 1758 sabbathi-
200 1708 278 1758 lanum
289 1709 402 1769 luberent,
411 1707 481 1772 quarn
489 1706 548 1772 quid
562 1710 610 1758 tuta
620 1707 657 1756 die
670 1708 694 1756 iu
711 1708 841 1758 neomeniis

40 1778 82 1828 sais
98 1777 213 1843 impudiob
226 1779 366 1831 saltarent.»
383 1781 434 1830 llon
443 1783 519 1830 autern
531 1779 570 1842 qai
586 1782 664 1842 pereat
677 1779 796 1830 venialiter
810 1780 835 1830 in

41 1850 144 1900 sabbatho
152 1887 160 1911 ,
169 1854 249 1902 oonha
261 1852 306 1900 hoo
315 1856 456 1914 praeeopturu
468 1850 525 1900 iaall
534 1887 540 1912 ,
549 1849 603 1912 quia
615 1854 734 1913 peecatum
748 1850 837 1901 veniale

41 1933 79 1968 rron
88 1921 347 1973 eseluditsanot'rtalens.
356 1924 429 1985 Opera
440 1922 508 1972 etiarn
520 1920 645 1984 corporalia
655 1921 684 1973 ad
697 1921 837 1984 spiritualem

40 1990 75 2040 llei
88 1992 176 2042 eultmu
190 2006 237 2043 non
251 1992 404 2056 pertinentia,
415 1994 440 2042 in
455 1997 544 2042 tantum
560 1992 663 2044 emollio
676 1992 795 2057 dicantar,
812 1994 838 2043 in

40 2068 142 2123 qnantum
161 2062 254 2128 proprie
272 2063 387 2128 pertinent
403 2065 432 2114 ad
448 2063 574 2114 servientes
585 2079 594 2126 ;
606 2063 632 2113 in
653 2067 763 2128 quantum
783 2063 837 2115 verb

41 2138 90 2183 sant
98 2134 228 2186 eommunia
237 2139 260 2187 et
268 2135 342 2186 serris
352 2139 376 2186 et
388 2135 473 2197 liberis,
483 2133 589 2184 seruilio
600 2147 646 2184 uon
656 2135 771 2184 dicuntur.
781 2135 836 2194 Qni-

42 2203 90 2255 libet
101 2209 178 2257 uatem
188 2211 235 2258 tam
250 2221 332 2258 seruus
344 2207 413 2271 quau
426 2208 484 2258 liber
497 2210 588 2258 tenetur
598 2205 623 2255 in
640 2205 775 2258 necessariis
785 2219 838 2271 pro·

41 2275 124 2342 ridere,
139 2291 186 2329 nou
195 2279 291 2330 ,antam
304 2279 357 2342 sibi,
366 2280 406 2330 sed
423 2278 492 2330 eliam
500 2278 612 2342 proximo,
624 2275 837 2342 praeolpndqnidem

41 2344 61 2392 iu
81 2348 116 2398 his
136 2363 188 2413 que
206 2351 235 2400 ad
255 2350 353 2401 sulutem
371 2351 475 2414 eorporis
489 2350 618 2414 pertinent,
635 2347 763 2400 secundina
782 2348 837 2400 illud

42 2417 119 2479 Pron,
130 2422 202 2471 xxiv
219 2437 226 2470 r
242 2439 256 2468 a
268 2423 326 2472 llrue
340 2435 381 2472 eos
400 2421 441 2485 qni
454 2423 541 2472 dnount
559 2422 587 2470 ad
601 2422 710 2482 mortem;
729 2437 743 2466 u
756 2433 838 2471 secun

43 2486 95 2540 darili
115 2495 192 2542 uatem
212 2493 282 2543 etiam
298 2493 324 2544 in
335 2493 418 2544 damno
432 2506 507 2542 rerum
523 2491 630 2552 vitando,
641 2489 765 2541 secundiora
781 2491 837 2542 illud

43 2557 148 2622 Denter„
164 2565 226 2614 xxii
242 2579 249 2613 :
267 2581 281 2611 a
297 2565 349 2615 llon
365 2563 454 2615 ridebis
466 2564 550 2614 bovem
563 2562 638 2612 fratris
649 2561 696 2623 lai,
714 2566 752 2612 aut
769 2575 836 2613 ouem

44 2638 154 2697 eruamus,
169 2641 193 2686 et
204 2635 346 2701 preteribis3
362 2636 404 2686 sed
414 2633 581 2686 reduoeslratri
591 2637 641 2685 tuo.
650 2651 664 2681 o
673 2635 701 2684 Et
711 2634 764 2684 ideo
779 2647 836 2700 opus

68 2803 100 2866 (l)
113 2809 150 2855 Ex
163 2807 260 2866 mipene
275 2813 406 2865 prseuotota
419 2809 444 2853 in
459 2809 616 2866 manuscripto
633 2807 775 2867 e'renrplari,
791 2807 832 2854 sed

44 2876 66 2910 0¹
77 2871 174 2918 mnu
183 2872 210 2916 in
222 2872 351 2928 impressu
366 2871 432 2929 atqui
445 2872 556 2918 uubanus
567 2883 620 2918 earn
632 2884 662 2918 ex
675 2873 773 2929 Origene
784 2881 834 2914 mn-

43 2932 113 2980 m
122 2940 160 2988 tit
171 2935 261 2987 nsua
275 2936 349 2985 axau
362 2935 388 2980 ln
400 2934 505 2984 aanor.
534 2944 539 2955 ·
