1934 3284
108 151 156 203 aee
222 160 333 200 erenum
348 158 478 209 mmmm,
492 156 585 206 pomer.
598 158 669 210 cmr,
685 158 740 197 arr.
757 158 793 197 rr.

109 242 164 302 ιιι,
176 237 237 303 pudd
250 254 266 285 e
277 235 342 287 radix
352 237 455 287 omnium
469 236 581 288 malornm
595 238 631 286 est
644 232 754 301 cupiditas
764 234 836 300 tlt.»
851 234 911 301 Ergo

109 310 261 376 temperantia
272 322 319 360 non
331 311 367 360 est
374 307 448 360 solum
458 309 520 359 circa
530 307 727 373 concupiscentias
735 306 911 360 delectationum

109 382 306 516 wintere&
319 452 474 517 Philosophus
492 450 547 501 dicit
566 450 592 501 in
609 452 649 502 lll.
670 452 835 508 Ethicorum,
853 451 911 517 quod

113 525 176 577 «ille
185 525 224 589 qui
233 529 269 575 est
279 524 457 590 persistimus,
468 526 492 573 et
503 524 538 572 his
552 522 670 587 dignillcat
682 523 796 589 seipsum,
810 528 847 574 est
858 529 913 575 tem-

112 601 219 663 peratus,
237 610 282 648 noo
295 600 371 648 antmn
390 594 558 653 meruerimus.
580 610 594 643 a
611 596 655 646 Sed
672 597 769 647 honores
782 596 863 660 parri,
878 594 914 646 uel

113 668 202 732 magni,
215 668 336 733 dequibus
346 668 377 718 ihi
393 666 501 731 loquitur,
512 678 559 716 non
570 670 624 717 sunt
634 666 781 718 delectabiles
790 667 914 719 secundum

112 743 211 801 lectum,
226 741 266 791 sed
275 738 401 791 secundem
418 738 622 802 apprehensionem
637 739 766 790 animalem.
780 738 840 804 llrgo
852 744 914 790 lem-

114 812 218 876 perantia
237 815 337 863 nonest
353 809 427 862 solium
442 808 504 859 circa
524 810 721 875 concupiscentias
743 810 915 863 delectationum

23 911 33 929 0
114 884 199 935 taetris.

149 961 172 1007 a.
186 959 306 1020 Pmterea,
315 970 342 1008 ea
351 970 402 1021 qne
415 962 468 1009 suut
480 956 550 1007 unius
559 954 660 1019 generis,
671 954 778 1005 ridentur
788 956 870 1008 eadem
884 970 917 1007 ra-

117 1028 178 1079 tione
195 1028 309 1093 pertinere
323 1029 351 1079 ad
366 1030 482 1081 materiam
496 1028 595 1092 alicujus
608 1028 708 1078 uirtuos.
722 1028 765 1077 Sed
781 1042 864 1081 omnes
876 1032 917 1081 de-

117 1100 251 1151 lectationes
265 1113 374 1151 sensnum
394 1101 501 1152 videntur
519 1113 571 1151 esse
587 1099 656 1149 unius
670 1098 769 1164 generis.
787 1102 847 1166 Ergo
866 1102 917 1168 pari

117 1172 205 1223 ratione
214 1172 330 1236 pertinent
343 1173 371 1223 ad
384 1172 502 1223 materiam
514 1171 681 1235 temperentia.

151 1246 174 1294 l.
190 1245 318 1306 Praeterea,
333 1244 495 1295 delectationes
513 1242 642 1309 spirituales
666 1246 719 1294 suot
739 1244 838 1311 majores
852 1244 918 1310 quim

118 1316 253 1379 corporales,
265 1319 291 1365 nt
303 1316 371 1380 snprt
380 1316 482 1365 hahilnm
491 1320 526 1367 est
535 1318 543 1382 (
552 1318 576 1378 1,
591 1319 615 1377 ι,
627 1326 666 1380 qn.
678 1318 716 1379 al,
726 1320 768 1365 art.
779 1315 882 1380 5),ci1m
891 1319 917 1367 de

120 1386 263 1449 passionibus
281 1391 394 1451 ageretur.
407 1388 452 1438 Sed
469 1388 603 1452 quandoque
619 1390 711 1452 propter
724 1388 918 1453 concupiscentias

120 1457 294 1509 delectationum
313 1459 464 1523 spiritualium
481 1458 553 1525 aliqui
571 1458 688 1509 discedunt
699 1458 712 1509 a
722 1459 811 1523 legibus
825 1460 867 1510 llei
878 1499 884 1523 ,
897 1464 920 1511 el

121 1526 135 1578 l
150 1533 210 1579 statu
223 1530 328 1593 virtutis,
344 1529 404 1581 sicat
416 1536 510 1595 propter
523 1528 676 1581 curiositatem
691 1529 791 1581 scientiae
804 1545 811 1581 ε
826 1532 918 1581 undeet
948 1560 949 1577 r

69 1630 76 1643 .
120 1598 194 1663 primo
212 1600 298 1651 homini
312 1601 412 1653 disholus
423 1602 543 1653 scientiam
558 1600 673 1666 promisit,
687 1602 747 1651 Gen.
749 1602 806 1663 ,lll,
819 1603 895 1653 dicens
911 1618 917 1651 :

124 1670 281 1723 «Erilissicut
291 1671 533 1736 dii,scienteshonam
544 1678 567 1723 el
577 1674 713 1737 malumtt).
724 1674 783 1738 Ergo
793 1688 839 1726 non
849 1676 918 1726 solum

122 1744 270 1807 temperantia
283 1748 317 1795 est
329 1745 390 1795 circa
404 1745 566 1796 delectationes
579 1744 660 1796 lectuls.

156 1818 179 1862 t
190 1814 316 1880 Pastorem
333 1818 354 1866 si
366 1815 529 1867 delectationes
543 1815 617 1866 lectuls
630 1818 706 1866 essent
718 1818 810 1882 propria
828 1816 918 1869 materia

123 1885 295 1952 temperantis,·
308 1891 424 1951 oporteret
436 1886 507 1952 qudd
505 1886 571 1937 eirca
583 1898 663 1938 omnes
675 1888 838 1941 delectationes
852 1888 919 1941 tactis

124 1959 273 2022 temperantia
287 1964 355 2011 esset.
366 1961 418 2011 Non
428 1964 505 2010 autem
515 1962 551 2009 est
562 1958 620 2009 circa
628 1972 722 2023 omnes3
735 1960 800 2025 pult,
812 1962 871 2012 circa
884 1973 919 2011 eas

125 2043 176 2093 qna
189 2035 241 2081 snut
259 2031 283 2081 in
293 2030 362 2082 ludis.
374 2032 434 2095 Ergo
450 2029 616 2099 delectationes
621 2030 694 2081 uude
709 2044 756 2082 non
769 2036 823 2083 sunt
835 2030 919 2098 propria

125 2103 221 2153 materia
236 2102 400 2169 temperantiae.

156 2175 289 2225 &licentra
301 2180 346 2237 est,
361 2176 421 2239 qnod
438 2174 590 2238 Philosophus
599 2172 653 2225 dicit
664 2175 688 2225 in
698 2174 738 2226 lll.
754 2174 851 2237 Eiteia„
866 2171 919 2241 quoe

128 2246 300 2311 «temperantia
311 2247 401 2312 proprie
415 2248 517 2298 eslcirca
526 2246 721 2312 concupiscentias
731 2250 755 2299 et
765 2248 919 2299 delectationes

126 2319 238 2369 tasum.»

159 2391 318 2455 (Concessio.
335 2389 551 2454 -Temperantia,
571 2389 624 2439 clun
645 2390 706 2442 circa
727 2390 920 2455 concupiscentias

128 2463 277 2513 maximarum
290 2463 464 2513 delectationum
476 2461 521 2523 sit,
537 2465 627 2526 oportet
639 2462 712 2527 ipsam
722 2462 781 2513 circa
792 2462 892 2516 ciborum
902 2463 921 2511 el

128 2538 221 2597 potuum
234 2548 262 2585 ac
275 2547 422 2585 venereornm
435 2533 598 2585 delectationes
612 2534 706 2585 uersari.
719 2534 727 2599 )

160 2604 297 2669 Respondes
306 2606 427 2657 dicendum
431 2642 441 2669 ‚
455 2602 517 2669 quod
529 2606 589 2657 sicot
602 2606 671 2671 suprl
681 2606 767 2659 dictum
782 2610 819 2659 est
831 2609 883 2671 (art.
894 2604 921 2668 ι),

162 2752 195 2818 (t)
210 2758 262 2802 lton
280 2759 472 2821 qualiscumque,
486 2758 527 2806 sed
546 2763 658 2819 arpenta,
673 2764 830 2835 φιλαργυρία
845 2765 923 2821 ntjam

131 2827 187 2875 aliti
200 2829 340 2875 nomvlmus.

132 2896 198 2962 (ι)
213 2898 340 2948 utimum
347 2902 442 2960 quidem
448 2902 581 2953 immediate
593 2904 745 2971 adnuente,
753 2908 797 2957 sed
807 2906 924 2958 mulierem
