1934 3284
131 144 179 192 ιιι
239 132 345 191 §munna
362 150 491 201 semron,
507 148 602 194 onmem
616 148 713 200 cumr,
730 148 792 188 m.
806 152 834 189 n.

126 230 266 283 militudines
281 230 418 293 corporales,
432 232 458 279 ut
472 228 589 277 Baltlrasar
601 225 698 291 loun..
710 227 760 287 V),
775 241 825 278 nou
840 231 873 279 est
884 227 924 277 talis

125 303 253 355 censendus
264 303 386 367 propheta,
397 300 440 350 nisi
447 299 588 349 illuminetur
598 303 649 360 etus
657 310 727 347 mens
734 300 765 348 ad
773 300 919 363 judicandum:

125 376 164 427 red
185 375 237 424 talis
250 373 363 437 apparitio
383 376 419 423 est
436 372 543 435 quiddam
562 369 725 432 imperfectum
739 370 766 419 in
781 384 868 433 genere
883 388 922 434 pne

125 446 224 511 ptretiu:
239 444 299 496 unde
311 444 322 493 t
335 444 468 507 quibusdam
483 445 577 492 soearm
590 441 686 489 enicem
698 442 865 505 prophetice,
877 443 920 492 sin-,t

124 524 148 570 et
161 519 272 569 diuinatio
287 519 436 568 somniorum.
451 516 500 565 Erit
514 518 589 565 autem
608 514 738 578 propheta,
754 515 778 563 si
796 516 922 565 solummodo

124 590 252 641 intellectus
268 592 318 654 ejus
342 588 480 637 illuminetur
502 587 530 637 ud
547 585 737 651 dijudicandum,
756 586 833 637 etiam
848 602 873 639 ea
887 601 923 650 qne

125 663 153 713 ab
166 663 218 713 aliis
233 661 364 725 imaginarie
377 662 427 709 risa
441 662 509 721 sunt,
523 662 550 708 ut
562 662 627 722 patet
645 656 673 707 de
687 659 797 722 ioseph,
813 661 855 724 qui
870 674 922 722 erpo·

125 734 170 785 snit
182 734 293 785 somnium
303 732 434 783 Pharaonis.
443 732 487 781 Sed
497 730 558 780 sicut
570 730 711 793 lupentinus
717 730 850 792 uiciqxtl.
858 734 923 796 Super

126 809 212 857 Genes.
224 805 259 855 nd
273 804 312 854 til.
324 806 332 865 l
342 818 392 868 rap.
406 802 446 867 9),
464 818 477 849 ιι
496 801 593 853 maxime
607 803 721 865 proptera
733 807 774 851 est
789 805 833 867 qui
846 809 924 865 utrque

123 879 240 944 pnrcellit,
253 880 278 926 ut
287 877 362 927 videat
373 877 396 925 in
410 875 493 939 spiritu
508 874 658 939 corporalium
675 886 754 923 rerum
770 876 925 940 significarim:

124 951 300 1010 similitudines,
313 952 336 999 et
352 960 391 998 eas
403 946 524 997 vivacitate
536 946 617 995 mentis
628 944 754 1009 intelligat.
767 963 784 993 u
799 950 925 1013 Repraesen-

126 1026 204 1073 tnntur
225 1026 300 1072 eutem
316 1020 425 1070 divinitus
443 1018 516 1068 ruenti
532 1019 663 1081 proptretae,
678 1020 828 1084 quandoque
849 1022 925 1085 quiden

126 1095 237 1144 mediante
253 1106 321 1143 seusu
335 1090 434 1141 exteriirs
446 1091 551 1153 quadam
563 1090 641 1139 norme
653 1088 802 1155 sensibiles,
820 1094 880 1143 sicut
891 1094 926 1140 lla-

126 1165 172 1215 niel
188 1166 244 1215 vidit
258 1164 389 1227 scripturum
404 1162 508 1226 parietis,
523 1164 549 1210 ut
560 1160 644 1224 ieqitnr
659 1162 735 1215 Dure..
750 1164 788 1223 V3
803 1166 925 1228 quandoper

124 1242 199 1287 autem
210 1250 250 1300 per
259 1237 342 1285 tonnas
351 1234 504 1297 imaginarias,
515 1234 565 1282 sire
576 1232 669 1283 omnino
676 1232 797 1285 divinitus
806 1238 925 1301 impressus.

125 1320 170 1358 non
187 1321 227 1371 per
241 1320 334 1358 sensnm
351 1310 455 1369 acceptas
465 1304 534 1368 (poti
557 1305 575 1353 si
589 1303 657 1352 alicui
671 1318 733 1354 caeco
748 1312 812 1356 natu
825 1310 927 1387 irnprirne
944 1331 946 1338 ·

124 1378 220 1429 rentur'
213 1392 237 1428 ιιι
251 1378 412 1441 imaginatione
427 1377 526 1427 colorum
541 1374 730 1439 similitudines),
741 1378 783 1427 rel
800 1380 894 1429 etiamd
896 1379 927 1426 iri-

124 1450 186 1500 nitus
199 1450 312 1500 ordinatus
324 1463 353 1498 ex
366 1450 403 1497 his
392 1462 468 1512 qum
482 1448 610 1497 deensibus
622 1450 677 1496 sunt
691 1454 817 1513 acceptae,
832 1449 946 1501 sicutte:

124 1522 208 1571 rernias
221 1521 279 1571 vidit
293 1522 359 1569 ollam
375 1533 506 1570 succensam
516 1518 593 1568 tiacie
607 1518 733 1581 aquilonis,
745 1524 773 1569 ut
788 1522 927 1571 traheturir

124 1606 196 1647 efferre.
207 1592 225 1657 13
236 1591 285 1641 sire
295 1591 362 1641 etiarn
374 1591 525 1673 imprimendo
533 1588 814 1653 speciesintelligibiles'
806 1593 927 1656 ipsimenti

124 1662 182 1713 sicut
192 1667 254 1727 patet
265 1663 293 1713 de
305 1662 342 1713 llis
357 1663 396 1728 qui
409 1664 522 1727 accipiunt
536 1662 654 1711 scientiam
669 1662 708 1711 rel
719 1664 869 1727 sapientiam
882 1667 928 1714 intu-

124 1748 187 1797 sum,
205 1735 263 1785 sicut
284 1735 391 1786 Salomon
409 1740 432 1786 et
452 1734 556 1799 apostoli.
578 1735 663 1784 Lumen
687 1738 770 1785 autern
793 1736 907 1802 intelligito
909 1719 946 1784 ιιι

123 1808 259 1871 quandoque
275 1808 342 1871 quide
344 1822 366 1857 nn
380 1807 519 1870 imprimitur
532 1806 604 1856 menti
614 1807 722 1855 humane
733 1807 857 1860 diuinitus
868 1809 920 1859 ad
905 1821 929 1856 u·
944 1787 946 1886 Ι

120 1880 266 1945 judicandum
280 1892 307 1929 eu
320 1892 370 1943 quae
387 1878 415 1929 ab
427 1877 476 1928 aliis
493 1878 543 1927 risa
558 1881 625 1936 sunt,
641 1876 699 1926 sicut
712 1878 809 1929 dictum
822 1886 861 1932 est
870 1882 946 1930 delo
944 1907 946 1940 :

124 1953 193 2017 septu,
207 1956 230 2003 et
248 1953 307 2003 sicut
320 1956 383 2017 patet
396 1952 424 2000 de
443 1949 567 2014 apostolis,
579 1949 661 2013 quibus
678 1950 798 2001 Dominus
819 1971 836 2001 (ι
854 1957 929 2017 apernit

122 2036 227 2085 sensum,
241 2028 266 2073 ut
279 2022 429 2083 intelligerent
444 2020 587 2085 Scripturas,
599 2036 613 2066 ιι
629 2023 653 2069 ut
667 2018 755 2069 dicitur
767 2023 849 2078 Luc„
861 2024 928 2075 xtlt':

124 2100 146 2146 et
162 2097 189 2146 ad
200 2097 246 2145 troo
259 2096 358 2159 pertinet
373 2094 553 2157 interpretatio
569 2106 715 2141 sermonum
732 2108 742 2141 .·
759 2093 816 2143 sive
828 2096 898 2145 etiarn
911 2103 929 2140 ar

119 2168 266 2231 judicandum
285 2164 409 2216 secundirm
426 2165 525 2215 diuinam
539 2164 658 2213 veritatem
671 2176 700 2212 ea
713 2177 767 2225 quae
783 2179 861 2215 cursu
877 2170 932 2215 natu·

123 2240 163 2289 reli
182 2241 250 2290 horno
264 2239 430 2302 apprehendit,
446 2237 496 2287 sire
513 2236 618 2286 etiamad
635 2234 816 2297 dijudicandum
829 2239 930 2287 veraciter

123 2314 147 2362 et
160 2311 282 2361 efficaciter
294 2322 320 2360 ea
329 2324 378 2373 quae
388 2308 472 2372 agenda
486 2312 547 2371 sunt,
557 2307 681 2358 secundum
692 2306 751 2357 illud
759 2310 840 2367 leui„
852 2310 928 2359 ntur:

76 2404 80 2412 ·
125 2400 139 2432 ι
153 2382 251 2447 Spiritus
265 2382 354 2432 Domini
367 2381 446 2431 ductor
458 2380 568 2444 ejustuit.
579 2395 593 2425 r
604 2379 642 2428 Sic
651 2379 801 2441 igiturpatet
811 2382 876 2445 quod
887 2394 929 2444 pru

123 2454 214 2519 phetica
228 2452 337 2503 revelatio
350 2453 484 2515 quandoque
500 2451 591 2515 quidem
605 2450 631 2498 tit
647 2463 689 2513 per
699 2450 775 2499 solam
790 2453 890 2501 luminis
903 2453 930 2498 in·

124 2528 257 2586 fluentiam,
276 2524 410 2588 quandoque
426 2528 501 2574 autern
516 2524 585 2574 etiam
602 2522 747 2587 prospectes
771 2524 803 2573 de
819 2538 884 2575 noro
897 2525 930 2572 in·

124 2610 214 2659 pressas
228 2596 263 2646 vel
277 2596 342 2645 aliter
361 2594 486 2650 ordinatas.

155 2667 188 2714 Ad
203 2666 299 2729 primunr
314 2680 368 2730 ergo
380 2666 510 2726 dicendum,
518 2665 579 2727 quod
595 2664 654 2715 sicud
663 2664 752 2714 dictum
766 2668 820 2729 cst,
836 2666 928 2731 quando

123 2748 166 2796 que
180 2734 204 2783 in
213 2737 347 2800 prophetica
359 2737 501 2787 revelatione
512 2735 621 2790 dinnitus
631 2734 766 2786 ordinantur
774 2738 870 2800 species
879 2739 927 2785 inn-

123 2804 214 2864 ginar'ne
224 2812 370 2871 praecoepere
385 2808 399 2857 l
412 2821 481 2858 sensu
498 2808 623 2857 secuudum
637 2806 817 2869 congruentiam
836 2811 866 2859 ad
878 2806 928 2855 reri-

122 2876 192 2921 tatom
205 2875 362 2942 revelandam3
375 2882 398 2928 et
408 2883 464 2928 tuno
474 2878 618 2929 conversatio
631 2878 767 2941 peredeus
778 2880 870 2945 aliquid
879 2889 927 2940 ope
