1934 3284
104 145 150 193 till
221 151 330 193 securus
345 150 474 204 munuum,
491 151 582 200 pussr.
599 151 654 202 cun,
672 150 726 190 ars.
745 153 776 190 n.

104 243 151 282 non
162 233 238 282 trmm
251 231 277 281 ht
292 230 365 280 malm
375 229 415 280 illl
433 229 519 279 mrlilil
532 241 599 292 quum
614 228 713 280 simulat.
734 229 763 280 ltt
779 228 832 293 quin
849 229 899 294 ipsa

104 301 218 351 simulatio
236 300 360 352 secundini
374 315 399 352 se
412 301 528 362 multost,
542 313 588 352 uon
602 300 689 351 ratione
702 299 753 364 ejus
768 301 796 350 dc
807 300 853 364 'quo
864 305 900 351 est
960 292 961 360 l

104 373 163 438 (siro
173 373 204 423 sit
219 374 249 424 ds
259 373 328 436 honor,
344 373 395 424 siue
404 373 473 423 sitde
482 373 561 438 malo),
575 377 693 436 peccatum
706 375 750 422 est.
789 397 792 402 ·

134 446 168 496 td
185 450 290 509 quartum
308 444 444 507 dicendum,
456 443 517 508 quhd
535 443 594 494 siout
612 445 692 508 aliquis
706 443 775 495 verbo
793 445 902 496 mentitur

104 519 195 582 quondo
204 517 317 581 signifieat
326 517 388 581 quod
400 520 499 580 nonest,
515 529 560 566 uon
574 519 650 566 autem
664 517 754 581 qusudo
765 520 826 568 tacet
840 518 902 580 quod

103 592 139 640 est
158 589 235 653 (quod
251 589 371 652 aliquando
391 587 468 653 licet),
483 588 515 638 its
531 588 598 638 eham
620 587 733 638 simulatio
746 591 796 648 est,
812 589 902 651 qnando

104 659 186 723 aliquis
205 673 247 723 per
259 660 370 711 exteriora
384 659 449 724 signa
465 659 574 709 lacwram
588 659 625 708 uel
639 671 713 710 rorum
729 657 842 720 significum
855 656 902 708 ali-

104 730 159 793 quid
174 733 233 795 quod
248 741 295 780 nou
307 734 357 794 est,
372 745 418 782 uon
429 735 506 782 summ
517 731 537 780 si
551 728 633 793 ahqnis
645 729 803 793 praetermittat
816 727 904 793 siguifi-
960 785 961 790 ἵ

104 813 156 852 care
174 803 235 866 quod
247 808 290 854 est.
305 805 369 854 Unde
381 801 461 866 ahquis
478 805 555 866 potest
572 805 691 865 peccatum
709 813 775 852 snum
789 801 903 852 occultare
960 829 961 856 2

104 873 189 939 absque
204 865 357 926 simulatione.
368 875 398 925 ht
414 874 539 926 secundirm
552 875 595 924 hoc
609 873 780 937 intelligendum
793 875 830 922 est
844 873 905 936 quod
960 881 961 951 ι

105 946 255 1012 Hieronymus
274 946 329 997 dicit
345 947 443 1009 ihidem,
458 945 518 1010 qudd
536 961 550 993 n
565 945 689 996 secundnm
708 944 834 996 remedium
851 947 905 1008 post
960 961 961 1018 l

105 1017 247 1083 naufragium
266 1021 303 1070 est
317 1023 434 1083 peccatum
449 1017 602 1080 uhseondere,
627 1033 641 1066 n
660 1031 690 1069 ue
711 1016 798 1068 scilicet
819 1018 904 1068 exinde
960 1027 961 1096 p

105 1089 156 1140 aliis
168 1091 299 1142 smudalum
312 1093 441 1155 generetur.

398 1269 603 1322 nsnrcotosu.

237 1393 323 1442 Uirium
333 1393 577 1452 hypomnesticum
586 1395 787 1453 quadrimulctt'o.
960 1459 961 1462 Ἴ

137 1523 170 1572 hd
181 1523 305 1574 secundnm
313 1521 484 1588 sicpmoeditor
493 1521 537 1588 (ι).
548 1521 641 1573 Videtur
648 1522 707 1587 quhd
715 1521 844 1588 hypocrisis
857 1533 905 1574 hon
960 1517 961 1584 l

106 1593 137 1644 sit
149 1595 210 1644 idem
227 1593 287 1658 quod
298 1594 421 1646 simulatio.
435 1595 555 1645 simulatio
569 1595 629 1645 enim
647 1594 752 1646 consistit
768 1594 793 1643 in
806 1596 905 1659 quodum
960 1589 961 1662 l

105 1666 215 1718 iucmmm
229 1667 354 1718 mendacio.
364 1667 408 1718 Sed
424 1667 551 1732 hypocrisis
561 1669 636 1732 potest
649 1667 717 1718 etiam
730 1679 780 1718 esse
793 1666 904 1732 salionis
960 1663 961 1710 l

106 1739 211 1789 ostendat
230 1736 329 1788 exuuiis
342 1753 392 1802 quae
404 1739 500 1790 interdu
512 1741 572 1804 agit,
588 1737 712 1790 secundhm
725 1739 781 1789 illud
799 1739 905 1797 dietih,
960 1751 961 1784 l

107 1809 136 1860 lll
152 1809 254 1861 :uChm
264 1810 320 1862 lacis
332 1812 514 1877 eleemosynam,
528 1811 575 1862 noli
583 1809 638 1861 luha
649 1823 728 1862 canere
741 1814 834 1874 solete,
848 1811 907 1861 sicut
960 1800 961 1850 l

106 1882 230 1946 hypocrita
240 1882 336 1934 hunni.
347 1899 360 1931 n
373 1884 432 1948 Ergo
441 1883 570 1948 hypocrisis
579 1896 625 1934 nou
636 1888 671 1933 est
684 1881 745 1932 idem
754 1881 904 1934 simulationi.

138 1958 162 2003 2.
177 1955 303 2018 Praeterea,
319 1956 439 2020 Gregorius
456 1956 524 2020 dicit,
535 1955 607 2006 XXXI
621 1953 712 2006 Monoi.
727 1971 735 2000 .·
748 1954 830 2004 nsunt
843 1965 905 2004 non·
960 1967 961 2018 t

107 2026 164 2076 nulli
175 2027 214 2091 qui
226 2031 250 2078 et
258 2028 386 2078 sanctitatis
397 2027 501 2088 habitum
511 2031 601 2088 tenent,
609 2030 633 2076 et
643 2025 791 2090 perfectionis
800 2026 905 2076 meritum
960 2023 961 2042 ³

107 2099 190 2163 exequi
203 2113 250 2152 nou
261 2100 339 2170 ualent
349 2117 355 2151 :
367 2101 410 2150 hos
418 2113 560 2164 nequaqnam
572 2097 708 2150 credendum
719 2101 754 2148 est
764 2097 787 2147 in
797 2099 907 2162 hypocri·
960 2099 961 2136 ἐ

106 2173 180 2220 tarum
193 2184 311 2223 numerum
324 2185 414 2223 currere
422 2211 429 2236 ,
438 2172 493 2236 quia
502 2171 563 2222 aliud
577 2173 613 2221 est
625 2169 756 2220 infirmitate
760 2207 769 2236 ,
784 2168 846 2219 aliud
857 2183 907 2220 ma·

106 2241 155 2293 htit
165 2257 291 2308 peccare.»
303 2244 348 2296 Sed
361 2243 396 2294 illi
409 2244 448 2308 qui
459 2247 540 2294 tenent
550 2243 651 2294 habitum
663 2241 802 2304 sanctitatis,
816 2243 840 2292 et
854 2256 907 2293 me·
960 2241 961 2306 g

107 2315 176 2366 ritum
197 2317 342 2380 periecdonis
359 2330 406 2368 nou
423 2321 582 2381 exequuntur,
606 2320 660 2366 suut
679 2314 835 2376 simulatores,
852 2315 907 2379 quia
960 2369 961 2378 χ

108 2387 206 2437 exterior
222 2388 314 2439 habitus
329 2388 456 2439 sanctitatis
468 2402 538 2453 opera
554 2387 701 2453 perfectiouis
719 2385 843 2450 significat.
856 2387 907 2437 Nou
960 2411 961 2422 ι

107 2473 161 2524 ergo
176 2462 289 2514 simulatio
302 2466 337 2514 est
347 2461 408 2513 idem
427 2464 488 2527 quod
505 2463 642 2528 hypocrisis.
960 2463 961 2516 4

61 2531 66 2598 ᾗ
140 2535 162 2580 t.
184 2533 311 2598 Pictones,
322 2535 450 2600 hypocrisis
465 2537 490 2585 in
506 2537 555 2586 sola
570 2535 699 2586 intentione
713 2532 834 2598 consistit;
849 2533 906 2584 dicit
960 2529 961 2564 l

107 2603 169 2653 euim
186 2605 294 2656 [lominus
312 2607 339 2656 de
350 2606 490 2671 hypocritis,
507 2603 710 2668 Mattt.,xll111,
729 2603 789 2669 qandd
802 2619 816 2654 n
831 2604 907 2654 omnia
960 2611 961 2656 t

107 2687 176 2738 opera
196 2688 238 2725 sua
255 2676 341 2727 iaciunt
358 2682 385 2728 ut
402 2678 430 2728 nh
450 2677 582 2730 hominihus
597 2677 729 2742 videautnr;
745 2681 767 2728 et
785 2675 906 2740 Gregorius

141 2825 175 2890 (l)
189 2831 221 2875 ile
230 2829 266 2875 his
279 2833 349 2877 etiarn
362 2835 405 2891 lv,
418 2833 497 2884 Scot„
507 2833 561 2883 dist.
580 2832 619 2892 iti,
634 2847 674 2891 qu.
688 2833 716 2896 l,
733 2840 776 2880 art.
788 2832 799 2879 l
812 2865 818 2894 ,
830 2845 907 2892 quas·
960 2819 961 2826 ἵ

107 2891 636 2958 dunc.1pertotu1u;utetqu.a,udt.
