1934 3284
172 204 203 251 aa
273 206 381 250 memus
398 208 779 263 memua‚en1rr.amvm,
800 208 873 249 aar.
896 212 918 248 r.

171 302 279 341 nummus
291 286 497 353 pertoetua,nuasi
510 302 527 335 u
536 284 910 351 memineramus,

171 374 238 427 quem
251 359 340 411 numeri
357 372 403 410 nou
416 360 543 423 proeeurnt
549 396 559 423 ,
570 360 610 411 sert
622 360 766 411 reitomntrrr
778 360 815 411 ah
823 372 881 411 nno
889 359 911 422 )‚

171 432 216 490 eibi
226 432 332 496 partibus
340 431 475 493 immtatis,
490 434 627 495 protestatur
637 431 722 495 (quasi
733 429 764 481 iu
783 432 904 495 quodam

172 505 200 555 ert
219 502 370 567 sepertinere
388 500 597 566 imperfectionem,
609 499 783 566 perfectionem
799 501 867 552 vero
888 516 918 565 qr

171 577 247 626 futura
266 586 308 638 per
328 574 458 635 Christum,
474 586 527 625 esea
546 575 707 638 expectandam
727 572 824 625 iiten.
847 574 905 622 Nee

172 650 266 713 propter
273 648 316 697 hoe
324 650 361 697 est
368 644 519 696 ceremoniale
525 646 718 711 promptamne
727 644 863 710 judiciale,
873 649 905 693 ut
916 669 918 688 ι

173 722 217 770 eet.
232 720 272 768 teat
282 721 358 769 autam
369 720 419 769 hmo
433 717 561 769 differentia
572 717 632 767 inter
647 716 819 768 ceremonialia
833 720 862 767 et
874 716 918 779 jur·

174 790 232 853 legis
246 792 375 854 pnaeoepta,
389 793 415 839 ut
424 788 494 854 eupnh
506 788 605 840 diximus
618 790 652 854 (t,
663 794 687 850 2,
702 799 743 853 qn.
757 792 802 851 te,
818 791 867 839 ant.
885 789 918 852 3),

175 860 332 912 ceremonialia
343 860 448 911 ittieitum
459 864 495 912 eet
505 861 738 925 obseruaretompore
753 858 818 921 tegis
827 872 902 910 novae
914 874 918 922 ;

176 931 241 983 ertia
251 932 319 996 noni,
335 934 379 983 eta
391 946 438 983 nou
452 932 552 997 niteant
563 934 665 996 tempore
682 930 780 994 mattae,
793 933 880 981 tamen
896 946 918 995 pr

177 1004 292 1055 obseruari
309 1004 394 1069 aisque
416 1007 525 1068 peceato,
544 1006 568 1053 et
582 1005 611 1054 att
628 1013 706 1055 eornm
720 1001 901 1053 ohsertenttam

178 1075 318 1139 obligantur,
325 1076 347 1125 ei
356 1078 482 1125 statuentur
493 1074 629 1125 authoritate
637 1087 717 1125 eorum
728 1085 829 1138 qnorum
841 1077 881 1124 est
890 1089 918 1124 ee

178 1146 252 1211 legem
267 1162 274 1197 :
289 1147 349 1197 sieut
362 1150 500 1211 praeoptem
511 1145 620 1210 jutieiute
632 1144 718 1196 uetans
737 1144 799 1207 tegis
814 1149 852 1195 eet
869 1145 918 1209 qrrh

178 1220 266 1270 temtus
281 1218 349 1269 tuerit
360 1230 440 1279 ovem,
455 1218 535 1269 reddat
550 1221 728 1282 natinatores,
745 1223 772 1268 nt
789 1216 875 1280 tegam
888 1220 918 1266 Er

180 1290 255 1353 xxm
270 1290 330 1353 quod
345 1289 403 1339 siah
415 1288 492 1353 aliquo
506 1302 561 1353 rege
569 1292 694 1353 statuatur,
707 1291 821 1341 tenentur
829 1287 884 1351 ejus
899 1304 918 1339 ει

179 1362 306 1413 observare.
325 1363 358 1412 tta
374 1360 442 1413 ettam
457 1360 614 1412 determinatio
624 1361 719 1413 hemme
728 1362 802 1426 partia
815 1363 918 1413 solvenda

179 1433 315 1485 authoritate
327 1434 435 1485 [teutona
449 1436 550 1497 tempore
565 1444 633 1484 nore·
645 1433 703 1496 tegis
721 1432 839 1495 instituta,
854 1446 918 1484 secur

179 1506 299 1569 quamdam
313 1504 477 1556 humanitatem
487 1531 495 1565 ,·
507 1507 533 1553 ut
546 1503 633 1554 eottioet
648 1516 695 1554 nou
713 1502 787 1553 ortuis
799 1505 899 1568 populus
913 1520 918 1555 r

179 1576 236 1639 tegis
253 1576 364 1627 ministris
378 1574 432 1627 novi
443 1575 584 1626 testamenti
596 1575 727 1639 emmone,
744 1574 811 1639 quan
823 1578 918 1639 populus

180 1648 236 1701 teris
249 1648 306 1712 legia
316 1648 426 1697 ministris
440 1648 678 1699 rotate-aestumare
689 1647 807 1699 exhibebat
812 1660 825 1710 3·
832 1646 884 1698 eim
896 1652 918 1699 ta

181 1720 279 1785 populus
287 1719 542 1782 nevmtegisartmajora
548 1719 668 1783 othpehrr,
677 1717 797 1769 seeundim
805 1718 858 1769 mre
868 1722 918 1770 tier

181 1794 218 1842 V:
236 1807 250 1839 ιι
261 1790 310 1841 Nisi
323 1790 472 1841 abundaverit
485 1788 575 1853 iustitia
587 1791 729 1855 rest'ra‘plus
739 1790 803 1854 quim
814 1791 918 1842 sehbarur

182 1863 356 1927 pharisaeorum,
371 1874 418 1911 nou
439 1861 553 1911 intrabitis
565 1860 591 1909 in
607 1874 702 1925 regnum
722 1862 833 1925 emturum
847 1878 861 1910 o
877 1868 899 1914 et
916 1887 918 1906 .

183 1932 281 1983 ministri
292 1932 344 1983 neni
360 1930 500 1981 Testamenti
513 1932 560 1981 sint
573 1932 666 1996 majoris
675 1932 861 1997 aegaeamque
871 1935 918 1984 min

182 2006 268 2056 ueteris
281 2002 435 2062 Testamenti,
448 2004 475 2051 ut
485 2002 566 2065 prohat
578 2004 714 2068 Apostolus,
726 2004 745 2053 lt
757 2004 789 2053 ud
799 2004 862 2062 Com,
874 2008 918 2057 m·

184 2088 239 2139 argo
251 2078 317 2141 patet
329 2072 390 2138 quet
406 2073 434 2123 ad
448 2072 582 2125 solutionem
594 2072 729 2126 deeimarum
743 2075 836 2126 homiues
846 2078 918 2128 tonent

184 2148 269 2213 partim
278 2146 370 2211 quidem
385 2158 415 2195 ex·
425 2145 477 2209 jure
489 2146 600 2208 mter-uti,
613 2145 697 2211 purtim
712 2147 775 2197 etiam
789 2159 814 2197 ex
826 2146 918 2198 instituti

185 2219 291 2271 Eouteeiae
306 2222 376 2283 :epm
393 2219 471 2267 tamea
483 2218 586 2281 pensatis
599 2217 796 2283 opportunitatibus
805 2220 918 2283 temporum

184 2301 347 2355 personarum,
361 2292 439 2353 posset
449 2288 516 2342 ulium
526 2293 614 2355 partem
632 2289 774 2340 determinare
784 2289 918 2342 sommium·

216 2364 245 2413 ee
257 2374 300 2426 per
310 2364 355 2412 hoo
364 2363 429 2425 patet
441 2359 558 2425 responsio
571 2362 600 2413 at
613 2361 720 2426 primum.

217 2434 250 2484 hd
258 2434 381 2485 seminium
391 2432 521 2497 dicendum,
534 2432 596 2497 qnia
607 2436 743 2499 praeoptem
752 2432 882 2486 testatione
892 2436 918 2486 de

186 2517 287 2566 menam,
302 2508 412 2569 quantam
424 2504 451 2555 ad
462 2504 555 2569 idquott
566 2508 615 2557 erat
628 2504 721 2567 menate,
734 2505 799 2555 datum
808 2505 869 2555 estin
879 2507 918 2557 tiva

186 2576 245 2641 gatto
259 2576 272 2627 i
284 2575 388 2637 Domine,
400 2576 438 2627 uhi
454 2576 519 2641 dicit,
533 2577 634 2634 Metti„
645 2578 684 2627 X:
700 2576 832 2640 uttipnueest
841 2581 918 2641 operari

185 2648 289 2698 mercede
305 2648 347 2698 sui
357 2663 364 2710 ;
375 2662 389 2695 a
400 2650 423 2698 ot
436 2647 505 2699 etium
513 2649 542 2699 ah
555 2649 663 2713 apostolo
671 2686 679 2712 ,
688 2651 715 2698 ut
724 2651 776 2712 patet
787 2648 897 2708 tunicor„
904 2652 918 2701 ti

186 2719 232 2769 Sati
240 2718 396 2770 determinatio
405 2722 471 2771 certae
478 2720 550 2784 pertis
559 2723 716 2771 estreeerrata
721 2718 832 2770 minutiem
839 2721 918 2772 Ecclesia

192 2812 196 2819 ·
219 2790 250 2839 tu
264 2791 356 2841 tertium
372 2788 509 2855 dicendum,
523 2788 584 2856 quhi
596 2794 652 2841 unte
666 2794 750 2856 tompus
761 2790 827 2841 roterh
837 2791 883 2856 togis
894 2807 918 2844 ro

188 2865 252 2911 eraut
262 2861 404 2913 determinati
417 2861 515 2929 ministri
529 2861 601 2913 (titini
616 2864 703 2927 sattim
716 2864 750 2913 eei
761 2861 825 2913 dieitm
834 2863 884 2925 rute
895 2862 918 2928 pri

188 2934 298 2999 mopeuitt
306 2938 370 2987 eraut
380 2935 518 3000 saeerietee,
527 2934 690 3000 puiduptioem
697 2934 803 3001 portarem
809 2935 918 3001 eeipieiaut
