1934 3284
160 196 192 237 DE
206 196 397 239 SUPmmlOIlR
412 198 517 241 immi
531 200 624 242 CULTU!
637 202 724 245 metat.
798 196 845 245 165

342 388 504 439 luitnotus
516 387 544 439 lt,

101 511 188 557 Utri'rm
204 512 232 557 in
246 512 317 558 onitu
327 512 372 557 Dei
380 514 453 569 possit
462 527 511 560 esse
524 515 618 573 miqnid
626 519 781 574 summm.

69 636 100 687 lt
115 638 242 689 secundnm
258 638 294 689 sio
306 638 438 704 proceditur
447 640 493 704 (l).
509 641 602 693 Videtur
619 643 680 706 qudd
692 644 717 693 in
728 646 789 696 onltu
804 646 845 696 liei

41 720 82 757 nou
89 709 160 773 possit
169 722 223 760 esse
232 709 318 773 aliquid
328 710 476 773 snpertlunm.
486 712 639 765 diciturenim
646 715 750 776 noctu,
758 717 842 767 llLlll:

41 794 54 823 n
66 778 220 831 Glorifimntes
234 782 308 832 Deum
324 785 533 847 quantumcumque
546 785 651 849 poteritis
667 786 716 851 (2),
731 801 845 851 superra-

39 850 90 900 lebit
101 852 186 903 adino.
201 869 216 900 n
232 852 278 902 Sed
294 854 373 903 uultus
387 854 477 905 divinus
489 855 606 905 ordinatur
627 858 657 907 ad
672 860 744 909 iteum
758 859 842 923 glorill·

40 923 138 973 randum.
154 924 217 987 Ergo
234 923 295 973 nihil
308 924 447 988 superfluum
459 926 483 975 in
495 939 523 977 eo
536 931 613 990 potest
625 940 686 979 esso.

68 999 90 1043 Ξ.
103 997 236 1057 Pratorea,
249 995 350 1046 exterior
367 996 441 1047 cultus
460 1001 496 1048 est
513 997 626 1061 professio
641 1001 747 1061 quodam
766 1002 844 1053 oultds

39 1065 156 1129 interioris,
166 1080 214 1131 qno
224 1068 286 1117 oens
296 1068 379 1118 colitur
387 1066 441 1130 fide,
451 1082 493 1132 spe
506 1073 530 1119 et
539 1070 660 1130 charitate,
669 1074 695 1120 nt
703 1071 843 1134 Augustinus

37 1137 88 1187 dicit
98 1138 123 1189 in
135 1139 290 1191 Enehirddin
303 1140 370 1203 (cap.
393 1140 430 1195 tt.
444 1141 488 1190 Sed
501 1140 527 1189 iu
539 1140 599 1205 lide,
618 1154 659 1206 spo
672 1146 696 1192 et
714 1142 841 1207 charitate,

39 1221 80 1258 non
96 1214 234 1275 potestesse
246 1209 334 1273 aliquid
345 1212 492 1275 superfluum.
500 1210 638 1277 Ergoneque
647 1212 673 1263 in
681 1214 744 1263 cuttu
755 1213 842 1265 diuino.

67 1286 88 1331 3.
102 1284 233 1347 amurca,
250 1283 277 1334 ad
291 1281 394 1335 divinum
407 1283 493 1333 cultum
511 1284 610 1347 porum
627 1288 652 1335 ut
665 1298 693 1335 ea
705 1286 752 1337 ileo
773 1286 839 1337 extri·

38 1354 126 1405 oramus
139 1369 192 1419 quae
203 1353 217 1403 l
230 1355 278 1407 ltro
291 1353 430 1417 accepimus.
446 1354 492 1405 Sed
504 1356 583 1405 omnia
594 1357 654 1408 bona
668 1363 746 1409 nostra
763 1357 777 1408 a
793 1360 841 1409 lieo

37 1430 168 1493 arrepimns.
182 1430 245 1491 Ergo
259 1427 280 1477 si
292 1432 365 1478 totum
377 1427 487 1491 quidquid
500 1442 638 1492 possumus,
652 1431 749 1483 lauimus
760 1432 789 1484 ad
799 1432 842 1482 liei

40 1501 183 1551 uererentiam
190 1537 201 1563 ,
214 1499 275 1549 uitril
289 1500 428 1564 superfluum
442 1498 486 1549 erit
497 1502 521 1549 in
538 1501 616 1552 divino
631 1504 702 1553 onitu.

72 1569 111 1621 Sed
127 1576 209 1623 contra
228 1574 277 1634 ost,
295 1570 356 1635 qnod
370 1572 511 1633 Augustinus
529 1572 585 1622 dicit
596 1572 620 1621 in
638 1574 657 1623 ll
674 1575 708 1624 oe
726 1576 842 1627 doctrino

39 1644 119 1693 currat.
133 1646 202 1708 (rap.
220 1642 359 1707 18),un
374 1642 472 1693 «bonus
484 1656 597 1706 uerusque
616 1645 760 1699 Christianus
772 1649 841 1697 otiam

37 1714 59 1763 in
75 1714 157 1767 litteris
177 1714 252 1767 sacris
276 1712 433 1778 superstitiosa
453 1714 561 1775 figmenta
579 1716 689 1779 repudiat.
705 1734 719 1765 n
737 1718 782 1769 Sed
800 1732 841 1782 per

38 1801 108 1839 sacras
126 1788 220 1839 litteras
241 1785 424 1836 Dens'oolendns
440 1785 576 1837 ostenditur.
590 1788 648 1850 Ergo
661 1788 730 1840 etiam
742 1789 766 1839 iu
778 1790 841 1841 cultu

37 1859 110 1910 drino
122 1862 265 1923 potestesse
277 1856 409 1921 superstitio
423 1857 536 1921 exaliqua
552 1860 718 1923 superfluitate.

63 1932 227 1993 (Conclusio.
236 1956 268 1967 -
278 1930 412 1991 Quanquam
424 1942 469 1978 non
485 1929 559 1993 possit
572 1931 695 1983 secundino
713 1932 838 1983 absolutam

35 2003 185 2064 quantitatem
200 1999 305 2051 exhiberi
313 1996 428 2064 quidpiam
441 1999 487 2051 lleo
496 2000 520 2049 in
530 2002 594 2051 orrltn
603 2001 680 2053 diuino
687 2005 837 2068 suportluum,

36 2078 106 2134 [otest
123 2078 204 2123 tamen
213 2068 341 2121 secundino
351 2070 448 2132 aliquam
458 2072 627 2135 proportionem
635 2074 744 2138 supertlni
752 2074 840 2139 aliquid

35 2145 134 2195 adhiberi
149 2137 196 2195 nou
208 2142 338 2197 ordinatum
352 2142 379 2191 ad
396 2141 497 2193 debitum
513 2142 573 2195 illius
586 2144 684 2208 linem.)

63 2214 203 2280 ltespnndoo
227 2212 364 2273 meandum,
386 2212 445 2275 qnod
466 2213 553 2277 aliquid
573 2214 655 2265 diritius
678 2218 840 2281 superfluum

36 2287 164 2350 dupliciter.
187 2286 236 2336 Uno
257 2284 324 2335 modo
345 2280 469 2334 seouudirm
490 2284 615 2335 absolutam
633 2288 799 2352 quantitatem
818 2293 841 2339 ot

36 2358 160 2408 sorundirm
174 2359 219 2407 hoo
233 2370 279 2407 non
297 2358 374 2420 potest
391 2368 441 2405 esse
460 2355 545 2420 aliquid
566 2358 704 2421 superfluum
719 2358 743 2408 in
760 2360 840 2413 divino

36 2433 102 2492 cultu,
118 2429 175 2493 quis
188 2427 245 2478 nihil
261 2431 338 2491 potest
351 2428 420 2477 homo
433 2426 507 2478 farere
525 2429 586 2491 qnod
601 2442 647 2479 non
666 2429 696 2479 sit
717 2430 793 2483 minus
811 2446 840 2485 eo

35 2503 91 2564 quod
105 2503 156 2551 lteo
172 2499 248 2551 debet.
260 2498 310 2549 rtlio
325 2499 391 2549 modo
407 2501 482 2563 potest
496 2512 546 2549 osse
556 2499 641 2563 aliquid
655 2502 794 2565 superfluum
804 2517 840 2554 se·

36 2574 133 2626 ruudirm
149 2572 302 2637 quantitatem
321 2571 557 2637 propriorumque
577 2572 665 2625 seilicet
680 2588 727 2626 non
747 2580 782 2627 est
799 2577 839 2627 lini

65 2736 100 2805 (l)
115 2741 151 2794 Its
168 2740 287 2786 bisetium
301 2738 382 2801 suprd',
399 2749 439 2795 qu.
453 2737 500 2797 dl,
515 2744 560 2784 nrt.
571 2738 600 2800 tt,
613 2739 642 2785 ud
657 2738 683 2795 ¹3
702 2744 725 2786 ot
740 2754 780 2799 qu.
792 2739 838 2799 tta,

37 2813 76 2851 rrt.
94 2804 126 2862 1,
141 2804 167 2848 in
183 2814 260 2862 corp„
274 2807 323 2847 tum
337 2802 365 2847 nd
379 2801 409 2856 ³;
423 2806 447 2846 et
460 2802 529 2857 inlrd,
543 2814 584 2860 qn,
597 2801 652 2862 idi,
670 2810 714 2849 art.
726 2804 756 2862 2,
771 2804 800 2849 ad
812 2803 836 2847 2.

65 2875 96 2937 (2)
112 2876 162 2923 Vol
175 2874 305 2933 supplendo
319 2875 407 2921 hiatum
418 2872 500 2920 sensis
510 2887 540 2919 on
550 2885 625 2932 gumen
640 2875 733 2933 phrasi:
753 2874 840 2919 tltorr'-

36 2942 132 2999 ttrnuteo
147 2939 253 2989 worm
271 2942 492 3001 quomodocumque
501 2939 644 3001 poteentia,
658 2950 719 2986 rurs.
729 2935 768 2983 ³2.
