1934 3284
120 166 167 215 td!
241 172 350 214 musca
365 165 496 223 mentes,
512 169 598 219 numa.
616 170 684 223 cxcr,
702 172 757 212 aar.
775 174 802 213 v.

120 254 196 303 summ
211 250 333 303 delectatur
352 249 478 301 amunddm
496 250 552 302 alios
565 262 648 301 sensns
658 289 665 312 ,
676 262 721 300 uon
738 248 813 301 solim
832 254 922 317 propter

120 326 178 387 loos,
186 323 226 373 sed
240 323 308 373 etiam
318 326 412 388 propter
420 322 602 374 convenientiam
613 322 755 374 sensibilium
767 326 806 373 :et
813 324 858 387 sic,
867 322 922 375 circa

120 395 284 447 delectadoues
296 395 391 446 aliorum
405 408 530 456 moenum,
542 396 567 445 iu
579 398 689 459 parantum
700 394 833 447 referuntur
850 398 878 447 ad
887 397 923 447 de-

121 466 254 518 lectationes
267 467 357 531 taetris,
371 470 407 518 est
422 467 586 533 temperantia;
604 480 650 518 uon
662 466 830 532 principaliter,
842 470 883 520 sed
899 482 924 519 es

120 538 276 603 consequenti.
292 541 319 589 ln
331 544 442 603 qnantum
462 544 538 590 autem
559 538 671 591 enutrita
694 538 790 589 aliorum
818 552 923 591 sensuum

120 614 175 661 sunt
184 610 326 662 delectabilia
342 614 435 676 propter
446 610 482 661 sui
496 610 680 662 convenientiam
696 610 775 671 (sicut
788 609 843 661 edm
855 611 925 662 delec-

120 684 183 732 tatur
195 684 264 734 lromn
276 683 300 732 in
311 696 366 734 sono
379 684 437 734 bene
448 682 617 747 carnoniaato)
630 682 674 733 ista
684 682 805 733 delectatio
812 696 862 733 non
870 696 923 747 per-

121 753 180 804 tinet
194 755 223 804 ad
234 754 432 805 conservationem
446 758 541 805 natura.
557 754 621 805 llnde
637 766 684 805 non
698 753 784 804 lrabeat
795 753 925 818 hujusmodi

121 826 240 891 passioms
254 828 317 878 illem
336 825 540 891 principalitatem,
558 830 583 877 nt
603 825 665 877 circa
687 836 727 877 eas
747 826 925 878 antonomastice

121 898 270 963 temperantia
282 898 377 949 dicatur.

84 976 91 995 ·
153 970 188 1021 ld
205 974 311 1033 quadam
326 968 462 1034 dicendum,
477 969 538 1034 quod
557 968 717 1020 intentationes
733 968 866 1033 spirituales
884 970 924 1021 etsi

122 1041 248 1093 muudum
262 1054 325 1093 snum
337 1044 441 1091 natumm
455 1040 501 1091 sint
515 1041 612 1105 majores
622 1040 925 1109 delectationibuscorpora·

122 1112 199 1175 libus,
210 1118 288 1164 tameo
307 1125 353 1163 non
370 1112 403 1161 lta
423 1112 579 1176 percipiuntur
594 1124 674 1175 musa,
687 1115 711 1163 ct
726 1124 767 1177 per
783 1126 926 1179 consequens

123 1198 171 1236 non
190 1184 223 1234 ita
244 1185 392 1236 veliementer
412 1184 516 1233 alliciunt
535 1184 659 1248 appetitum
676 1183 831 1247 sensitivam,
850 1190 925 1236 contra

124 1258 192 1321 cujus
204 1256 313 1320 impetum
330 1256 414 1305 bouum
428 1254 524 1305 rationis
538 1259 686 1306 muservatur
698 1268 740 1319 per
757 1256 870 1307 moralem
885 1257 927 1308 vir·

124 1329 205 1377 tutem.
222 1327 263 1377 Vel
276 1326 398 1377 oleandum
413 1325 474 1391 quod
481 1326 643 1377 delectationes
653 1324 794 1391 spirituales,
804 1341 849 1391 per
862 1342 887 1381 se
899 1329 928 1379 lo-

124 1399 224 1463 quendo,
239 1402 293 1449 sunt
307 1398 432 1448 secundum
440 1399 551 1450 rationem
563 1412 569 1450 :
580 1398 641 1449 uude
651 1410 698 1449 non
712 1402 767 1449 suut
779 1399 926 1451 relraenanda

123 1470 171 1520 nisi
180 1483 221 1534 per
234 1469 352 1531 accidens,
363 1470 388 1519 iu
398 1473 509 1534 qnantum
519 1469 604 1521 scilicet
615 1482 660 1520 una
673 1469 795 1521 delectatio
805 1472 927 1537 spiritualis

126 1541 222 1594 retrahit
236 1542 264 1591 ab
273 1540 318 1591 alia
330 1541 412 1605 potiori
423 1545 447 1593 et
460 1542 533 1605 magis
547 1540 631 1591 debiti.

157 1615 192 1664 ld
204 1616 310 1677 quadum
321 1613 455 1677 dicendum,
465 1613 525 1678 quod
535 1625 581 1665 non
592 1626 671 1665 omues
683 1612 848 1668 delectationes
856 1618 927 1668 tantm

126 1684 241 1751 pertinent
255 1684 283 1735 ad
297 1688 381 1736 nature
391 1686 597 1737 moservationem.
608 1686 637 1736 ιιι
648 1685 700 1737 ideo
709 1698 756 1737 non
765 1690 859 1753 oportet
872 1690 928 1755 qnid

126 1754 273 1808 cnecomnes
284 1756 446 1809 delectationes
458 1758 532 1811 aens
546 1758 576 1809 sit
588 1757 747 1823 temperantia.

427 1936 587 1989 saliculos
602 1937 630 1988 tt.

130 2035 216 2109 iltrdm
229 2062 295 2108 circo
311 2063 424 2121 proprios
438 2062 605 2107 dekctoto'ones
619 2062 703 2121 pestiis
715 2064 928 2121 sittempercntiu.

160 2192 194 2242 ld
204 2189 308 2255 quintum
321 2188 356 2239 sic
368 2189 504 2254 proceditur.
517 2188 612 2241 Videtur
624 2188 685 2253 quid
699 2188 758 2240 circa
774 2190 882 2255 proprias
895 2192 927 2243 de-

128 2260 261 2314 lectationes
274 2260 355 2325 gastris
373 2260 404 2311 sit
421 2260 579 2325 temperantia.
594 2260 759 2312 delectationes
770 2263 927 2327 salmensis

130 2336 183 2384 sunt
192 2333 217 2383 in
225 2333 284 2383 cibis
298 2336 322 2383 et
334 2332 426 2397 potibus
433 2370 441 2396 ,
453 2332 492 2396 qui
506 2332 579 2397 magis
595 2336 648 2383 sunt
657 2332 778 2383 necessarii
791 2334 821 2383 ad
833 2332 927 2384 hominis

128 2406 200 2454 vitam
214 2404 281 2469 quam
300 2405 461 2455 delectationes
474 2416 637 2467 venerearum,
651 2417 701 2469 qua
714 2403 832 2467 pertinent
844 2408 872 2456 ad
887 2409 928 2455 tac-

128 2474 373 2527 tumsedsecunddm
382 2474 654 2540 pradicta,temperantia
662 2480 696 2526 est
704 2476 762 2525 circa
770 2476 927 2527 delectationes

129 2560 207 2599 eornm
222 2560 272 2612 que
289 2546 482 2599 suntnecessaria
501 2547 530 2597 ud
547 2548 616 2597 dmm
635 2547 744 2598 hominis.
758 2548 819 2610 Ergo
840 2552 928 2612 tempe·

129 2619 205 2668 nantia
220 2622 256 2668 est
278 2617 351 2682 magis
373 2618 432 2669 eirca
453 2618 557 2683 proprias
575 2618 737 2670 delectationes
754 2618 849 2683 gastris,
864 2630 926 2682 quam

130 2690 193 2740 circa
206 2689 309 2754 proprias
323 2690 484 2741 delectationes
495 2691 579 2741 actius.

162 2764 186 2809 s.
201 2760 312 2810 Praeterea
317 2762 492 2825 ‚temperantia
510 2767 545 2813 est
564 2762 623 2813 circu
633 2763 759 2829 passiones
774 2762 848 2825 magis
861 2759 947 2831 quim

131 2829 192 2880 circa
203 2842 244 2886 ιιι
254 2829 323 2893 iocos
333 2832 378 2883 Sed
393 2832 454 2883 aiom
466 2832 569 2884 dicitur'
563 2836 624 2885 rnll.
637 2835 673 2885 De
686 2836 774 2885 animo
784 2834 862 2917 (text
869 2833 923 2891 td),
946 2822 947 2881 i

134 2902 235 2952 «taems
252 2899 341 2954 videon
359 2914 410 2956 esse
425 2917 507 2960 senam
524 2905 640 2968 alimanti3
654 2922 669 2955 n
687 2909 797 2977 qnantum
814 2902 862 2959 ad
854 2892 947 2995 pen
