1934 3284
167 143 199 195 un
213 142 286 181 mne
302 140 359 189 aaa
372 140 549 184 minuamur
563 140 747 183 muamus.
810 128 857 181 aar

53 222 81 269 ut
95 231 145 271 nan
163 220 297 271 immoratae
312 221 382 271 bama
401 218 461 270 circa
481 218 630 282 singularium
645 216 856 271 mmidentianam.

53 290 101 342 Sed
113 290 138 341 in
153 289 250 355 bisque
259 290 375 356 pertinent
388 290 417 340 ad
429 290 588 353 timiditatem,
602 294 659 341 este
669 302 789 341 conuersa.
799 290 858 340 Nam

53 361 180 426 singularia
192 376 243 426 qum
254 362 390 426 imminent,
401 366 457 412 saut
470 360 545 413 minis
561 361 703 424 voluntaria,
716 364 742 411 nt
758 360 857 426 abjicere

54 432 177 497 clypeum,
192 437 217 485 et
229 432 273 484 alia
285 434 427 499 hujusmodi.
444 433 490 485 Sed
504 434 580 498 ipsum
599 446 718 485 commuue
735 432 858 497 somogia

54 505 223 567 voluntarium,
234 505 290 569 putl
300 504 408 568 lamando
423 504 515 556 mirari
526 506 575 557 lloc
586 508 663 557 numm
679 508 714 557 est
726 504 859 569 simpliciter

52 576 130 641 magu
143 576 307 639 voluntarium,
319 579 380 641 quod
394 581 430 629 est
443 577 516 641 magis
530 576 684 629 voluntarium
695 576 721 627 in
735 575 859 639 singulari-

49 648 106 712 bus‚
122 647 243 713 inquibus
257 653 292 700 est
302 654 366 700 actus
379 665 385 699 :
396 654 420 701 et
432 650 484 701 ideo
499 649 676 715 intemperantia
690 648 741 700 cbm
755 648 784 700 sit
797 648 858 699 sim-
919 666 926 681 ·

49 719 145 784 pliciter
162 720 234 784 magn
243 721 396 772 salambriam
410 722 478 786 quim
495 722 619 783 timiditas,
633 725 669 772 est
680 721 754 786 majus
764 719 855 771 ribam.

55 791 160 853 Tertio,
173 794 227 857 quia
245 796 325 844 oantm
344 794 542 859 intemperantiam
563 797 639 858 potest
657 793 729 857 magis
748 792 776 843 de
796 791 857 843 facili

48 864 183 916 remedium
197 864 301 916 adbiberi
316 865 385 930 quam
398 871 476 918 contra
490 865 648 928 timiditatem
664 877 692 916 ea
706 863 767 928 qubd
781 863 857 914 delec-

47 936 154 991 tationes
162 935 263 988 ciborum
274 940 299 988 et
307 950 471 1001 venerearum,
482 938 545 989 airna
556 950 614 1002 quas
625 940 661 987 est
671 933 855 1000 intemperantia,

48 1012 177 1073 pertatem
190 1007 261 1061 vitam
275 1014 410 1072 occurant,
423 1014 447 1060 ει
457 1010 507 1060 sine
519 1009 619 1073 pericula
629 1011 705 1073 potest
715 1008 785 1059 bomo
796 1004 856 1057 drea

50 1094 81 1131 ea
94 1079 216 1131 exercitari
230 1081 259 1130 ad
272 1081 316 1131 boc
329 1080 390 1146 quod
404 1081 434 1131 sit
448 1084 594 1145 temperatus.
611 1081 654 1131 Sed
666 1079 766 1144 pericula
778 1074 856 1127 mortis

49 1151 127 1202 rarius
146 1155 279 1213 occurrant,
294 1156 318 1203 et
330 1152 481 1217 periculosius
499 1152 524 1203 in
544 1153 580 1203 bis
597 1154 666 1203 bomo
679 1149 814 1201 exercitatur
827 1146 856 1197 ad

49 1222 202 1275 timiditatem
214 1222 356 1286 taciendam.
368 1227 396 1275 Et
416 1224 467 1277 idea
480 1223 655 1290 intemperantia
669 1227 705 1275 est
722 1219 857 1287 simplimmr

48 1296 97 1361 maj
102 1308 130 1345 us
144 1299 282 1359 peccatum,
295 1296 363 1360 quam
376 1296 494 1349 timiditas.

81 1368 120 1418 nd
143 1365 241 1431 primum
258 1380 313 1431 arao
332 1368 469 1432 dicendum,
486 1368 546 1433 quod
566 1366 698 1419 excelentia
716 1364 855 1417 latitudinis

48 1453 124 1505 supra
143 1439 316 1503 temperantiam
329 1443 404 1505 potest
420 1439 559 1491 musiderari
572 1439 692 1504 dupliciter
709 1451 775 1489 :uno
789 1437 856 1489 modo

49 1527 81 1563 ex
97 1514 166 1576 parts
182 1509 249 1573 duis,
265 1511 326 1575 quod
339 1513 439 1575 pertinet
454 1514 483 1563 ad
497 1512 606 1563 radonem
620 1510 675 1563 boni
685 1526 692 1561 a
704 1510 758 1575 quia
769 1508 856 1563 scilicet

46 1583 161 1636 tortitudo
178 1582 250 1645 magis
269 1583 387 1635 ordinatur
399 1585 428 1635 ad
445 1584 530 1635 bonum
544 1596 663 1635 commune
681 1582 749 1647 quam
762 1584 856 1645 tempe-
912 1610 917 1631 t

47 1654 150 1706 rauba:
169 1668 198 1705 ex
211 1655 331 1705 bacetiam
347 1661 411 1719 parte
428 1655 539 1707 timiditas
552 1656 622 1707 babet
636 1654 755 1719 quamdam
775 1653 856 1705 ensel-

47 1727 150 1779 tentiam
165 1740 234 1790 supra
249 1726 463 1791 intemperantiam,
474 1728 500 1777 in
512 1732 623 1791 quantum
637 1726 724 1777 mdical
737 1739 778 1791 per
787 1725 856 1777 timi-

47 1802 149 1852 ditatem
171 1798 241 1862 adqui
262 1798 376 1850 desistunt
391 1798 405 1849 a
419 1798 551 1849 defensione
572 1798 628 1849 boni
646 1798 782 1849 communis.
805 1797 856 1849 llio

47 1872 122 1925 moda
135 1881 165 1919 ex
178 1874 243 1934 parte
257 1868 411 1933 dificultatis,
421 1869 448 1919 iu
460 1873 570 1933 quantana
584 1868 672 1921 scilicet
688 1868 803 1919 difficilius
818 1871 854 1919 est

47 1944 130 1995 subire
148 1940 249 2006 pericula
262 1941 359 2003 marim,
373 1941 440 2005 quam
453 1942 566 1991 abstiuam
579 1940 594 1991 a
606 1940 740 2005 quibusdam
752 1940 856 1991 delecta-

47 2016 137 2068 bilibus
151 2016 191 2064 :et
203 2017 313 2077 qnantum
325 2014 354 2063 ad
368 2015 411 2063 boa
429 2026 475 2065 nan
487 2017 578 2079 oportet
594 2013 655 2077 quod
668 2011 779 2063 timiditas
791 2025 856 2077 prm-

48 2087 121 2137 cellat
139 2083 346 2149 intemperantiam,
368 2084 432 2135 Sicut
449 2085 510 2135 euim
529 2084 621 2149 majoris
644 2083 735 2135 virtutis
751 2088 786 2133 est
808 2096 855 2134 nan

47 2156 115 2208 uinci
129 2155 145 2206 d
158 2155 256 2219 fortiori,
267 2155 299 2207 ita
315 2156 384 2207 etum
397 2171 410 2207 e
422 2156 551 2220 contrario,
563 2154 656 2207 minaris
669 2155 718 2207 vitii
736 2160 772 2207 est
782 2154 796 2207 a
805 2156 856 2207 lor·-
950 2178 953 2188 ·

46 2228 104 2281 tiori
118 2226 195 2291 uinci;
208 2232 232 2278 et
245 2227 338 2291 majoris
348 2227 409 2290 uitii,
423 2228 437 2279 l
451 2227 556 2278 debiliori
573 2226 683 2292 superari.

83 2301 121 2353 nd
138 2299 416 2363 seeundumdiaendum,
435 2299 496 2364 qaod
515 2312 577 2350 amar
597 2297 775 2351 munerationis
800 2298 854 2349 uita

48 2375 229 2438 propterquam
246 2371 344 2423 nitantur
361 2372 461 2437 pericula
473 2371 568 2433 mortis,
578 2375 613 2423 εει
631 2368 702 2423 multo
715 2370 788 2433 magis
800 2382 855 2421 aaa·

49 2442 180 2505 naturalis,
197 2443 265 2507 quam
277 2457 424 2508 quacumqm
438 2443 600 2495 delectationes
613 2443 715 2494 ciborum
730 2442 768 2493 vel
780 2454 856 2493 vaae-

48 2529 145 2570 reorum
158 2528 211 2579 qum
224 2515 253 2565 ad
262 2517 458 2567 conseruationem
469 2515 523 2567 uita
536 2516 677 2566 ordinantur.
689 2515 719 2565 Et
731 2514 783 2565 ideo
795 2513 856 2564 ana-

51 2590 122 2639 citius
137 2589 175 2637 est
187 2585 279 2636 uincere
290 2586 559 2652 timarempericalorum
573 2587 669 2650 martis,
682 2586 750 2651 quam
767 2599 855 2638 maca-

50 2660 192 2727 pisaeutiam
210 2658 386 2710 delectationum
405 2673 456 2724 aaa
472 2663 508 2711 est
522 2660 547 2711 in
564 2659 621 2711 cibis
632 2663 661 2711 et
677 2658 781 2711 venereis
798 2659 856 2711 :cui

48 2816 221 2928 halaparseniuut
239 2816 384 2865 umorum
401 2820 426 2862 et
442 2828 492 2863 auu
508 2817 671 2876 ingenerantur
688 2817 815 2884 ductura,
829 2822 855 2865 ut

75 2895 108 2929 ea.
