1934 3284
146 138 194 183 eta
249 146 357 183 secunus
373 145 503 193 susurrum,
520 144 614 190 oum.
633 134 723 194 cim,
738 143 796 181 nna.
812 142 848 180 av.

178 223 313 286 despondeo
330 222 464 285 dicendum,
480 220 542 285 qubd
556 220 634 270 divina
647 220 750 271 essentia
762 232 812 270 non
830 224 898 284 potest
909 220 926 265 ai

146 296 236 344 homine
249 294 321 343 uideri
335 307 376 356 per
392 295 457 343 aliam
473 293 520 341 rim
533 291 734 354 mgnoseitiuam,
749 293 820 356 quim
833 304 872 355 per
881 293 928 338 inlel-

145 367 236 416 lenum.
252 367 382 415 Intellectus
398 370 473 415 autem
488 366 600 414 humanus
613 377 660 414 uon
671 365 816 414 oouuertitur
825 366 851 412 ad
866 363 929 410 iutell-

144 439 220 500 gihilia
236 438 280 487 nisi
295 438 445 488 mediantibus
463 434 678 500 phantasmatibus,
693 449 748 498 quse
760 449 803 498 per
816 436 896 499 speeies
906 434 930 480 iu·

144 510 273 570 tellipihiles
286 510 299 558 d
313 510 416 559 sensibus
437 508 531 571 accipit,
547 511 570 556 et
590 507 615 556 in
635 508 721 569 quihus
743 508 898 563 considerans,
910 506 927 551 n

144 582 288 630 sensibilibus
302 582 394 644 judicat,
406 584 429 630 et
441 594 467 630 ea
477 579 584 642 disponit.
600 579 630 627 itt
640 578 693 629 ideo
702 580 728 628 iu
741 579 808 629 omui
819 578 929 643 operation*

144 666 188 715 qua
206 654 334 702 intellectus
346 658 422 703 noster
435 652 571 701 abstrahitur
589 651 603 700 a
619 652 846 714 phantasmatibus,
857 663 930 698 usses-¹

145 730 179 774 est
191 724 250 787 qubd
266 725 409 773 abstrabatur
421 724 554 773 lseusibus.
570 723 704 772 intellectus
716 727 797 773 autern
811 722 905 772 hominis
915 721 930 764 in

144 800 202 845 statu
217 797 259 845 via
274 809 366 845 neeesse
380 799 413 845 est
432 795 489 857 qubd
507 795 521 843 a
538 795 737 858 phantasmatibus
752 795 905 846 abstrahatur,
919 789 943 858 si

145 868 221 917 rideat
238 870 276 917 llei
286 869 417 917 essentiam.
428 869 478 917 Non
488 867 550 916 euim
566 866 706 929 paratiquod
718 867 863 928 phantasma
875 861 943 927 poss}

146 940 184 989 liei
199 940 300 989 essentia
312 940 383 988 uideri
393 976 399 999 ‚
411 939 465 1001 quin
480 937 526 989 imb
540 950 583 986 neo
596 950 637 999 per
653 936 755 999 aliquam
769 938 874 1001 speeiem
886 938 943 988 inte:

145 1012 253 1074 ligihilem
270 1015 383 1073 creatam,
395 1010 447 1073 quia
459 1009 559 1059 essentia
572 1010 613 1058 liei
627 1009 652 1057 in
669 1009 793 1059 inlinitum
808 1007 943 1060 exceditna'

146 1082 218 1132 solinu
233 1084 308 1131 omnia
326 1094 418 1141 corpora
438 1093 535 1143 quorum
553 1083 608 1129 suut
626 1081 810 1144 phantasmata,
826 1082 867 1130 sed
886 1081 919 1126 nh

146 1167 236 1202 omnem
251 1154 418 1214 intelligibilem
438 1157 571 1201 ereaturam.
591 1152 686 1213 Oportet
700 1155 783 1201 antem
791 1189 801 1214 ‚
820 1151 872 1202 eum
888 1151 933 1197 inte·

145 1226 216 1274 lectus
228 1225 326 1274 hominis
339 1227 441 1274 elevatur
452 1225 480 1272 ad
496 1223 629 1272 altissimam
643 1222 685 1271 llei
695 1224 812 1274 ementita
832 1224 943 1272 visiones·

145 1300 170 1345 ul
184 1300 229 1345 tota
247 1298 328 1346 ruentis
345 1297 440 1346 intentio
454 1296 507 1344 illue
521 1297 653 1354 advocetur,
669 1294 702 1344 ita
718 1294 815 1346 scilieet
826 1296 885 1360 quiid
899 1295 924 1340 ulv

146 1368 258 1430 intelligat
278 1369 337 1416 aliud
356 1380 384 1416 ex
405 1366 620 1429 phantasmatibus,
636 1367 678 1415 sed
694 1367 806 1418 totaliter
828 1369 906 1417 teratur
921 1363 934 1408 :L

146 1441 224 1489 ileum.
246 1440 309 1488 Unde
328 1438 466 1501 impossibile
483 1441 520 1487 est
536 1436 597 1500 quod
609 1438 678 1487 homo
696 1437 724 1485 iu
738 1442 808 1488 statu
827 1437 927 1489 sterile?

146 1512 216 1562 ileum
232 1524 273 1574 per
288 1511 409 1560 essentiam
425 1510 474 1559 sine
490 1509 643 1559 abstractione
656 1507 672 1557 t
684 1509 809 1562 sensibus.

178 1585 210 1632 ld
226 1584 324 1646 primum
341 1594 394 1645 ergo
411 1582 538 1642 dicendum,
552 1580 612 1643 qubd
626 1580 794 1631 scutulatum
812 1580 943 1645 estland..

146 1656 172 1703 ad
186 1654 225 1716 3),
238 1659 290 1716 post
302 1653 490 1703 resurrectionem
502 1652 525 1702 iu
544 1652 618 1702 beatis
630 1653 672 1701 Dei
684 1654 822 1704 essentiam
835 1651 934 1704 rideulh·

146 1727 185 1774 liet
197 1724 345 1775 redundantia
359 1726 382 1773 iu
402 1725 519 1775 intellectu
531 1725 559 1773 ad
577 1724 701 1775 interiores
718 1725 787 1775 uires
803 1732 829 1777 et
847 1738 911 1786 usaue
923 1743 930 1764 ··

145 1811 236 1861 eorpus.
252 1796 315 1847 Unde
330 1796 455 1846 seeundhm
470 1797 544 1860 ipsam
553 1797 655 1858 regulam
671 1797 759 1848 diviua
769 1798 872 1850 visionis
885 1795 933 1843 aniu-

146 1869 249 1918 intoudet
268 1868 462 1931 phantasmatibus
477 1872 500 1917 et
522 1867 677 1918 sensibilibus.
692 1868 758 1918 'lalis
778 1875 861 1921 autem
879 1867 935 1915 redun-

147 1940 223 1989 dantia
237 1952 282 1987 non
299 1942 323 1987 lit
337 1939 361 1988 in
372 1939 409 1987 bis
422 1939 461 2001 qui
475 1939 603 2001 rapiuntur,
615 1939 673 1988 siem
684 1938 776 1991 dietum
786 1944 828 1991 est
837 1939 943 2005 liuilni·

147 2012 176 2059 Et
190 2010 240 2059 ideo
259 2023 305 2059 nou
318 2016 353 2059 est
366 2009 447 2059 similis
461 2010 527 2059 ratio.
941 1963 943 2070 t

179 2082 212 2131 ad
236 2082 360 2131 secuudum
383 2081 518 2142 dicendum,
533 2079 592 2143 qubd
614 2080 747 2131 intellectus
768 2085 860 2136 anima
878 2079 943 2131 chit*

146 2157 194 2204 erat
208 2153 344 2215 glorilioatus
357 2166 398 2215 per
414 2153 528 2203 habituale
540 2152 618 2201 lumen
628 2152 723 2215 glorie,
736 2167 786 2217 quo
802 2157 899 2206 diuiuan
911 2165 935 2199 rs

147 2224 242 2274 sentiam
252 2224 343 2273 videbat
354 2222 424 2273 muitb
438 2223 535 2286 amplihs
544 2223 612 2286 quini
624 2224 705 2286 aliquis
716 2227 822 2289 angelus
833 2230 870 2279 uel
880 2229 934 2275 horu¹

147 2298 200 2345 Erat
215 2300 289 2344 autern
304 2295 378 2345 viator
395 2299 488 2358 propter
506 2295 607 2359 eorporis
619 2295 819 2361 passibihtatem,
835 2296 933 2351 securrd'u¹

146 2381 213 2430 quam
238 2366 305 2429 paulo
325 2365 400 2415 minius
425 2368 453 2415 ab
471 2366 559 2428 augelis
576 2365 731 2417 minorahatur
747 2369 800 2433 (ut
821 2371 899 2421 dicitur
914 2378 933 2406 u

147 2439 231 2497 Hebe,
245 2438 284 2499 ll),
302 2438 465 2501 dispensative,
475 2442 499 2487 et
514 2450 561 2487 uon
573 2442 667 2502 propter
679 2438 785 2501 aliquem
800 2443 909 2493 delectum
918 2448 935 2482 et

146 2516 210 2573 parte
226 2510 363 2561 intellectus.
381 2511 443 2561 Unde
457 2523 505 2561 nou
522 2514 557 2561 est
569 2510 652 2560 similis
665 2510 724 2561 ratio
737 2513 769 2564 de
780 2526 813 2565 eo
826 2520 854 2567 et
866 2516 890 2564 de
901 2508 932 2559 aliu

147 2582 281 2632 viatoribus.

179 2654 212 2701 dd
234 2653 327 2702 tertium
351 2654 486 2717 dicendum,
514 2654 574 2717 uubd
595 2654 682 2704 Paulus
701 2660 833 2721 postquam
863 2652 928 2708 sessu

146 2721 223 2770 videre
238 2724 277 2772 bei
294 2725 429 2786 essentiam,
439 2740 527 2776 mernor
544 2725 589 2775 fuit
599 2726 689 2776 illorum
702 2742 755 2791 quae
769 2728 796 2780 iu
817 2732 861 2783 illa
870 2730 931 2779 sisinn>

147 2798 299 2855 cognoverat,
315 2809 355 2857 per
370 2796 457 2859 aliquas
479 2798 567 2860 speeies
584 2798 738 2862 intelhgibiles
756 2802 901 2855 habitualiter
914 2810 929 2844 u

147 2862 189 2909 hou
205 2862 229 2910 iu
249 2864 300 2925 ejus
314 2866 430 2917 intellectu
443 2869 550 2932 relictas3
566 2869 626 2920 sieut
641 2872 712 2921 etiam
729 2872 837 2927 abeunte
857 2870 927 2929 senab-
