1934 3284
111 193 158 238 358
231 199 337 238 sucum
352 199 481 248 sumum,
500 199 593 246 oumsn.
610 199 682 248 cxrrr,
698 199 753 238 cnr.
771 201 788 236 r.

111 276 166 343 quin
178 275 221 328 erit
233 278 350 340 peccatum
362 275 460 327 reniale.
475 275 520 326 Sed
539 275 673 340 quandoque
687 275 768 339 aliquis
783 273 907 340 prorumpit

110 349 136 399 in
150 347 284 413 jactantiam
294 351 387 412 propter
397 347 525 412 appetitum
535 345 604 408 lucri,
614 349 637 397 et
647 347 690 396 hoc
700 346 789 396 ridetur
796 347 845 411 jam
856 359 907 410 per·
954 349 955 352 ’

110 421 183 472 tinere
198 419 226 470 ad
240 418 336 484 proximi
346 419 503 484 deceptionem
516 421 539 470 et
552 421 674 470 damnum:
690 421 714 468 ει
726 418 777 468 ideo
790 417 843 470 talis
852 418 907 483 jac-

109 491 182 542 tantie
194 491 266 553 magis
276 494 311 542 εει
320 495 438 555 peceatum
451 491 560 554 mortale3
575 491 635 540 unde
652 493 675 541 ει
689 490 840 554 Philosophus
854 490 909 541 dicit

110 563 135 612 in
149 563 180 612 lV
194 563 278 613 lillis.
296 563 400 627 (captu
412 563 543 624 εε115,ει
556 561 652 626 sopri),
666 560 727 625 quod
743 578 756 609 u
766 561 855 626 turpior
873 566 910 613 εει

110 635 150 698 qui
160 647 184 684 εε
196 634 269 697 jactat
281 634 350 686 causi
359 632 429 696 lucri,
442 633 511 698 qo'am
522 632 561 696 qui
574 647 598 684 se
609 632 682 697 jactat
693 631 760 684 urst
774 633 852 698 glorias
868 635 904 684 rel

110 706 241 769 honoris3o
256 719 301 756 nou
314 709 391 756 tameo
402 719 490 769 semper
504 709 539 755 εει
549 707 666 768 persuum
679 703 788 766 mortale,
802 703 858 768 quia
868 718 909 769 po·
954 731 955 750 r

110 780 217 842 loclesse
229 777 274 828 tale
287 777 385 837 lucrum,
396 790 424 826 er
432 789 478 839 quo
489 773 546 826 alius
560 788 607 826 non
618 775 783 825 damnificatur.

143 849 176 898 td
189 848 287 914 primum
299 862 353 910 ergo
369 847 489 898 dicendum
499 885 506 909 ‚
515 845 575 912 quhd
589 847 627 897 ille
646 845 685 910 qui
696 846 769 910 jactat
785 860 810 898 se
823 847 910 898 adhoc

112 920 172 984 quod
181 920 256 984 jurgia
274 919 385 982 concitet,
400 922 477 983 peccat
491 917 628 980 mortalitem
644 918 684 968 sed
699 921 834 982 quandoque
846 931 910 968 coo-

112 992 181 1056 tingit
192 991 252 1055 qodd
263 991 372 1055 jactantia
381 994 416 1040 εει
424 1003 493 1040 causa
504 990 646 1054 jurgiorum,
657 1002 703 1039 non
717 1003 756 1053 per
764 1003 804 1051 se,
819 991 861 1041 sed
871 1003 912 1055 per

113 1063 232 1114 accidens:
246 1063 307 1113 unde
323 1076 351 1113 ex
366 1064 410 1112 hoc
421 1061 530 1125 iactantia
546 1073 592 1111 uon
606 1065 642 1111 est
656 1063 774 1124 peccalum
784 1062 889 1113 mortale.

145 1137 178 1186 hd
196 1134 319 1184 secundum
335 1133 469 1194 dicendum,
484 1131 544 1197 qudd
558 1131 636 1184 Glossa
658 1132 696 1182 illa
712 1131 809 1196 loquitur
823 1133 851 1183 de
865 1134 913 1198 jac·
954 1127 955 1130 ’

113 1206 183 1256 tantia
196 1204 322 1256 secundum
330 1204 389 1268 qodd
400 1204 503 1269 procedit
517 1217 545 1255 ex
560 1203 732 1270 superbiaque
746 1207 782 1256 εει
792 1209 913 1268 peccatum

113 1277 282 1400 mohrtlalteertiom
294 1348 430 1412 dicendum,
440 1347 500 1412 qudd
516 1361 562 1399 non
576 1361 665 1414 semper
673 1347 783 1413 jactantia
802 1347 914 1412 importat

114 1420 258 1472 mendacium
271 1419 440 1483 perniciosum,
455 1421 496 1472 sed
510 1419 583 1486 solim
602 1421 692 1485 quando
710 1423 745 1472 εει
759 1422 837 1470 contra
854 1423 912 1472 cha-

114 1493 205 1543 ritatem
214 1491 256 1541 llei
266 1495 306 1541 aut
316 1491 422 1556 proximi,
429 1496 469 1543 aut
480 1491 604 1543 secundum
614 1506 647 1555 se,
662 1496 700 1542 aut
712 1491 835 1544 secuudum
844 1505 912 1544 suam
954 1487 955 1492 '

114 1576 216 1615 causam.
231 1563 295 1622 Quod
305 1567 380 1614 autem
393 1563 473 1628 aliquis
482 1577 508 1615 se
519 1568 591 1628 jactet
601 1563 666 1629 quasi
681 1578 710 1615 ex
723 1563 913 1628 hocipso‘delec-

24 1640 28 1646 ⁴
114 1639 184 1699 tatus,
200 1638 236 1685 εει
246 1635 357 1698 quoddam
371 1648 465 1696 vanum,
479 1640 506 1686 ut
520 1633 670 1701 Philosophus
682 1635 737 1687 dicit
749 1634 800 1698 (uhi
810 1637 912 1701 suprd);

115 1707 176 1757 unde
187 1706 303 1757 reducitur
317 1706 346 1755 ad
357 1706 499 1757 mendacium
511 1709 627 1772 jocosum,
640 1707 685 1758 nisi
699 1705 757 1758 lorti
769 1707 814 1758 hoc
828 1707 913 1759 dirinae
954 1703 955 1756 l

114 1777 231 1830 dilectioni
245 1777 373 1841 proferret,
384 1780 411 1825 ut
420 1781 513 1842 propter
521 1779 564 1829 hoc
572 1779 612 1830 liei
623 1783 734 1844 precepta
747 1783 912 1844 contemnerel3
954 1809 955 1826 r

116 1849 150 1900 sic
161 1850 222 1900 enim
235 1852 296 1900 esset
308 1851 386 1900 contra
395 1849 529 1900 charitatem
541 1851 597 1913 liei,
608 1851 631 1901 io
645 1865 690 1915 quo
703 1851 751 1902 solo
761 1863 825 1900 mens
835 1857 915 1902 nostra

116 1922 183 1972 delet
195 1921 325 1986 quiescere,
339 1920 397 1971 siem
411 1921 435 1971 in
450 1923 530 1973 ultimo
543 1923 595 1975 tine.
610 1923 702 1975 Videtur
714 1925 790 1973 autern
803 1923 831 1972 ad
847 1934 913 1974 rnen·

116 1992 205 2044 dacium
219 1991 343 2044 oitlciosum
355 1992 480 2058 pertinere,
495 1993 546 2044 cium
561 1995 642 2058 aliquis
657 1995 685 2044 ad
699 1996 743 2045 hoc
757 2005 782 2042 se
792 1993 875 2058 jactat,
887 1997 913 2045 nt

118 2066 213 2130 gloriam
228 2065 266 2116 rel
282 2067 368 2116 lucrum
387 2067 505 2131 acquirat,
519 2067 639 2118 dummodo
656 2069 700 2117 hoc
717 2067 748 2116 sit
765 2066 815 2117 sine
830 2067 914 2118 damno

117 2137 211 2189 eliorum
221 2154 228 2203 3
238 2137 344 2202 quiahoc
356 2139 403 2203 jaro
416 2137 540 2203 pertineret
554 2139 582 2188 ad
594 2139 735 2190 mendacium
747 2133 913 2203 perniciosum.

370 2483 541 2553 QUAESTIO
559 2483 665 2549 dxlii.

266 2623 417 2676 Dcu'roor'c,
429 2627 460 2672 irs
473 2627 535 2673 deos
547 2627 665 2674 articulos
678 2627 768 2674 dicitu

151 2774 236 2826 lleiode
249 2774 435 2826 considerandum
443 2782 479 2828 εει
493 2778 520 2828 de
533 2775 615 2826 ironia.

151 2846 292 2910 Circaquam
305 2851 436 2910 queruntur
445 2849 506 2899 duo:
522 2851 548 2898 1⁰
562 2845 641 2898 Utrdm
660 2848 732 2902 ironia
745 2849 775 2902 sit
787 2853 914 2914 peccalum.

124 2924 152 2970 a·
164 2919 196 2970 lle
206 2917 372 2983 comparatione
383 2920 435 2982 ejus
448 2920 476 2971 ad
487 2918 628 2985 jactantiam.
697 2933 698 2938 ¹
