1934 3284
332 227 364 266 nl!
379 226 534 266 flduttl'lhss·
780 222 828 271 801

47 304 156 370 suscipere
174 303 280 368 dignatus
300 307 350 366 est,
364 304 483 369 disciplina
501 304 589 354 morum
601 303 660 368 iuit3
673 322 688 355 u
702 307 742 370 qui
753 309 831 360 umen

45 375 151 443 puncipnt
173 375 322 426 humilitatem
350 389 414 426 seuam
445 376 577 426 imitandam
599 379 726 441 proposuit,
754 379 832 433 dicens

42 449 145 508 Mutila,
153 447 182 498 lll
193 463 199 496 :
211 463 224 494 u
235 447 317 497 Discite
328 447 395 510 ime,
405 447 457 510 quia
466 447 527 496 mitis
538 461 587 498 sum
596 453 619 498 ct
630 450 723 500 humilis
731 453 828 504 coedes

41 523 73 573 Ec
91 519 204 582 Gregorius
218 519 272 569 dicit
282 519 307 570 in
321 518 458 573 uastaret,
471 519 532 582 qudd
545 537 559 567 u
573 525 730 582 argumentum
743 524 831 574 redem-

38 591 125 659 ptionis
141 595 221 642 nostra
238 591 332 642 inuenta
342 596 377 642 cst
387 590 505 642 humilitas
513 591 562 642 liei.
572 607 586 638 n
597 593 657 656 liupo
668 593 783 646 humilitas
796 595 830 646 vi·

41 667 109 716 detur
120 675 167 714 esse
181 663 279 713 maxima
290 663 406 713 victutum.
664 703 673 720 ,

74 736 115 786 Sed
129 739 202 786 contra
214 739 262 798 est,
273 734 334 800 qndd
345 735 442 786 charitas
454 735 574 800 punientur
584 737 689 787 omnihus
699 736 831 802 uirtutibus

34 806 157 862 secundnm
177 807 231 858 illud
252 807 354 860 Coloss.¹
370 807 400 857 lll
416 823 422 855 ι
439 824 453 856 u
466 807 539 871 Super
551 807 628 863 omnia
640 807 774 860 charitatem
790 812 834 861 ha·

34 883 100 932 hele.
115 895 127 926 o
140 879 188 928 Non
203 892 256 941 engo
268 877 384 930 humilitas
397 883 433 928 est
446 878 543 930 mamma
561 878 680 930 victutum.
702 920 705 926 .

73 952 261 1016 (muouusuo.-
272 953 327 1002 Posl
338 951 435 1002 virtutes
445 951 598 1016 theologicas,
612 955 637 1002 et
651 951 833 1018 intellectuales,

34 1031 61 1078 el
79 1027 129 1088 posl
139 1022 250 1086 justiliam
264 1021 499 1086 legalem,humililas
516 1028 551 1074 est
567 1022 673 1073 sulutem
689 1024 833 1076 excelientis·

34 1098 99 1150 sima
114 1098 137 1146 el
151 1094 291 1158 potissima.)

67 1165 834 1232 Respondesdicendumquddhonumhnmanmuictutisiuordim

30 1239 131 1294 calionis
148 1238 251 1292 consistit
261 1254 268 1288 ι
278 1238 318 1301 qui
327 1238 417 1300 quidem
431 1239 584 1302 principaliter
593 1240 716 1291 attenditur
730 1244 834 1304 respectu

28 1313 90 1366 linis
108 1327 114 1360 ι
130 1311 187 1362 uude
204 1310 301 1360 virtutes
321 1309 453 1372 theologica
469 1323 520 1374 quae
542 1311 628 1361 hahent
644 1311 750 1361 ultimum
763 1311 833 1364 duem

28 1399 75 1452 pco
87 1383 185 1446 objecto,
196 1385 249 1432 suut
257 1381 390 1446 potissima.
400 1381 541 1432 Soccuudauid
550 1385 625 1433 autem
635 1382 759 1433 attenditur
767 1387 834 1447 prout

29 1452 161 1510 secundim
174 1453 283 1504 rationem
295 1451 345 1505 linis
359 1452 491 1504 ordinantur
502 1465 529 1502 ea
542 1467 593 1516 quae
605 1457 659 1504 sunt
675 1453 704 1505 ad
715 1453 798 1506 linem:
811 1458 836 1507 st

27 1534 86 1582 haec
105 1526 197 1591 quidem
218 1525 328 1578 ordinatio
349 1524 501 1577 essentialiter
520 1525 626 1576 mnsistil
641 1527 666 1575 iu
679 1525 729 1589 ipsa
747 1527 835 1578 ratione

27 1601 169 1662 ordinantem
184 1597 344 1662 participative
360 1603 435 1649 autem
453 1597 538 1663 inipso
552 1599 654 1662 appetitu
672 1611 713 1662 pec
725 1599 836 1650 rationem

25 1673 156 1733 ordinato;
171 1683 239 1734 quam
253 1671 343 1733 quidem
364 1669 530 1721 ordinationem
543 1669 700 1720 uniuersaliter
718 1670 774 1720 lacit
783 1671 835 1735 jaus·

25 1747 99 1805 litia,
115 1742 239 1808 prasertim
248 1742 336 1805 legalis.
349 1741 490 1793 Ordinationi
500 1746 576 1792 autem
588 1741 767 1792 iacithominem
777 1742 836 1796 bene

25 1817 164 1880 subjectum
177 1811 297 1868 humilitas
312 1813 336 1863 in
354 1813 492 1876 universali,
503 1818 612 1876 quautam
630 1812 658 1861 ad
672 1812 761 1876 omuia;
773 1826 836 1876 qua-

25 1891 89 1940 lihet
103 1889 180 1937 nutem
192 1884 235 1936 alia
248 1886 330 1948 uictus,
342 1889 452 1948 quantum
466 1886 494 1934 ad
507 1885 606 1947 aliquam
623 1884 739 1934 materiam
749 1884 837 1948 specia-

24 1964 84 2012 lem.
99 1959 128 2008 lit
141 1956 193 2006 ideo
202 1959 253 2020 post
263 1956 358 2006 uirtutes
371 1955 510 2018 theologicas
521 1957 545 2006 et
562 1953 658 2004 uirtutes
669 1954 835 2005 intellectuales

25 2045 81 2098 cpuae
102 2027 227 2092 lespiciunt
246 2027 319 2092 ipsam
335 2027 459 2088 rationem,
472 2030 496 2076 et
507 2029 558 2090 post
569 2025 683 2090 justitiam
697 2026 836 2091 (prasertim

25 2097 150 2168 legalem)
166 2099 241 2164 potior
253 2103 289 2150 est
302 2098 391 2150 catech
410 2098 535 2148 humilitas.

58 2175 99 2225 nd
112 2170 211 2237 primum
221 2183 275 2234 engo
286 2169 413 2230 dicendum,
423 2169 483 2232 qudd
493 2168 610 2227 humilitas
617 2169 712 2233 justitie
721 2183 768 2221 uon
777 2183 838 2234 pnae·

25 2249 105 2299 lectur
113 2279 122 2306 ‚
138 2243 179 2292 sed
191 2241 287 2307 justitie
301 2240 338 2291 cni
348 2241 453 2305 superbia
465 2242 628 2304 conjungitur:
640 2241 746 2305 quaejam
756 2241 839 2292 desinit

25 2332 79 2372 esse
97 2314 192 2376 victus3
208 2312 266 2363 sicut
281 2311 294 2363 e
309 2311 422 2363 contrario
443 2315 562 2377 peccatum
578 2325 619 2374 per
631 2311 783 2363 humilitatem
802 2326 839 2365 ce-

25 2391 144 2441 miltitur.
157 2385 215 2434 Nam
230 2385 257 2435 de
276 2383 398 2434 Publicano
411 2381 493 2432 dicitur
509 2389 578 2442 Luc„
595 2382 676 2444 lllllll,
689 2382 749 2446 quod
764 2400 779 2431 c
793 2397 840 2435 me·

25 2462 67 2512 ilo
86 2455 229 2508 humilitatis
237 2454 356 2507 'descendit
370 2453 508 2519 justificatus
523 2453 548 2502 iu
562 2455 654 2502 domum
668 2465 740 2502 suam.
752 2455 839 2505 «Unde

25 2531 216 2596 Chrysostomus
229 2527 283 2578 dicit
297 2526 446 2592 (uhisupral1
462 2541 475 2574 u
491 2524 597 2576 Geminas
607 2524 672 2587 ligas
684 2524 740 2577 milui
749 2536 841 2575 accom-

25 2605 126 2662 nodes;
144 2599 239 2654 alteram
259 2599 350 2664 qudem
374 2598 484 2663 superbia
504 2601 527 2648 et
544 2595 659 2660 justitim3
674 2595 766 2645 alteram
787 2596 840 2648 vend

25 2672 121 2727 ceccati
134 2674 161 2722 et
174 2670 320 2735 humilitatis3
333 2675 356 2720 et
368 2669 455 2721 videbis
468 2672 588 2734 peccatum
598 2671 737 2730 pcaeuectens
745 2668 778 2732 [ll
788 2667 841 2732 jus·

57 2827 99 2892 (1)
114 2827 164 2874 Vel
175 2838 343 2885 procurrens,
353 2839 381 2872 ex
389 2837 464 2885 puseo
473 2816 652 2893 προλαμΰάνον,
661 2834 704 2880 pro
715 2835 761 2880 quo
773 2801 841 2883 inep-

27 2899 122 2948 issimd
138 2898 206 2956 pullus
217 2902 356 2956 pervertens
365 2898 502 2958 justiliam,
516 2896 577 2942 sicut
586 2894 698 2949 impressa
709 2896 797 2954 passim
807 2895 841 2942 ls-

25 2969 109 3022 3unt;
129 2961 176 3008 sed
189 2962 369 3019 manuscriptum
389 2957 719 3007 abbreviatis-characteribus
733 2958 760 3004 dc
777 2958 841 3005 ulto-
