1934 3284
133 205 179 254 stt
250 211 357 252 euenum
372 209 501 260 sumnus,
516 208 611 257 numera
627 208 699 260 xurr,
715 207 772 249 unu.
787 200 815 252 11.

164 290 299 355 Respondes
318 288 451 352 dicendum,
473 287 535 351 qudd
551 288 577 338 in
598 288 635 338 luls
651 298 704 350 qun
724 284 781 336 dunt
799 283 827 335 ad
846 283 933 349 aliquus

134 363 226 413 effeetus
237 360 383 428 particulares
395 360 550 421 inducendos,
560 357 750 410 mualderauduuu
760 360 796 407 est
807 355 884 406 utrdm
895 368 933 407 na-

135 433 234 484 turaliter
246 431 365 482 videantur
379 443 445 495 posse
460 425 518 480 tales
530 431 626 481 ellectus
637 440 733 479 saumre
744 441 751 487 ;
764 426 798 477 sie
811 427 874 478 enim
890 439 933 478 nun

132 502 175 554 erit
188 503 290 554 illicitum
299 541 305 564 ,
315 503 438 552 lieetenim
452 515 533 552 causas
542 501 657 551 naturales
666 499 776 550 adnitere
788 500 816 550 ad
832 499 934 564 proprius

133 570 237 624 dilectus.
250 573 313 626 Unde
325 573 345 624 si
356 573 488 626 naturaliter
498 586 545 624 uun
559 571 678 621 rideantur
692 583 762 635 pesse
774 570 833 621 tales
841 570 935 622 effeetus

134 657 240 708 causare,
254 658 397 709 consequeus
411 648 446 694 est
458 643 518 707 qudd
533 656 575 692 nee
584 642 735 692 adhibeantur
744 643 771 692 ad
789 643 832 692 lios
841 642 934 692 elleetus

135 717 260 768 musandns
273 721 380 780 tanquam
393 729 482 778 eausa,
497 715 538 765 sed
550 712 623 765 eelim
635 712 700 776 quasi
713 713 791 776 signam
806 717 830 763 et
839 713 875 763 sie
884 727 934 777 per-

134 787 209 838 tinent
224 789 252 838 ad
269 790 335 852 panta
352 786 544 848 siquiduatiuuum
555 799 609 835 uum
629 785 770 835 denunlm
790 783 857 834 inita.
874 784 935 836 Unde

135 858 273 922 Augustinus
285 859 413 922 dicil‚lllll
429 857 556 908 Decidit.
575 857 621 906 Dei
638 860 704 920 (ean.
716 856 749 918 t)
761 872 768 906 r
784 871 799 903 u
811 856 937 906 lllieiuutur

135 929 250 981 demones
258 943 299 994 per
309 935 423 982 creaturas
434 942 494 992 quus
505 941 551 978 nun
564 927 626 992 insi,
636 929 677 978 sed
691 929 750 978 dees
762 926 880 991 uendidit,
894 926 937 976 de—

134 1001 276 1052 lectabilibus
287 1016 328 1066 pru
341 1015 382 1052 aua
392 999 650 1061 diuersitatediversls,
660 998 858 1050 nunutanimalia
870 998 935 1059 ritis,

135 1075 174 1124 sed
191 1079 216 1124 nt
230 1071 323 1138 spiritus
334 1073 420 1137 signia,
437 1086 488 1135 qum
503 1070 618 1134 cujusque
632 1069 778 1121 delectationi
793 1072 936 1133 congruunt,

135 1157 176 1207 per
193 1146 255 1194 varia
269 1157 352 1207 genera
367 1144 467 1208 lnqlduuu
475 1171 486 1206 ,·
493 1142 632 1204 herbarum,
644 1142 772 1204 liquorum,
786 1141 936 1199 animalium,

136 1214 273 1276 numinum,
286 1215 378 1264 rituum.
390 1231 404 1262 u

166 1286 200 1336 lld
214 1286 310 1350 urinum
322 1299 375 1350 erqo
386 1287 522 1349 ditandum,
536 1285 598 1350 qudd
607 1285 628 1336 si
641 1283 774 1349 simplicitas
784 1283 940 1335 edhdreuutur

135 1369 172 1408 res
181 1356 293 1408 naturales
302 1359 329 1408 ad
339 1357 427 1421 aliquus
436 1358 533 1410 elleetus
541 1357 712 1422 qrudueendos,
725 1357 753 1407 ad
762 1369 820 1419 quos
827 1361 940 1420 putantur

136 1429 259 1478 naturalem
276 1430 359 1480 habere
377 1429 500 1492 uirtutem,
514 1433 607 1478 nonest
620 1428 803 1491 superstitiosum
817 1428 855 1478 rel
869 1428 941 1479 illici-

137 1503 201 1562 tum;
217 1499 237 1550 si
251 1500 304 1552 rard
326 1501 478 1565 adjungantur
495 1501 532 1551 vel
546 1502 692 1553 elmeteres
704 1498 791 1562 aliqui,
804 1499 843 1549 rel
862 1501 942 1563 aliqua

136 1571 238 1635 nomina,
251 1572 289 1622 vel
299 1571 349 1623 alie
358 1585 509 1635 quecumque
522 1571 590 1621 varim
600 1569 783 1632 obseruationes,
795 1583 854 1632 quas
866 1571 941 1620 maui-

137 1643 219 1694 iasturu
234 1647 269 1694 est
287 1643 418 1694 naturaliter
435 1642 562 1694 elisaciam
581 1655 627 1693 nen
645 1642 743 1702 hebere,
767 1642 811 1693 erit
828 1644 942 1708 supersti-

137 1713 220 1766 dosum
235 1719 259 1766 et
270 1715 382 1766 illicitum.

169 1787 200 1836 ad
215 1789 338 1837 seeundum
355 1787 474 1839 dicendum
481 1823 490 1851 ‚
505 1787 566 1850 qudd
576 1787 674 1837 uirtutes
692 1785 805 1837 naturales
818 1799 942 1852 corporum

137 1860 273 1908 naturalium
294 1864 465 1922 consequuntur
487 1871 565 1910 eurum
582 1856 668 1910 formas
688 1857 864 1921 sumentiales,
886 1871 945 1923 quas

138 1929 263 1980 tenduntur
280 1943 309 1980 ex
326 1930 476 1994 impressione
499 1928 623 1980 eoelmdunr
644 1941 779 1992 norperum3
795 1933 820 1979 et
837 1929 895 1981 ideo
917 1942 944 1977 ex

139 2003 268 2051 eorumdem
288 2001 438 2065 impressione
459 2001 584 2052 sortiuntur
598 2001 707 2063 quaedam
730 1999 827 2050 virtutes
843 2004 945 2052 activas.

138 2073 182 2123 Sed
197 2085 313 2137 corporum
333 2073 483 2124 artificialium
502 2073 581 2124 tornae
596 2073 722 2136 pruneduul
740 2085 770 2122 ex
791 2074 947 2137 renuentique

138 2144 272 2202 artificis-,et
281 2143 332 2193 cium
343 2145 400 2194 uilril
409 2145 469 2194 aliud
477 2144 524 2194 sint
531 2143 599 2208 quim
607 2143 753 2208 temnentia,
765 2143 820 2195 orde
827 2148 853 2194 el
860 2143 946 2209 figurae,

139 2219 165 2266 ut
179 2215 260 2266 dieitur
276 2215 299 2265 iu
312 2216 332 2266 ll
346 2215 444 2280 Playnic.
462 2219 538 2280 (tert.
552 2219 582 2265 td
591 2217 608 2278 t,
623 2228 669 2265 non
682 2219 779 2278 pessunt
795 2216 883 2268 habere
907 2231 949 2266 na-

140 2289 236 2339 turalem
251 2287 358 2339 uirtutem
372 2289 399 2337 ad
417 2287 539 2350 agendum.
559 2288 587 2336 Et
601 2287 655 2337 iude
670 2288 706 2336 eal
722 2286 783 2350 qudd
800 2299 831 2338 ex
845 2288 948 2353 impres·

140 2359 204 2426 siuns
212 2359 338 2410 caelestium
352 2371 470 2423 enrpnrum
481 2359 565 2408 nullam
576 2359 683 2408 uirtutem
691 2357 825 2417 audiuntur,
832 2359 858 2409 iu
865 2375 951 2424 quan-

139 2434 188 2480 tum
199 2434 252 2480 sunt
265 2431 398 2488 autilluialia,
408 2431 449 2480 sed
458 2429 530 2480 solium
541 2428 666 2480 seeundim
675 2428 793 2479 neemiam
803 2433 948 2482 naturalem.

140 2501 231 2552 Falsum
241 2507 277 2552 est
290 2515 343 2566 ergo
353 2502 413 2566 qudd
428 2502 554 2568 Porphyris
563 2501 724 2561 uidebatuqut
734 2501 875 2564 Augustinus
888 2504 950 2553 dicit

140 2573 162 2622 in
177 2575 197 2624 X
210 2575 243 2624 De
254 2575 332 2626 cluit.
345 2575 393 2625 Dei
403 2575 464 2640 (ean.
477 2577 526 2635 tq,
536 2572 671 2624 «Herbitet
682 2570 795 2636 lapidibus
804 2576 829 2625 et
839 2575 953 2625 animan-

141 2643 203 2695 tibus
217 2645 312 2696 alsonis
323 2645 588 2710 certisquitusdanusan
602 2643 711 2702 retibus,
722 2647 747 2693 el
759 2644 950 2708 imitationibus,

141 2719 209 2779 alque
220 2715 346 2780 tigmentis,
361 2718 497 2780 quibusdam
515 2717 585 2768 etiam
599 2715 726 2768 observatis
739 2715 764 2764 iu
774 2717 828 2767 coeli
847 2731 953 2769 munuer-

143 2786 207 2836 sioue
221 2787 319 2837 mutibus
335 2789 443 2852 siderum,
457 2789 560 2839 labrieari
572 2788 669 2839 interra
680 2788 708 2837 ab
719 2787 850 2839 numinibus
863 2798 955 2853 putes-

143 2861 202 2908 tales
220 2857 314 2910 idoneas
330 2859 399 2910 variis
418 2861 517 2912 siderum
534 2860 657 2913 attactibus
676 2860 830 2925 exequendis,
844 2876 860 2907 u
884 2864 955 2926 quusi

143 2929 238 2982 eductus
254 2929 390 2998 magicarum
413 2931 496 2984 utinm
518 2945 547 2984 ex
570 2931 656 2987 virtute
676 2930 803 2984 etelestium
822 2945 956 3000 carporum
