1934 3284
140 189 187 237 ltu
259 196 367 237 senum
384 196 513 249 securos,
529 198 621 244 ouon.
638 196 712 249 xcrrr,
728 196 782 237 sor.
800 199 820 241 r·

140 274 279 328 &monibus
296 273 379 339 plseitu
397 277 464 340 utque
480 276 590 327 foderetur
603 275 680 339 (quod
691 274 792 341 pertinet
806 276 839 325 nd
858 290 965 331 meun-

141 348 194 398 dum
204 347 228 411 );
243 351 267 397 et
279 351 330 410 post
339 360 411 411 peuce
421 348 515 400 subdit:
531 347 588 398 «ld
598 348 643 399 boc
656 360 728 411 genus
736 346 855 411 portinent
865 361 965 403 omnes

139 418 244 485 ligaturus
254 423 277 470 et
286 420 507 485 oeterubnjnsrnodi
516 421 593 486 (qnod
604 420 705 484 pertinet
714 420 743 470 ud
756 419 883 484 tertiom.

173 492 205 543 bd
219 491 315 555 primurn
326 506 380 557 erpo
394 492 527 556 dicendum,
542 491 603 557 oubd
617 492 677 543 siout
688 491 809 557 bionpoius
824 492 915 557 dicit,
933 500 965 549 1t

140 576 191 629 esp.
208 564 310 614 Dedin.
330 566 445 625 Nomio„
460 582 474 613 u
492 566 576 615 bonurn
587 562 699 625 sontnpit
711 577 741 614 ex
756 576 803 613 nna
813 567 839 614 et
854 564 965 632 integra

142 648 223 697 caussa,
233 636 316 686 mulum
330 640 405 687 eutem
418 650 445 687 ex
454 634 605 700 singularibus
619 634 744 686 defectibus
754 650 761 683 ι
771 650 787 683 s
798 638 824 685 et
837 635 901 687 ideo
914 643 965 690 uni

144 704 223 757 uirtuti
235 708 299 771 plura
312 708 368 759 ritis
381 711 542 773 opponuntur,
552 710 579 756 ut
589 706 657 770 supr‘e
669 706 824 758 bsbitnruest
841 708 965 763 Verbum

142 786 219 829 autern
232 779 363 845 Philosophi
376 778 496 833 ueritatem
511 780 581 831 babet
599 778 625 829 in
640 777 751 843 oppositis
764 778 898 845 inquibus
922 789 965 835 est

141 850 221 903 eedem
236 850 294 905 ratio
303 851 507 916 multiplicationis.

172 924 206 973 lu
217 923 340 973 seeundum
352 922 480 987 dicendum,
495 922 555 987 pnbd
566 922 718 974 diuinationes
735 926 759 973 et
769 922 965 979 obseruationes

142 995 222 1061 ulique
239 996 352 1062 pertinent
372 998 399 1047 ed
416 997 616 1061 superstitionem,
637 996 661 1046 in
683 1001 792 1061 quantem
811 997 965 1061 dependent

142 1082 171 1121 ex
188 1068 301 1133 aliquibus
320 1068 489 1133 operationibus
510 1068 652 1131 demonum
674 1067 753 1119 etsie
774 1068 905 1133 pertinent
929 1076 962 1124 ad

125 1140 243 1204 predum
257 1142 324 1203 prete
338 1152 390 1189 eum
400 1140 434 1191 eis
447 1139 514 1191 inita.
634 1174 638 1186 .

172 1210 206 1260 nd
224 1210 317 1260 tertium
342 1210 475 1274 dicendum,
490 1210 552 1275 subd
574 1210 679 1261 meleta
696 1210 774 1274 religio
789 1208 823 1259 ibi
843 1210 959 1279 dicitur,

141 1282 231 1345 quando
246 1282 359 1332 traditioni
372 1283 477 1333 humano
496 1294 579 1333 nomen
591 1280 709 1345 religionis
723 1281 863 1347 upplioatur,
875 1295 958 1349 prout

141 1354 164 1403 in
183 1352 261 1405 (ilossr
276 1352 384 1417 serpitur.
401 1354 464 1404 Unde
483 1354 523 1404 illu
539 1353 645 1405 simulato
659 1352 739 1417 resipio
756 1353 814 1403 nibil
827 1358 868 1405 est
882 1358 958 1410 alind

141 1424 208 1489 quim
223 1424 299 1475 cultus
308 1426 354 1476 lleo
362 1438 416 1477 uero
428 1425 545 1477 exhibitus
556 1425 623 1476 modo
630 1424 742 1486 indebito,
754 1424 845 1476 slortei
859 1428 958 1495 uliquis

142 1499 241 1559 tempne
263 1496 340 1561 gratis
358 1496 428 1548 vellet
447 1497 522 1549 colere
540 1498 610 1549 beorn
632 1496 756 1548 secundun
773 1496 868 1551 ueteris
887 1500 958 1568 legis

141 1567 218 1621 ntum.
232 1569 260 1619 lit
270 1568 298 1621 de
311 1570 354 1621 buo
367 1568 396 1620 ud
412 1569 508 1621 litterum
520 1570 620 1635 loquitur
632 1568 721 1622 Glosse.

392 1914 560 1987 lunello
577 1915 685 1985 xtuli.

142 2055 177 2103 Do
192 2057 365 2117 superstitione
378 2057 480 2107 indebiti
494 2059 575 2105 sottus
587 2060 688 2112 divisi,
700 2059 730 2107 io
742 2059 803 2107 dues
822 2063 952 2113 ortioutos

494 2132 585 2179 diuiso

170 2280 256 2334 Deinde
271 2282 459 2335 considerandum
477 2284 513 2333 est
524 2284 552 2334 de
565 2282 688 2347 speciebus
700 2284 879 2348 superstitionis.

173 2353 282 2417 Etprimb
293 2355 321 2405 rio
331 2353 493 2419 superstitione
502 2354 603 2405 indebita
612 2355 685 2409 cultus
693 2355 742 2406 reri
755 2355 812 2419 llei3
828 2359 943 2424 seeundo,

142 2425 170 2475 de
191 2426 348 2488 superstitione
367 2425 516 2491 idololatriae3
530 2426 611 2490 testib,
625 2428 654 2479 de
670 2426 831 2492 superstitione
849 2429 945 2482 diuina-

141 2494 245 2559 tionuro3
261 2498 349 2563 qnertb,
366 2499 394 2551 de
401 2499 563 2563 superstitione
573 2500 766 2552 obserrnionnm.

173 2568 237 2620 Circe
252 2570 350 2634 primum
364 2576 495 2635 queruntur
508 2573 553 2624 duo
568 2588 574 2623 :
591 2576 618 2623 1⁰
631 2572 710 2623 lltrlrm
723 2572 748 2623 in
762 2571 824 2623 onltu
837 2574 889 2625 reri
900 2577 943 2628 liei

143 2640 215 2704 possit
229 2652 279 2692 esse
294 2642 377 2707 aliquid
391 2644 553 2709 perniciosum.
567 2649 595 2697 2⁰
606 2642 686 2697 lltrbm
704 2643 777 2711 possit
788 2644 823 2695 ibi
833 2658 886 2699 esse
898 2648 941 2698 sli-

144 2711 197 2777 quid
211 2713 357 2778 superfluum.
