1934 3284
84 201 151 260 ,352
228 207 337 246 snconoa
354 208 484 255 suenonis,
500 207 592 252 ounsr.
608 207 661 255 uxr,
676 209 729 246 aer.
746 208 779 245 ιν.

105 290 149 335 art.
166 290 193 346 3,
213 288 240 346 t,
256 286 302 348 t),
315 283 441 347 prudentie
455 282 528 334 direti
546 283 669 348 opponitur
686 285 785 348 astutia,
797 285 824 336 ad
838 299 908 349 quam

105 358 206 421 pertinet
221 356 352 406 adinvenire
361 357 469 419 quasdam
478 355 528 406 rias
537 359 672 420 apparentes
681 360 705 406 et
714 369 761 406 non
771 357 908 420 existentes,

107 429 137 478 ad
157 428 296 492 propositum
320 428 511 491 consequendum.
535 427 643 478 lirecutio
667 431 744 482 auem
764 428 855 478 astutiae
875 433 911 480 est

109 501 198 565 proprie
212 514 252 564 per
263 500 338 550 dolum
349 499 374 548 in
384 499 469 563 verbis,
484 513 525 564 per
540 499 642 550 fraudem
657 503 734 551 autem
747 499 772 549 in
790 499 871 563 laetis,
887 505 911 552 et

111 571 170 624 sicud
187 573 270 623 astutia
289 584 313 622 se
326 571 395 622 habet
412 573 438 622 ad
462 570 619 634 prudentiam,
634 572 665 621 ita
685 572 750 622 dulus
764 575 787 622 et
804 572 866 623 lraus
882 575 910 623 ad

112 642 285 707 simplieitatem.
301 643 370 693 notus
381 646 457 692 autern
466 643 502 692 uel
513 643 574 692 lraus
584 642 701 692 ordinatur
714 644 742 692 ad
749 642 910 707 decipiendum

111 714 275 779 principaliter,
290 719 314 765 et
328 715 460 778 quantoque
471 713 604 765 secundario
619 716 645 764 ad
656 716 784 766 nocendum
796 730 801 764 :
811 715 871 766 unde
882 717 911 766 ad

112 786 282 850 simplicitatem
296 787 394 851 pertinet
406 785 492 836 directe
506 800 530 836 se
547 799 685 846 preservare
697 785 710 836 1
723 786 865 850 deceptione.
882 789 912 837 Et

113 859 237 910 secundirm
251 859 304 919 hoc,
318 861 344 907 ut
354 857 422 922 supra
431 858 515 908 dictum
531 861 584 922 est(
595 873 634 922 qu.
646 862 699 921 tue,
713 861 755 908 art.
770 862 799 918 2,
815 859 843 908 ad
862 859 910 922 3),

112 931 184 981 uirtus
198 929 349 996 simplicitatis
358 933 394 980 est
406 931 485 979 eadem
495 929 575 980 uirtuti
587 929 704 992 rediatis3
722 930 762 980 sed
777 929 852 980 differt
862 930 912 980 sola

112 1002 212 1064 ratione,
224 1003 278 1066 quia
290 1003 385 1052 veritas
398 1000 479 1051 dicitur
492 1000 614 1052 secuuddm
624 1000 683 1064 qudd
695 1000 760 1064 signa
773 1003 913 1052 concordant

113 1074 216 1138 signatis,
227 1074 383 1138 simplicitas
392 1077 465 1122 autem
475 1073 558 1123 dicitur
571 1073 697 1124 secunddm
713 1071 773 1136 quod
783 1085 829 1122 nou
837 1075 912 1124 tendit

112 1146 137 1196 in
150 1147 290 1207 diversa‚ut
308 1143 394 1196 scilicet
410 1144 471 1195 aliud
491 1144 595 1196 intendat
613 1144 723 1203 interitus,
739 1148 762 1194 et
777 1143 836 1196 aliud
849 1160 913 1210 prae-

113 1218 192 1268 tendat
210 1216 320 1268 enterids.
818 1244 822 1252 ι

146 1289 179 1338 td
186 1288 276 1338 tertium
284 1289 412 1348 dicendum,
420 1290 480 1353 qnod
491 1289 578 1338 lucrum
586 1289 623 1339 uel
632 1287 702 1352 glorie
711 1291 747 1338 est
754 1289 804 1339 linis
811 1292 914 1340 remotus

114 1359 261 1422 simulatoris,
271 1359 331 1409 sicut
340 1363 363 1410 et
378 1360 494 1410 mendacis
506 1375 512 1408 :
523 1360 584 1410 unde
596 1373 626 1410 en
638 1361 681 1410 troc
692 1359 737 1410 fine
752 1360 852 1424 speciem
866 1374 914 1410 nun

115 1431 217 1494 sortitur,
232 1432 272 1480 sed
281 1444 311 1481 ex
320 1431 365 1481 fine
373 1431 489 1496 proximo,
504 1431 543 1495 qui
552 1436 589 1482 est
601 1430 720 1482 ostendere
730 1445 754 1481 se
766 1431 835 1481 elium
844 1431 914 1495 quim

115 1503 162 1562 sit;
176 1503 237 1552 unde
245 1503 379 1567 quandoque
391 1503 500 1567 contingit
509 1502 568 1567 quod
581 1503 661 1566 aliquis
669 1502 733 1566 fingit
745 1503 775 1553 de
785 1515 810 1553 se
822 1517 913 1566 magua,

116 1575 200 1624 nullius
213 1573 307 1624 alterius
321 1574 401 1638 pratil,
413 1576 453 1625 sed
467 1575 515 1626 soll
529 1575 622 1626 libidine
636 1573 766 1638 simulandi,
780 1574 839 1624 sicut
853 1574 915 1624 Plui-

115 1647 225 1708 losoplrus
238 1645 293 1696 dicit
305 1646 330 1695 iu
341 1647 371 1695 lv
382 1647 467 1697 Etlrr'c.
481 1648 515 1711 (et
528 1646 663 1698 sicutetiam
677 1645 745 1710 suprla
753 1647 780 1696 de
794 1645 915 1697 mendacio

115 1716 257 1779 dictumest,
271 1732 310 1780 qu.
322 1723 378 1781 1⁰⁰,
393 1722 435 1770 art.
449 1721 484 1780 tl,

320 1910 322 1915 ·
406 1897 566 1950 aumcuttls
581 1897 620 1948 tv,

201 2023 287 2067 lita-dm
300 2023 430 2080 hypocrisis
443 2023 578 2080 impersit
589 2025 713 2079 peceatum
726 2023 834 2068 mortale.

150 2153 184 2202 dd
193 2154 296 2216 qnantum
310 2150 343 2201 sio
352 2149 631 2215 procediturltl.¹lidetur
643 2148 704 2212 quod
718 2148 846 2214 hypocrisis
855 2164 916 2201 sero·

118 2237 159 2288 per
172 2224 203 2273 sit
214 2226 331 2288 peccatum
341 2222 443 2271 mortale.
455 2221 515 2270 llicit
529 2221 590 2270 enim
601 2220 760 2286 Hieronymus,
770 2221 840 2280 lsai,
854 2224 915 2282 llll,

117 2295 142 2345 in
155 2296 242 2358 Glossa,
251 2293 313 2358 qudd
324 2311 338 2341 a
348 2293 373 2342 in
384 2292 551 2355 comparatione
563 2293 657 2342 duorum
669 2292 779 2342 malorum
792 2291 868 2344 levius
881 2299 915 2346 est

118 2366 196 2430 aperte
215 2378 308 2429 peccare
326 2363 394 2429 mlum
412 2362 552 2413 sanctitatem
574 2363 687 2414 simulare.
703 2365 760 2414 »Et
779 2377 847 2427 super
861 2365 916 2416 illud

109 2435 220 2492 ·Joo,1:
237 2453 251 2483 a
267 2436 333 2486 Sicut
346 2438 422 2485 autem
438 2434 532 2485 tonius
546 2435 646 2498 placuit,
664 2439 720 2498 etc,
735 2451 748 2484 u
765 2435 844 2485 Glossa
863 2437 918 2488 dicit

73 2561 77 2572 ,
118 2507 180 2571 qudd
203 2508 331 2558 «simulata
344 2506 439 2570 aequitas
451 2519 497 2556 nou
509 2510 545 2556 est
561 2507 669 2570 equites,
684 2508 723 2558 sed
738 2507 821 2570 duplex
835 2521 917 2570 pecea-

118 2582 178 2630 tumc
190 2595 204 2624 n
215 2580 245 2627 Et
255 2592 322 2642 super
332 2578 388 2627 illud
401 2577 495 2633 llum,
510 2578 539 2626 lll
551 2593 556 2626 :
568 2595 581 2625 u
589 2577 659 2642 llajor
670 2578 751 2628 effecta
760 2581 795 2626 est
807 2577 916 2641 iniquitas

119 2649 198 2712 populi
219 2649 263 2699 mei
284 2653 376 2713 peccato
397 2649 557 2710 Sodomorum,
573 2665 587 2696 »
602 2649 657 2698 dicit
670 2650 748 2699 Glossa
771 2665 776 2698 :
794 2666 807 2696 u
824 2650 918 2700 Scelere

119 2721 201 2771 anime
215 2721 353 2784 planguntur
367 2735 418 2784 que
432 2719 705 2785 inhppocrisimlabitur,
719 2721 785 2786 cujus
800 2721 872 2784 major
882 2725 918 2772 est

121 2937 139 2983 a
153 2870 185 2933 (1)
200 2873 354 2982 131111139ῑὶ11]
366 2877 398 2921 [V
405 2909 412 2935 ,
425 2876 505 2926 siat„
518 2875 571 2922 dist.
585 2875 624 2935 id,
636 2888 674 2934 qu.
687 2876 710 2936 1,
723 2883 768 2923 ert.
782 2876 824 2936 11,
842 2889 915 2938 qums·

139 2949 192 2983 nnc.
221 2970 227 2982 .
