1934 3284
103 176 148 224 ete
232 183 340 222 secunus
353 178 765 231 sucurnu,onesr.cx‚mr.1v.

393 345 551 420 bauconus
567 367 603 418 rv.

196 495 282 540 lltritm
290 507 357 539 omne
365 492 515 538 menducIum
525 491 558 538 eit
566 496 689 549 peccatum
698 497 807 541 mortale.

134 624 167 675 bl
183 624 286 686 quartum
300 620 334 671 sic
350 618 479 684 proceditur
488 618 533 684 (1).
550 617 644 670 Videtur
655 621 714 684 qubd
728 634 794 672 omne
806 624 900 675 menda-

103 695 164 746 cium
173 695 204 745 sit
216 696 334 759 peccatum
344 691 445 741 mortale.
459 689 545 740 Dicitur
557 691 618 742 cutm
630 691 724 742 Peulm.
742 693 778 741 bl:
790 711 804 740 u
816 695 901 748 Perdes

104 766 234 830 omnesqui
253 766 375 828 loquuntur
386 762 544 826 monlacIum3
565 779 578 809 n
593 767 616 813 ct
629 763 700 827 Sap„
716 766 725 814 I
743 780 750 814 :
767 765 823 816 «οε
839 769 902 830 qnod

104 837 225 898 mentitur,
239 835 323 887 occilit
335 834 441 885 animam.
453 849 468 881 n
481 833 526 884 Sed
540 834 636 898 perditio
651 837 674 883 et
687 847 747 885 mors
759 835 840 888 anima
854 851 902 889 uon

105 912 141 960 ost
149 907 194 958 ulei
206 908 372 972 perpeccatum
382 904 486 955 mortale.
497 905 554 968 Ergo
567 917 633 955 omne
647 903 787 956 mendacium
797 911 832 958 εει
844 919 901 972 pec-

106 983 180 1030 catum
194 978 297 1030 mortale.

137 1056 162 1102 a.
177 1052 298 1111 Proteum,
308 1061 374 1100 omne
386 1049 446 1112 quod
457 1051 493 1098 est
508 1051 586 1098 contra
598 1051 737 1112 preceptum
748 1049 858 1114 decalogi,
866 1057 905 1103 εει

95 1126 222 1188 ¹peccatum
234 1121 337 1171 mortale.
351 1119 397 1169 Sed
409 1119 552 1170 mendacium
564 1123 600 1170 est
612 1123 691 1169 contra
702 1121 745 1169 buc
760 1125 903 1186 preceptum

106 1194 208 1258 decalogi
219 1209 225 1242 :
238 1211 253 1241 u
261 1194 312 1244 Non
324 1192 407 1242 laisum
417 1191 571 1242 testimouium
579 1191 651 1242 dices.
662 1207 675 1238 n
686 1191 744 1256 Ergo
756 1205 822 1244 omno
837 1208 904 1246 men-

106 1266 194 1318 dacium
205 1268 242 1316 cst
254 1268 371 1329 peccatum
381 1265 487 1314 morale.

139 1342 161 1386 a.
184 1338 311 1397 Proterca,
330 1335 469 1399 Augustinus
484 1334 541 1386 dicit
557 1334 604 1383 inl
620 1337 655 1384 De
672 1334 791 1385 doctrina
811 1335 902 1388 clnu'et.

109 1410 179 1474 (cap.
198 1412 244 1470 36)
262 1425 268 1458 :
285 1410 379 1459 «Nemo
390 1408 518 1471 mentiens,
532 1407 594 1458 inco
605 1408 664 1471 quod
685 1407 808 1468 mentitur,
826 1415 905 1462 servat

106 1481 189 1543 idcm3
199 1494 250 1530 uam
265 1481 309 1530 boc
322 1479 400 1542 nilque
411 1480 460 1529 uult
468 1484 494 1529 ut
503 1480 540 1529 cui
551 1478 667 1540 mentitur,
676 1477 744 1529 idem
757 1479 800 1529 sibi
808 1481 903 1545 babent,

107 1566 173 1615 quam
186 1555 261 1601 tamen
273 1552 294 1602 ei
309 1550 438 1601 mentiendo
449 1564 496 1601 uon
510 1554 599 1612 seruat3
610 1550 683 1599 omnis
695 1552 769 1601 autem
787 1551 841 1602 fidei
854 1553 907 1603 vio-

106 1623 163 1674 lator
173 1623 264 1686 iniquus
279 1627 323 1674 est.
333 1639 347 1670 n
364 1622 444 1672 Nullus
453 1625 530 1672 autem
543 1621 626 1672 dicitur
634 1621 686 1672 iidei
699 1621 796 1672 violator
809 1625 847 1674 uel
860 1624 907 1674 iui-

108 1709 166 1759 quus
176 1698 269 1759 propter
282 1696 400 1757 peceatum
414 1692 511 1744 veniale.
528 1694 588 1757 Ergo
601 1693 686 1743 nullum
705 1694 847 1746 mendacium
869 1702 907 1748 εει

107 1769 226 1830 peccatum
242 1765 340 1816 veniale.
684 1775 687 1780 ·

141 1841 164 1887 l.
178 1839 305 1898 proterea,
320 1849 408 1887 merces
422 1841 506 1888 aterna
522 1850 569 1888 uon
584 1837 686 1902 perditur
699 1836 742 1888 εἰεί
753 1851 794 1902 pro
810 1843 907 1902 peccam

109 1908 207 1958 mortali.
228 1909 272 1959 Sed
285 1921 326 1972 pm
346 1908 462 1958 mendacio
478 1908 581 1972 perditur
594 1921 679 1958 merces
692 1911 789 1971 aeterua,
805 1921 908 1962 commu-

111 1982 158 2030 tata
171 1980 195 2030 iu
206 1981 367 2044 temporalem
377 1979 432 2030 dicit
442 1979 503 2030 enim
520 1979 640 2043 Gregorius
655 1980 706 2044 (tib.
719 1981 790 2030 xvttt
800 1983 904 2041 Morol„

110 2067 161 2116 cup.
182 2053 226 2116 a),
248 2051 307 2116 qubd
322 2070 336 2099 «
354 2053 378 2102 iu
395 2053 575 2102 remuneratione
597 2051 741 2102 obstetricum
763 2056 908 2118 cognoscitur

110 2124 164 2188 quia
171 2124 282 2175 mendacii
292 2125 358 2188 culpo
365 2128 492 2187 mereatur3
503 2137 554 2173 unm
562 2123 709 2185 benignitatis
720 2137 796 2174 earum
809 2139 905 2192 merces,

110 2211 160 2260 qun
172 2196 208 2248 eis
221 2196 296 2261 putuit
307 2196 332 2246 iu
342 2200 425 2247 amma
436 2195 483 2244 uita
496 2194 596 2257 retribui,
609 2207 650 2257 pro
662 2195 759 2245 admissa
770 2196 836 2260 culpa
844 2211 907 2248 meu·

111 2268 171 2321 dacii
182 2269 207 2319 in
221 2272 332 2320 terrenam
344 2271 380 2318 est
390 2266 594 2317 remunerationem
605 2266 725 2317 declinata.
738 2284 751 2315 n
766 2269 824 2331 Ergo
839 2271 907 2320 etiam

111 2340 254 2392 mendacium
265 2339 394 2392 oiticiosum
409 2338 489 2402 (quate
505 2337 549 2387 init
562 2337 733 2402 obstetricum),
745 2340 805 2402 quod
817 2339 908 2390 videtur

111 2425 159 2462 eme
173 2411 324 2473 levissimum,
337 2413 373 2461 est
385 2413 505 2474 peccatum
518 2410 622 2460 mortale.

143 2485 291 2547 5.Proterea,
302 2482 441 2546 Augustinus
450 2481 505 2531 dicit
516 2482 540 2532 iu
548 2482 588 2533 lib.
597 2483 633 2532 De
643 2481 773 2533 mendacio
784 2485 843 2548 (cap.
855 2483 908 2548 17),

112 2554 171 2616 qubd
186 2571 200 2602 «
217 2555 365 2619 perfectumm
383 2556 521 2618 preceptum
541 2558 576 2605 εει
594 2555 686 2605 omniuo
705 2568 751 2605 nou
768 2549 842 2605 solium
862 2557 909 2607 nou

145 2718 176 2781 (1)
191 2725 224 2767 Dc
243 2723 279 2768 bis
296 2725 366 2770 ctiam
380 2724 449 2780 eupri
460 2756 466 2780 ,
478 2737 518 2780 qu.
536 2723 582 2780 69,
596 2729 640 2770 ort.
658 2724 669 2769 1
684 2728 708 2770 et
725 2724 755 2781 Ξ,
771 2729 795 2769 ct
809 2737 849 2782 qn.
868 2721 909 2783 to,

114 2790 158 2830 nrt.
169 2783 198 2837 1;
215 2791 238 2829 ει
248 2787 290 2842 III,
301 2786 379 2836 Seni„
392 2787 446 2833 ἀίει.
456 2785 496 2846 38,
511 2799 551 2842 qu.
564 2785 586 2844 1,
600 2793 644 2832 art.
658 2786 686 2842 l;
702 2793 728 2831 ut
742 2792 765 2832 ct
776 2789 819 2846 IV,
829 2787 910 2837 Seni„

113 2847 167 2891 (lim.
187 2845 230 2907 ta,
248 2860 287 2904 qu.
302 2847 330 2905 l,
351 2855 395 2894 art.
413 2848 440 2908 1,
455 2849 591 2907 questiunc.
611 2849 639 2905 33
655 2855 679 2896 et
693 2849 819 2908 Quodlil„
839 2851 908 2909 VIII,

115 2914 158 2957 ert.
170 2909 213 2963 Its
229 2915 253 2955 et
267 2910 392 2974 Quodlil„
402 2913 435 2958 tx
446 2945 453 2973 ,
465 2918 510 2958 ert.
521 2909 560 2960 15.
