1934 3284
378 223 409 260 us
423 221 551 262 vmrrrrra.
818 213 864 260 εει

62 295 241 362 diminutum
250 296 335 362 quautd
347 297 409 349 euim
420 299 502 363 aliquis
511 299 563 364 plus
577 298 630 350 dicit
641 311 736 364 uerum,
746 298 809 350 tantd
820 313 867 352 me·

62 368 108 419 lius
128 373 172 419 cst.
187 371 248 434 Ergo
256 370 341 421 ueritas
353 384 399 421 nou
410 374 446 422 est
457 372 540 423 virtus.

92 442 141 492 Sed
154 445 233 492 contra
250 446 299 503 εει,
319 443 379 510 qudd
395 443 548 512 Philosophus
565 445 623 495 iuli
643 447 666 495 ει
681 442 705 494 in
721 443 751 494 ιιι
769 445 866 506 Ειιιε.,

62 513 130 577 pouit
146 515 283 564 ceritatem
295 515 357 566 iuter
368 519 462 567 ceteras
476 516 580 567 uirtutes.

95 586 260 650 (commosse.
270 616 302 626 -
312 587 369 638 curu
379 602 460 639 rerum
473 589 549 640 dicere
563 588 593 640 sit
605 591 668 639 ectus
681 588 770 650 bouus,
785 589 869 652 ueritas

63 670 107 720 uua
125 657 178 721 rpris
186 671 268 708 verum
281 659 336 709 dicit
345 659 475 711 necessarid
491 661 624 725 estuirtus3
640 663 770 712 nouantem
785 661 869 713 veritas

63 728 136 794 tque
147 728 308 780 denominatur
320 731 436 796 quidpiam
451 732 560 798 uerum.)

94 801 236 864 despondeo
246 799 377 866 dicendum,
387 801 448 868 qudd
457 805 554 853 veritos
565 802 684 868 dupliciter
697 802 770 868 accipi
781 807 867 868 podest.

65 873 114 923 llno
133 872 202 924 modo
215 873 340 924 secuuddm
353 875 413 938 qudd
426 876 522 926 veritate
534 876 618 940 aliquid
633 873 715 926 dicitur
728 890 817 926 oerum
828 879 868 927 :et
910 869 913 875 ’

65 945 97 995 sic
108 945 196 995 ueritas
209 957 257 995 uon
268 949 303 996 est
314 945 395 1010 virtus,
409 948 449 998 sed
462 947 578 1012 objectum
594 950 629 998 uel
643 947 695 998 linis
713 947 817 1011 uirtutis3
833 947 868 998 sic

65 1019 127 1066 cuim
145 1020 240 1081 aooepta
257 1016 344 1067 ueritas
356 1031 404 1070 nou
416 1022 452 1069 est
463 1019 619 1084 traditus,·qui
631 1022 667 1071 est
679 1031 752 1083 genus
766 1019 866 1084 uirtutis,

65 1091 102 1140 sed
114 1089 236 1153 aequalitas
248 1090 352 1152 quedam
369 1090 498 1142 intellectus
511 1091 549 1141 vel
560 1091 620 1155 signi
634 1091 662 1142 ad
675 1103 723 1142 rem
733 1090 869 1142 intellectam

64 1166 87 1212 et
96 1161 225 1225 signatam,
238 1161 277 1212 rel
289 1161 358 1212 etiam
371 1162 407 1213 rei
421 1163 449 1213 ad
461 1177 524 1214 suam
536 1165 650 1227 regulam,
661 1167 686 1213 ut
699 1163 722 1213 iu
735 1163 754 1214 1.
765 1162 869 1214 habitum

64 1238 98 1284 est
113 1233 164 1299 (qu.
175 1237 217 1294 16,
231 1237 275 1284 art.
289 1233 324 1297 1).
339 1234 389 1286 llio
398 1235 465 1286 modo
478 1238 556 1300 potest
572 1234 615 1286 dici
627 1237 722 1286 veritos
734 1247 778 1300 qua
788 1235 870 1300 aliquis

64 1318 143 1356 rerum
155 1305 221 1366 dicit,
231 1304 357 1356 secunddm
370 1305 432 1370 qudd
442 1320 484 1371 per
493 1319 543 1358 eam
555 1306 637 1372 aliquis
650 1305 732 1358 dicitur
741 1321 827 1358 oerore.
839 1307 870 1358 lit

65 1377 115 1430 talis
131 1379 220 1430 veritas
234 1377 284 1428 sire
299 1379 410 1430 veracitas
432 1393 527 1431 necesse
546 1383 581 1431 est
594 1379 653 1442 qudd
672 1381 702 1430 sit
716 1379 804 1442 uirtus,
817 1379 871 1443 quia

65 1450 107 1501 troc
124 1451 204 1515 ipsum
223 1450 285 1518 quod
302 1454 338 1502 est
361 1451 436 1502 dicere
458 1466 538 1502 uerum
558 1455 594 1502 est
614 1451 688 1503 bouus
708 1455 783 1518 actus,
798 1451 871 1504 virtus

65 1527 142 1574 autem
155 1525 194 1574 est
208 1535 260 1586 que
274 1522 383 1574 ubonum
400 1523 455 1575 fucit
475 1525 595 1576 habentem
609 1525 633 1575 et
646 1537 704 1590 opus
723 1527 774 1588 ejus
786 1524 871 1578 bouum

66 1595 146 1645 reddit.
164 1613 180 1643 ε

95 1667 128 1717 ιι
144 1666 244 1732 pn'mum
262 1679 316 1731 ergo
331 1664 464 1731 dicendum,
479 1666 540 1732 qudd
553 1667 610 1719 ratio
624 1667 663 1718 illa
676 1667 778 1732 procedit
788 1667 816 1719 de
830 1681 871 1718 εε-

69 1737 130 1790 tute
144 1738 221 1804 primo
234 1738 302 1789 modo
313 1736 381 1788 dicta.

95 1813 130 1862 Ad
147 1811 277 1862 secuudum
294 1809 429 1873 dicendum,
444 1807 506 1873 qudd
526 1809 629 1862 confiteri
648 1808 671 1860 id
684 1811 745 1876 quod
758 1811 795 1861 εει
812 1809 872 1862 circa

69 1884 176 1948 capsum,
188 1882 214 1932 in
222 1883 335 1947 quantum
344 1886 379 1932 est
392 1881 506 1933 consessio
516 1882 578 1946 ueri,
592 1885 629 1932 εει
636 1882 721 1932 bonum
734 1896 763 1933 ex
776 1895 869 1946 genere3

69 1956 106 2005 sed
120 1957 168 2006 hoc
186 1967 234 2005 nou
252 1952 337 2004 suiflcit
353 1953 381 2003 ad
397 1953 441 2004 hoc
456 1951 518 2016 qudd
535 1956 565 2004 sit
584 1952 674 2004 virtutis
687 1955 763 2016 actus,
781 1955 822 2004 sed
843 1954 872 2004 ad

2 2009 7 2033 ¹
70 2027 109 2077 loc
120 2025 248 2091 requiritur
265 2023 326 2088 qudd
342 2023 437 2075 ulterius
454 2023 536 2076 debitis
552 2024 730 2074 circumstantiis
750 2025 871 2088 vestiatur;

70 2113 117 2162 quae
133 2100 215 2150 sinon
232 2099 390 2160 observentur,
399 2096 443 2158 erit
454 2100 518 2148 actus
528 2097 630 2148 uitiosus.
644 2096 673 2146 Ει
682 2095 807 2146 secuuddm
818 2097 871 2158 hoo,

69 2170 176 2221 uitiosum
197 2174 234 2220 est
252 2168 312 2232 qudd
330 2167 413 2232 aliquis
426 2167 476 2218 siue
496 2168 570 2220 debita
584 2180 651 2218 causa
670 2166 746 2217 laudet
762 2167 871 2231 seipsum,

70 2241 137 2292 etiam
147 2243 176 2292 de
187 2253 259 2306 uero;
268 2239 376 2291 uitiosum
386 2242 422 2290 est
433 2239 503 2289 etiam
512 2238 572 2303 qudd
586 2237 669 2302 aliquis
678 2239 795 2302 peccatum
806 2251 873 2288 suum

71 2313 184 2378 publicet,
195 2313 263 2376 quasi
277 2325 302 2362 se
318 2312 347 2361 de
362 2311 406 2362 lroc
418 2311 538 2376 laudando,
552 2311 588 2362 vel
602 2309 794 2374 qualitercumque
805 2309 873 2360 inuti·

69 2383 120 2449 litpr
131 2383 311 2436 manifestando.

3 2448 11 2487 ²
100 2456 238 2507 ldtcrtium
249 2453 381 2516 dicendum,
395 2453 457 2519 qudd
469 2453 507 2504 ille
521 2453 559 2517 qui
571 2453 627 2504 dicit
636 2465 724 2516 uerum,
734 2451 819 2518 prolort
832 2451 875 2503 ali·

72 2540 113 2591 qua
131 2528 200 2592 signa
208 2525 336 2578 conformia
343 2527 421 2586 rebus,
431 2525 517 2576 scilicet
529 2525 567 2575 εει
581 2525 660 2588 verba,
673 2525 710 2576 εει
724 2523 800 2587 aliqua
815 2523 875 2574 lacta

73 2600 197 2664 mteriora,
210 2604 251 2650 aut
267 2611 422 2662 quascumque
442 2612 480 2649 res
505 2596 637 2648 exteriores
658 2597 724 2647 Circa
743 2595 877 2659 lruJusmodi

73 2676 146 2724 autem
159 2685 198 2724 res
212 2675 267 2723 sunt
282 2671 336 2722 eolae
347 2670 445 2722 uirtutes
454 2671 559 2732 morales,
570 2670 665 2733 adquae
677 2668 763 2718 scilicet
777 2667 877 2750 pertinet

5 2784 10 2804 ,
73 2757 125 2808 usus
139 2744 282 2796 exteriorum
293 2743 456 2808 membrorum,
466 2741 592 2793 secuudum
601 2739 661 2804 qudd
670 2741 695 2791 iit
705 2753 747 2804 per
756 2739 877 2822 imperium

73 2817 203 2867 uoluntatis.
218 2817 283 2867 Unde
297 2816 394 2872 veritur
406 2827 453 2874 uon
466 2817 502 2866 est
515 2813 589 2864 virtus
603 2811 744 2876 theologica,
754 2825 828 2877 neque
842 2811 877 2860 iu·

74 2887 215 2954 telectualis,
225 2888 266 2940 sed
277 2887 380 2938 moralis
389 2884 431 2938 list
440 2884 534 2937 εειεει
528 2898 551 2935 ιε
561 2885 637 2936 medio
647 2883 705 2934 iuter
713 2883 875 2949 superfluum

75 2961 294 3019 etdiminutom,
312 2958 452 3026 dupliciter:
465 2970 512 3010 uno
528 2956 619 3023 quidem
632 2957 700 3008 ruodo
713 2969 742 3008 ex
755 2957 820 3020 parte
834 2951 876 3002 oh-

182 3074 211 3115 t·
738 3058 768 3105 ιιι
