1934 3284
122 159 172 224 tn
232 181 342 224 aarum
356 179 481 231 sumnus,
499 179 592 227 ounsr.
609 181 688 229 oum,
706 181 766 219 mr.
781 181 818 220 m.

122 262 194 314 doru
211 273 258 312 nou
277 259 346 310 uitet
365 259 471 324 superlia
483 257 545 322 qndd
566 257 595 308 sit
614 258 742 307 maximnm
763 260 917 322 peecatorum

121 335 175 399 quia
188 332 299 384 celsitudo
317 345 386 396 qnam
399 331 513 396 mperbus
534 329 661 382 irordmte
677 332 785 394 appetit,
803 331 918 381 mmndin

123 417 187 456 nrum
200 403 310 454 radonem
328 417 375 454 nou
386 403 454 453 habet
467 401 588 452 maximam
604 403 783 465 repugnantiam
803 403 834 452 ad
846 403 919 452 bonnm

121 474 223 526 mitads.
231 475 276 526 sod
291 488 321 526 ex
331 473 531 539 maiomenis
539 472 644 537 superma
656 474 727 524 hebet
738 475 865 524 maximam
880 487 920 538 gru·

121 547 215 598 mutem
224 562 231 596 :
239 546 293 610 qnia
300 547 325 597 in
335 546 387 596 eliis
396 544 495 609 ponnus
503 545 572 595 homo
579 543 593 594 i
600 545 649 594 Deo
660 545 784 607 auertitur,
793 546 834 595 uel
842 549 920 610 proptu

121 616 287 682 ignonntum,
297 617 335 668 uel
345 621 435 681 propter
444 615 611 678 infirmitatem,
623 615 673 666 siue
683 622 782 680 propter
792 617 920 668 desiderium

123 689 285 754 unionumque
299 690 394 741 alterius
404 689 472 749 looni3
487 689 527 740 sed
545 688 649 752 snperbia
665 689 735 739 habet
752 690 898 740 aversionem
912 688 922 736 i

125 761 173 812 Deo
181 774 210 813 eu
221 763 265 812 doe
274 761 324 826 ipso
333 760 394 826 qoud
404 773 450 810 uon
459 761 508 810 vult
519 761 565 811 llm
572 765 596 810 et
606 761 656 824 ejus
663 761 750 824 regule
762 761 860 824 subjici.
871 761 922 811 Uuds

124 833 217 884 beelim
230 832 285 883 dicit
295 831 355 897 qudd
369 831 445 882 esim
459 830 537 882 omniu
549 831 605 881 vitia
619 830 706 894 lupiani
719 831 733 881 a
749 833 814 895 lieo,
832 833 880 883 sola
892 846 922 881 so·

123 903 203 968 peruia
213 918 239 955 so
254 904 301 954 lieo
309 904 439 968 opponit3u
449 906 542 967 propter
552 903 612 966 quod
624 903 693 953 etiam
704 903 844 967 specialiter
854 905 924 954 dicitu

124 975 219 1032 luced„
229 976 274 1040 ill,
291 975 352 1037 qnod
366 994 381 1024 u
393 975 454 1025 dens
465 975 570 1038 superbis
583 975 674 1026 resistit.
690 991 704 1022 u
716 976 746 1024 Et
763 976 822 1027 ideo
837 975 924 1026 avortii

125 1049 173 1100 lieo
187 1052 211 1100 et
221 1048 273 1112 ejus
281 1048 400 1112 preceptis
404 1086 413 1112 ,
422 1051 483 1114 qnod
496 1052 530 1100 eet
542 1047 608 1111 qnasi
618 1060 762 1110 consequens
775 1048 804 1097 in
819 1049 923 1116 aliispee·

126 1119 195 1181 ratis,
208 1131 249 1182 per
261 1131 286 1168 se
302 1119 331 1169 ad
340 1121 470 1184 snperbiam
483 1119 597 1185 pertinet,
612 1119 677 1183 enjus
688 1122 754 1168 actus
764 1123 804 1170 est
824 1121 867 1171 liei
881 1134 925 1170 oon

125 1194 238 1255 templus.
250 1191 279 1242 lit
291 1191 343 1256 quia
354 1191 377 1241 id
386 1193 447 1256 quod
460 1196 495 1243 est
508 1204 583 1256 perse
594 1203 684 1254 semper
695 1190 773 1253 potins
785 1195 828 1241 est
839 1205 868 1242 eo
879 1191 926 1255 quoi

125 1266 161 1313 eet
178 1276 219 1327 per
232 1263 305 1325 aiud,
317 1277 460 1328 consequens
474 1268 510 1314 est
526 1262 586 1326 qnod
604 1261 708 1326 superbia
723 1261 757 1311 sit
768 1263 926 1324 grauissimum

125 1339 270 1399 peccatorum
286 1334 410 1386 secuudum
425 1346 492 1386 suum
505 1347 589 1399 qenns3
599 1333 651 1398 qnia
661 1332 755 1383 excedit
769 1333 796 1383 in
814 1336 925 1386 aversione

125 1419 177 1470 qne
188 1407 313 1458 formaliter
326 1408 425 1472 complet
436 1410 563 1470 peecatum.
587 1431 588 1436 κ

157 1479 190 1528 id
203 1478 301 1541 primum
315 1493 370 1542 erqo
380 1478 512 1540 dicendum,
523 1477 584 1544 quid
598 1477 688 1541 aliquod
702 1480 833 1540 peecatum
845 1477 925 1531 difficili

125 1552 220 1598 canetur
237 1549 365 1613 dupliciter.
377 1552 426 1601 llno
441 1550 509 1600 modo
521 1552 613 1613 propter
623 1547 795 1599 vehementiam
810 1550 926 1616 impugna·

77 1665 80 1676 ,
123 1618 699 1686 tionis3sicutirauehementerimpuqnatpropter
712 1633 781 1670 sunm
798 1622 926 1688 impetum:

125 1694 149 1740 et
161 1691 235 1740 adhuc
251 1691 366 1743 difficilius
383 1697 418 1744 est
434 1693 542 1744 resistere
557 1690 746 1756 concupiscentie
767 1699 872 1758 propter
885 1695 926 1758 ejus

124 1763 352 1824 connaturalitatem
364 1770 389 1816 ut
403 1765 484 1816 dicitnr
495 1765 519 1816 in
529 1766 559 1815 ll.
575 1764 656 1815 delto.
673 1765 739 1827 (cap.
759 1767 785 1825 2,
800 1767 843 1816 vel
859 1765 927 1830 elidi

124 1832 179 1884 tulis
191 1833 314 1886 diurnus
323 1836 410 1887 vitandi
420 1840 550 1901 peecatum,
559 1834 695 1899 grauitatem
705 1833 797 1897 peceati
811 1836 925 1896 diminnil;

126 1905 180 1970 quia
194 1921 209 1954 u
224 1907 309 1970 quanto
326 1908 407 1972 aliquis
419 1907 513 1958 minoris
527 1906 660 1957 tentationis
671 1905 760 1970 impetu
771 1907 858 1967 uadit,
875 1906 926 1956 tanti

127 1975 221 2042 gravido
232 1983 326 2044 pemat3
340 1996 354 2027 u
369 1983 396 2030 ut
409 1978 547 2043 Augustinus
558 1978 621 2028 dicit.
634 1977 683 2028 llio
697 1979 765 2027 modo
783 1978 888 2030 difficile
900 1982 926 2030 ut

125 2047 200 2098 uitare
215 2048 307 2112 aliquod
319 2055 437 2114 peecatum
449 2053 542 2114 propter
554 2050 605 2113 ejus
618 2047 751 2098 latentiam:
768 2051 792 2098 et
807 2051 855 2099 lion
870 2050 925 2099 modo

127 2118 257 2184 snperbiam
267 2118 359 2172 dificile
372 2125 406 2172 est
421 2121 509 2178 uitare3
522 2120 575 2184 qnia
589 2119 658 2170 otiam
672 2131 700 2169 ex
715 2118 771 2182 ipsis
780 2119 855 2170 bonis
871 2133 926 2171 orca·

126 2191 214 2242 sionem
221 2192 302 2256 sumit,
310 2197 337 2242 nt
346 2193 431 2244 dictum
440 2197 484 2244 est.
494 2193 522 2244 lit
532 2193 584 2243 ideo
593 2193 708 2252 signanter
719 2193 868 2255 Augustinus
879 2191 925 2243 diod

122 2261 187 2326 quud
201 2263 290 2314 utonis
308 2264 415 2328 operibus
427 2264 556 2315 insidiatur.
567 2279 590 2310 u
602 2264 632 2312 dt
649 2261 673 2312 iu
686 2262 782 2312 usuum.
800 2264 881 2314 cxii.
898 2262 925 2312 di·

127 2333 200 2383 citur:
213 2350 227 2379 n
236 2335 261 2385 ln
275 2333 313 2385 ria
326 2337 369 2386 hac
381 2348 426 2400 qua
437 2335 577 2385 smniabam
587 2373 593 2395 ,
603 2334 771 2385 absconderunt
787 2335 885 2400 superbi
900 2334 926 2381 la

125 2415 210 2466 querum
223 2404 288 2454 milri.
300 2418 316 2453 s
330 2405 360 2455 lit
368 2405 424 2456 ideo
432 2410 508 2456 motus
521 2405 632 2468 superbie
644 2401 731 2456 occulti
746 2405 876 2470 subrepens
886 2416 925 2454 uon

126 2474 196 2525 lubet
215 2473 337 2525 maximum
354 2477 488 2540 pardalem
508 2480 629 2538 autequam
646 2475 816 2540 perjudicium
838 2474 924 2526 rationis

126 2545 324 2606 deprehendetur:
334 2549 373 2598 sed
382 2551 503 2611 postqum
515 2548 669 2611 deprehensus
678 2545 746 2597 fuerit
755 2561 798 2612 per
807 2549 922 2604 rationem,

124 2615 183 2663 tune
194 2615 260 2667 urite
274 2619 393 2668 evitatur:
409 2618 466 2668 uun
480 2625 510 2668 ox
523 2619 703 2669 comederatione
722 2619 824 2683 propriae
836 2617 922 2670 infirmi

34 2711 39 2718 '
126 2683 194 2758 ‘35⁸3
208 2686 334 2741 “wilm
350 2688 405 2740 illud
426 2690 530 2751 Meis
548 2690 569 2742 Χ
585 2706 591 2739 1
611 2707 625 2738 «
638 2690 695 2750 Quid
710 2691 816 2756 superbit
836 2697 892 2742 leura
904 2691 921 2738 el

29 2776 30 2803 ³
127 2752 230 2801 ‘iiiiii
250 2757 308 2813 Tum
320 2761 390 2812 etium
404 2773 432 2813 ex
446 2759 627 2813 consideratione
642 2763 808 2826 magnitudinis
829 2764 918 2822 deine,

125 2821 249 2873 emendum
260 2825 317 2880 illud
335 2831 392 2892 Joo,
408 2833 464 2882 llll:
477 2848 491 2882 e
504 2833 564 2892 Quid
575 2835 648 2884 tumet
660 2838 740 2887 contra
753 2836 828 2886 mum
838 2833 920 2900 spiritu

126 2890 194 2939 tnusi
206 2908 220 2939 u
230 2894 288 2945 Tum
298 2900 369 2951 etiam
383 2914 413 2951 ex
422 2901 594 2966 imperfectione
603 2904 716 2959 deuotum
726 2907 756 2958 de
765 2907 850 2971 quun
858 2908 917 2956 iuno
