1934 3284
187 181 217 218 ne
231 179 379 220 amnuens
390 179 517 218 emoto!
532 179 669 220 ramnum
779 169 825 216 tlt

37 269 95 307 nosse
107 260 132 308 et
142 257 166 307 in
180 260 293 321 potestate
306 257 400 308 baberet
409 256 469 308 nelle
482 269 527 306 non
540 256 669 308 consentire
682 255 797 307 suadenti.
810 271 825 304 u

55 330 89 378 nd
106 328 197 378 tertium
212 330 346 389 dicendum,
357 328 419 391 qubd
428 329 568 392 impugnatio
578 329 614 378 eui
623 341 674 378 cum
689 327 825 378 nltieuttate

37 401 138 450 esistitnr
151 401 247 464 pmnabs
259 405 303 452 est.
322 401 366 451 Sed
382 403 449 452 bomo
462 401 487 450 in
503 404 563 450 statu
580 400 718 451 innocentie
734 403 825 464 poterat

39 474 111 536 bsque
131 473 193 523 ornni
212 473 344 523 dificultate
360 473 482 523 tentationi
500 472 606 523 resistere
626 475 668 522 :et
683 471 735 522 ideo
751 470 827 535 impu·

35 544 105 604 patio
118 542 240 596 tentatmis
252 544 275 595 ei
288 545 383 609 penalis
398 558 443 596 nen
455 543 507 594 luit.

327 723 484 775 inmenens
502 723 530 775 rr.
632 779 636 786 .

46 847 136 893 Utrum
142 847 222 903 suerit
234 848 373 892 conueniens
382 848 466 893 medus
475 851 498 891 et
508 847 565 892 ordo
572 818 654 904 prim
669 847 813 894 tentationis.

58 975 93 1024 nd
107 975 232 1026 secundm
243 975 277 1024 sio
285 975 428 1039 proceditur.
433 975 526 1025 Videtur
538 973 598 1038 qubd
608 987 653 1024 nou
666 973 732 1024 inerit
740 987 829 1024 eonve-

35 1047 94 1096 niens
107 1046 188 1096 modus
201 1051 225 1096 et
238 1047 293 1096 ordo
304 1046 382 1110 primae
398 1045 540 1097 tentationis.
553 1045 684 1095 sicutenim
696 1045 774 1095 ordine
789 1058 830 1096 na-

33 1131 83 1167 urae
102 1116 197 1179 angelus
210 1120 259 1166 erat
272 1117 374 1181 superior
390 1118 497 1179 bomine,
511 1117 543 1167 ita
558 1121 581 1167 et
594 1117 629 1166 uir
643 1120 691 1166 erat
708 1116 828 1181 perlaetior

33 1190 133 1238 muliere.
147 1189 192 1239 Sed
203 1194 322 1252 peceatum
336 1189 441 1252 pervenit
450 1189 479 1238 ab
497 1189 577 1251 angelo
590 1189 617 1238 ad
629 1188 752 1238 bominem.
768 1189 827 1251 Ergo

33 1262 77 1322 pari
92 1260 179 1312 ratione
197 1261 276 1312 debuit
287 1260 430 1324 perveniret
445 1262 495 1311 niro
516 1260 540 1310 in
554 1260 671 1312 mulierem
683 1279 690 1319 ς
701 1264 727 1310 ut
740 1259 826 1310 seilicet

32 1334 111 1382 mulier
122 1345 164 1396 per
172 1333 246 1382 virum
258 1335 399 1393 tentaretur,
416 1336 439 1382 et
452 1345 498 1382 nnn
512 1345 525 1382 e
537 1345 655 1382 subverse.

58 1408 82 1453 2.
101 1406 229 1462 Praeterea,
244 1403 341 1456 tentatio
357 1403 478 1467 primorum
495 1407 614 1467 parentum
625 1402 668 1452 luit
680 1416 721 1466 par
737 1415 832 1465 sugges·

32 1474 126 1524 tionem.
143 1475 220 1524 Potest
230 1480 306 1524 autern
320 1475 423 1525 diabolus
435 1474 506 1525 etiam
519 1487 639 1537 suggerere
649 1475 735 1524 bomini
745 1475 831 1536 absque

32 1546 105 1609 aliqua
120 1545 229 1596 exteriori
246 1546 349 1596 sensibili
367 1551 477 1596 creatura.
493 1545 551 1596 Cim
570 1559 623 1608 ergo
642 1545 708 1609 primi
726 1551 831 1609 parentes

31 1621 107 1667 essent
125 1616 238 1679 spirituali
253 1622 329 1668 mente
342 1618 446 1682 prediti,
463 1617 538 1668 niune
550 1617 694 1668 sensibilibus
712 1617 778 1680 quani
796 1617 832 1666 in·

31 1688 189 1750 telligibilibus
208 1688 355 1750 inber-entes,
378 1689 552 1740 convenientius
571 1690 653 1740 luisset
676 1689 736 1752 qubd
757 1687 830 1740 solium

31 1758 144 1822 spirituali
157 1759 281 1810 tentatione
295 1762 362 1810 bomo
376 1764 511 1822 uniantur,
527 1760 592 1826 quim
606 1761 722 1812 exteriori.

63 1838 86 1882 3.
105 1833 286 1892 Preterea‚non
297 1836 374 1895 potest
384 1833 546 1883 conuenienter
556 1831 638 1895 aliquis
653 1833 736 1881 malurn
751 1844 834 1894 sugge-

31 1918 96 1966 rere,
108 1902 153 1952 nisi
166 1917 207 1967 per
215 1903 303 1967 abquod
319 1917 431 1968 apparens
439 1905 532 1954 bonnm.
542 1903 586 1953 Sed
594 1904 663 1952 multa
672 1903 714 1952 alia
723 1901 831 1952 animalia

31 1977 119 2026 babent
137 1974 246 2037 majorem
263 1975 417 2038 apparentiam
436 1975 489 2026 boni
506 1973 574 2038 qnam
593 1987 696 2037 serpens.
712 1975 763 2024 Non
779 1985 832 2036 erge

32 2044 197 2099 convenienter
208 2050 306 2096 uelatus
318 2045 361 2095 luit
373 2047 442 2096 borno
452 2045 467 2095 a
477 2046 566 2096 diabolo
580 2059 621 2109 per
631 2049 767 2108 serpentem.

63 2124 88 2174 i.
107 2119 233 2180 Praeterea,
246 2131 340 2182 serpens
359 2122 394 2168 est
416 2117 500 2168 anirnal
521 2117 659 2167 irrationale.
677 2117 719 2167 Sed
739 2113 833 2164 animali

31 2191 182 2244 irrationabili
200 2203 247 2240 uon
259 2191 368 2254 eornpetit
385 2190 510 2254 sapientia,
523 2202 565 2240 nee
583 2189 666 2239 locutio
675 2227 682 2251 ‚
692 2201 740 2238 nee
754 2199 832 2251 poena.

32 2268 92 2328 Ergo
110 2262 297 2314 inconvenienter
308 2261 421 2312 inducitur
438 2274 534 2326 serpens
548 2274 599 2311 esse
610 2260 731 2310 «callidior
742 2256 832 2308 eunetis

32 2335 184 2397 animalibus,
198 2351 212 2382 n
225 2334 262 2384 rel
282 2351 294 2380 s
311 2333 500 2396 prudentissimus
513 2332 614 2383 omnium
631 2330 755 2382 bestiarum
771 2346 785 2377 n
799 2341 834 2379 se

33 2407 133 2460 eundbm
151 2406 218 2456 aliam
237 2405 408 2456 mandationem
428 2404 586 2469 (septuaginta
605 2404 782 2466 interpretum).
796 2401 836 2452 lu-

34 2479 200 2531 ronvenienter
215 2477 283 2529 etiam
296 2477 409 2528 inducitur
424 2476 495 2528 luisse
512 2476 600 2526 mulieri
615 2476 717 2538 loeutus,
733 2477 756 2524 et
765 2473 779 2522 a
788 2473 834 2524 beo

52 2550 140 2601 unitus.
393 2585 396 2589 -

34 2565 51 2619 p
66 2623 114 2681 sed
125 2625 203 2672 eontra
219 2626 267 2685 est,
281 2620 371 2685 onbdn
383 2620 407 2670 id
418 2621 478 2684 qued
496 2623 531 2670 est
548 2619 646 2684 primum
660 2618 684 2668 lu
699 2617 774 2681 abque
793 2629 833 2680 ge·
932 2629 933 2632 ¹

34 2719 88 2759 nere
97 2743 105 2770 ‚
122 2695 194 2752 debet
206 2707 258 2744 esse
276 2693 470 2758 proportionatum
487 2691 523 2742 bis
540 2705 590 2755 que
608 2691 632 2740 in
650 2691 729 2741 eodem
749 2699 832 2752 genere

34 2774 216 2841 consequnutnr.
233 2767 276 2818 Sed
290 2766 314 2815 in
327 2765 428 2828 quolibet
442 2777 526 2826 genere
539 2764 626 2828 peceati
644 2763 760 2814 invenitur
778 2763 833 2814 ordo
931 2767 932 2832 j

33 2853 113 2917 primae
127 2838 274 2902 nuatione
287 2837 311 2887 'm
326 2842 434 2918 quantum
445 2834 552 2886 videlieet
563 2836 670 2917 praeeedit
682 2835 706 2918 bs
719 2833 834 2917 senium.

34 2928 82 2978 tate
91 2923 157 2993 (qne
171 2929 214 2985 per
226 2912 358 2982 ormnem
368 2909 484 2974 nemine)
496 2912 584 2974 maenti
593 2912 794 2975 mneupusentra3
806 2917 833 2959 m
