1934 3284
347 204 379 244 un
395 202 550 245 ossuumrs.
803 196 850 246 net

58 287 103 338 tum
115 284 141 337 ad
151 285 195 335 loo
204 282 245 335 suh
260 280 355 337 diuersis
367 282 491 336 nautibus
506 282 648 346 continetur,
659 282 712 335 lieet
721 284 847 336 secundlrrn

59 372 83 409 se
91 354 239 417 ominata,
254 357 322 418 prout
334 354 424 419 respicit
437 355 547 406 rationem
557 356 681 420 preceptip
695 356 726 407 sit
734 370 780 408 una
789 370 844 422 spe·

59 428 117 480 cialis
135 427 212 477 virtus.
234 428 383 489 inquantum
400 439 454 491 ergo
467 426 569 491 procedit
585 439 614 477 cx
627 429 753 479 reuerentia
764 430 847 494 prela·

58 506 140 563 lorum,
154 498 281 549 continetur
295 498 459 563 quodammodo
474 497 517 549 suh
530 499 686 565 obseruantia3
698 502 723 551 iu
738 505 849 565 quantum

58 572 107 623 ucrd
120 571 218 635 procedit
227 583 256 621 ex
264 568 392 621 reverentia
401 570 452 633 liei,
461 570 504 621 sul>
511 570 617 634 religione
629 574 652 622 et
660 572 759 635 pertinet
771 574 799 623 ad
811 573 850 624 de·

58 643 172 703 sotiorum,
183 656 233 706 quae
245 644 278 694 est
288 640 419 706 principalis
431 645 495 693 actus
506 642 632 707 religionis.
646 644 709 694 liudo
722 643 850 695 secundum

58 716 109 779 hoo,
120 712 252 764 laudabilius
265 716 299 763 est
313 712 405 765 obedire
422 715 468 764 lieo
480 712 548 777 quim
566 714 701 766 sacrificium
716 716 812 779 ollerre3
827 717 853 766 et

58 786 132 845 diam,
143 785 195 849 quia
209 784 258 835 uin
271 784 381 835 sacrificio
391 779 522 836 immolatur
532 785 606 836 aliena
620 799 681 850 earo,
690 800 733 852 per
743 787 852 838 obedien·

57 858 110 908 tinru
123 860 201 908 auteur
211 856 301 921 propria
312 856 427 918 uoluntas,
440 872 454 903 u
468 860 494 907 ut
504 857 624 921 Gregorius
638 856 693 907 dicit
707 859 753 921 (ubi
760 858 850 923 sopri).
922 914 925 921 ,

56 928 184 993 Speoialiter
200 926 312 978 tamenin
328 941 383 979 casu
396 928 421 979 in
439 940 484 991 quo
503 928 636 993 loquebatur
648 930 750 992 Samuel,
768 930 849 980 melius

56 993 135 1051 dusset
146 998 208 1049 Saiili
217 999 308 1051 odedu
317 998 437 1063 lieoqudru
445 998 551 1050 animalia
560 1000 653 1065 pinguis
661 1000 852 1053 tndecuiuruu

56 1070 223 1123 usucudciunr
237 1070 317 1124 offerre
333 1074 412 1123 eontra
425 1070 465 1123 liei
480 1073 618 1123 mundatum.

86 1144 122 1195 Ad
140 1143 264 1194 seeundum
285 1141 424 1205 dicendum,
443 1143 504 1207 quod
519 1145 548 1195 ad
564 1144 718 1195 obedientiam
740 1144 855 1209 pertinent

56 1228 135 1268 omnes
153 1218 216 1266 aetus
235 1214 358 1276 uirtutum,
372 1218 440 1279 prout
454 1215 547 1266 suntin
563 1219 685 1281 precepto.
700 1218 727 1268 lu
745 1219 855 1280 quantum

56 1300 109 1351 ergo
126 1290 187 1337 aeuus
207 1286 316 1337 uirtutum
336 1288 459 1350 operantur
478 1286 599 1338 causaliter
619 1287 656 1339 uel
676 1288 811 1353 dispositive
827 1290 854 1340 ad

54 1372 133 1411 earum
151 1358 320 1423 perorationem
342 1361 365 1409 et
385 1358 598 1422 consumationem,
617 1359 642 1409 iu
666 1362 753 1410 tuntum
774 1358 857 1413 dicitur

52 1432 113 1497 qudd
128 1430 257 1481 obedientia
271 1442 352 1481 omues
364 1430 461 1483 uirtutes
471 1431 543 1482 menti
559 1431 641 1482 inserit
653 1436 677 1482 et
691 1432 799 1483 custodit.
810 1432 857 1483 Nec

52 1508 131 1556 tamen
144 1502 246 1569 sequuu
258 1502 322 1567 quid
335 1503 465 1554 obedientia
479 1504 513 1553 sit·
524 1503 657 1568 simpliciter
669 1504 774 1555 omnibus
785 1504 858 1554 virtuu

50 1579 116 1629 tibus
126 1575 195 1640 prior,
207 1579 300 1640 propter
313 1576 368 1626 duo.
380 1575 466 1639 Primo,
478 1576 531 1639 quia
545 1575 598 1627 iret
608 1580 673 1627 actus
687 1576 777 1627 uirtutis
788 1577 856 1627 cudat

51 1650 92 1700 suh
117 1651 243 1712 precepto,
259 1649 334 1711 potest
349 1651 427 1698 tanuen
445 1647 527 1711 aliquis
544 1647 639 1711 implere
655 1650 730 1698 uotum
747 1646 855 1711 ridutis,

51 1734 98 1773 nou
112 1719 234 1770 attendens
245 1718 274 1769 ud
283 1718 394 1771 rationem
403 1718 524 1784 praecepti3
535 1719 596 1769 unde
607 1718 628 1769 si
640 1718 716 1783 adque
728 1718 801 1769 uirtus
812 1719 852 1780 sit,

50 1793 121 1857 cujus
138 1790 256 1854 objectum
276 1790 314 1840 sit·
327 1790 458 1843 naturaliter
474 1790 538 1854 prius
558 1790 627 1854 quim
648 1790 855 1855 praeceptum,·illa

49 1858 127 1915 uirtus
143 1863 227 1914 dicitur
240 1862 374 1920 naturaliter
386 1862 448 1927 prior
463 1862 531 1929 quim
548 1862 689 1927 obedientia3
705 1866 733 1913 ut
745 1865 807 1927 patet
827 1863 855 1912 de

48 1937 94 1987 ide
110 1948 154 2000 per
173 1947 239 1999 quam
256 1933 322 1985 nobie
334 1934 416 1985 divine
425 1933 568 1985 authoritatis
582 1933 712 1985 sublimitas
724 1934 857 1994 innotescit,

48 2022 77 2059 eu
95 2018 144 2071 qua
156 2004 266 2070 competit
274 2004 296 2055 ei
305 2008 406 2070 potestas
420 2004 574 2071 preripiendi.
583 2004 699 2066 Secundi,
711 2004 857 2069 quiaiutusio

47 2078 131 2144 gratie
151 2080 177 2127 et
195 2077 303 2127 uirtutum
321 2080 396 2141 potest
412 2078 541 2142 precedere
559 2078 627 2127 etiam
643 2079 745 2140 tempore
763 2089 856 2127 omnem

46 2154 128 2201 aetum
146 2148 285 2199 virtuosum.
303 2150 331 2199 Et
353 2146 477 2199 secundiaco
500 2150 545 2199 lroe
565 2160 639 2211 neque
658 2151 761 2211 tempore
785 2158 859 2210 neque

47 2220 136 2273 natnrd
150 2222 186 2272 est
200 2219 328 2273 obedientia
338 2218 444 2271 omnibus
455 2218 509 2270 aliis
524 2219 646 2270 uirtutibus
655 2218 726 2283 prior.

80 2294 118 2344 ed
132 2292 229 2343 tertium
245 2292 362 2343 dicendum
374 2330 381 2353 ,
393 2290 453 2356 quod
466 2292 551 2356 duplex
562 2295 599 2343 cst
615 2290 708 2341 bonum.
726 2290 856 2352 sinodalem,

45 2369 72 2418 ad
92 2365 161 2429 quod
177 2364 303 2415 iaciendum
316 2366 384 2415 homo
396 2376 426 2413 ex
443 2364 580 2415 necessitate
595 2366 696 2427 tenetur,
711 2362 769 2413 siout
783 2376 859 2416 amare

43 2439 121 2488 lieum
132 2436 174 2487 vel
186 2432 270 2499 aliquid
284 2434 436 2501 hujusmodi.
429 2448 436 2461 ·
449 2437 473 2485 et
488 2436 532 2485 tale
547 2435 632 2485 bonum
645 2434 707 2484 nullo
717 2434 784 2485 modo
792 2435 860 2486 debet

44 2513 148 2575 propter
171 2506 321 2559 obedientiam
338 2506 486 2570 pretermitti.
500 2508 541 2557 list
553 2510 629 2557 auteur
647 2506 708 2557 aliud
722 2508 808 2557 bonnm
831 2508 860 2558 ad

42 2582 110 2647 quod
129 2582 203 2631 homo
214 2592 260 2629 nou
277 2582 368 2630 tenetm
379 2590 407 2628 en
425 2579 579 2644 necessitate:
596 2582 619 2629 et
637 2580 683 2629 tale
696 2579 781 2629 bouum
793 2579 861 2630 debet

42 2656 119 2707 homo
130 2652 374 2717 quandouuepropter
384 2639 538 2701 obedientiam
550 2651 736 2717 pretermittere,
750 2652 779 2701 ad
793 2664 862 2715 quum

41 2742 70 2778 en
91 2722 243 2777 accentuare
262 2724 330 2773 homo
343 2725 446 2783 tenetur,
461 2722 516 2786 quia
536 2735 582 2773 non
603 2723 669 2773 debet
682 2722 752 2773 homo
771 2722 861 2785 aliquod

42 2800 136 2850 bonnm
154 2796 231 2845 tacere
244 2794 333 2858 eulpam
346 2794 489 2845 incurrendo.
501 2796 529 2844 Et
539 2797 625 2854 tamen,
640 2794 700 2844 sieut
711 2794 794 2845 ibidem
808 2794 862 2844 Gre-

42 2871 130 2936 gorius
141 2868 214 2929 dicit,
228 2883 242 2917 u
256 2866 296 2930 qui
305 2866 334 2918 ab
343 2878 389 2917 uno
399 2864 501 2929 quolibet
513 2866 575 2917 bono
585 2865 700 2930 subjectos
716 2868 796 2927 uocet,
815 2877 863 2914 ne-

42 2956 113 2995 eesse
139 2942 182 2993 est
198 2936 509 3001 connuncupandum
525 2936 739 3002 obelieuisrneus
759 2935 863 2985 funditus
