1934 3284
116 156 162 205 uro
233 160 344 204 sutum
356 160 485 214 mu,
499 160 593 209 opnor·
606 160 675 214 uxur,
686 159 741 201 uun.
755 160 784 199 n.

114 244 152 294 bis
163 253 215 307 qun
230 240 330 293 mommo
346 238 450 290 utboium
466 238 597 301 bominem,
610 237 644 289 sic
656 240 691 290 est
711 236 820 303 speoiutis
840 234 910 288 uirtus

113 314 201 365 nubem
214 312 337 377 specialem
347 311 473 373 materiem,
487 309 547 362 sind
559 308 701 361 tttortitudo
717 308 764 374 (t).

145 384 180 435 dd
192 384 289 449 primum
300 396 354 448 ergo
366 383 500 443 dioeudum,
512 380 572 445 qubd
582 380 696 445 appetitus
706 378 807 432 bominis
815 378 911 431 mummi

114 456 263 521 oorrumpitur
273 468 314 521 per
327 468 356 505 er
365 454 448 519 quibus
458 453 556 505 sdicitur
568 454 637 505 bomo
650 453 847 505 sdreoedondum
858 452 912 504 dre

114 526 166 591 putu
176 526 271 577 rationis
284 530 308 577 et
318 526 377 590 tegis
387 524 477 576 divine.
493 526 522 575 Et
536 525 587 577 ideo
602 522 661 577 siout
672 524 748 589 ipsum
757 525 911 589 temperantis

113 612 199 649 nomen
217 602 292 664 potest
304 597 424 663 dupliciter
442 598 503 649 sumi
517 598 579 662 (uno
602 598 671 649 modo
686 597 853 661 communitor,
873 596 911 647 ulio

114 670 183 720 modo
194 670 331 722 excellenter
342 669 360 734 ),
372 668 405 719 ita
420 673 445 721 et
457 670 595 735 intepuitar
607 680 677 733 quum
689 668 849 734 temperantia
867 670 912 721 iu·

115 740 222 803 summm
234 740 345 792 attribuit.

148 813 318 865 rosmundam
332 812 467 877 dioeudum,
479 812 539 877 qnod
553 825 581 864 eu
597 812 658 864 cirea
671 825 722 878 quse
733 815 771 864 est
785 816 912 878 temperau-

116 880 164 945 tiu,
174 883 274 937 murini
293 889 390 949 possunt
407 884 509 935 animum
522 883 651 949 inquietare
659 920 668 949 ,
682 887 776 949 propter
794 886 840 936 boo
855 884 913 950 qndd

117 960 172 1010 snut
183 956 271 1009 bomini
281 957 426 1021 mutabo,
437 959 464 1007 ut
474 954 534 1007 iniri
542 955 630 1009 dicetur
641 955 698 1021 (art.
712 959 782 1007 teto
792 958 812 1023 p.
824 958 854 1009 iit
865 957 913 1009 ideo

116 1028 269 1093 nunptios
281 1029 352 1081 suini
362 1042 404 1094 psr
416 1029 536 1093 wdum
546 1028 704 1081 excellentium
713 1028 848 1080 uttn'bmtur
860 1032 914 1081 tem

116 1100 241 1166 perdutis,
258 1099 362 1165 quemuis
374 1098 526 1153 oomuiuuitsr
536 1099 657 1152 oonrsnist
669 1100 777 1151 omuibus
785 1099 913 1152 virtutibus.

148 1173 183 1223 dd
198 1172 292 1223 tertium
305 1171 437 1236 dioeudum,
449 1171 511 1235 qubd
528 1171 632 1235 momnis
641 1171 785 1237 pulchritudo
799 1174 915 1225 eonsenirt

117 1243 210 1295 eudibst
221 1243 300 1294 monti
317 1243 463 1307 ermbenter,
474 1246 552 1295 tumen
565 1242 693 1293 uttr'ibuitur
705 1245 867 1307 temperantis
878 1246 915 1297 du-

116 1314 171 1379 plici
186 1314 282 1366 ratione.
299 1313 376 1378 Primb
394 1313 486 1379 quidem
505 1312 631 1367 seeundim
648 1326 794 1366 oommnuem
807 1316 915 1367 rationem

90 1379 101 1394 “’
116 1384 281 1451 temperantis,
290 1386 319 1437 ud
327 1386 615 1451 qurmpertinetquudum
623 1388 770 1439 moderatuet
779 1388 915 1439 conveniens

115 1457 246 1521 proportio,
261 1456 287 1507 in
302 1470 348 1523 qus
360 1457 462 1509 consistit
479 1458 537 1509 rutio
551 1457 744 1523 pulchritudiuis,
757 1462 785 1509 ut
798 1462 865 1524 patet
880 1472 915 1525 por

114 1527 249 1592 Dionysium
258 1530 298 1579 IV.
308 1542 361 1594 usp.
372 1531 474 1581 Deliis.
483 1531 559 1581 Nom.
570 1530 705 1594 Abomudo,
714 1530 768 1595 qma
779 1530 915 1596 eedqnibus

114 1600 222 1651 refrenat
237 1601 402 1665 temperentia,
412 1606 467 1652 sunt
477 1600 556 1651 intima
567 1600 707 1665 irrisoriis,
722 1602 916 1655 convenientiori

116 1670 241 1723 seeundum
264 1675 366 1723 naturum
385 1672 520 1737 bestiolem,
536 1676 563 1723 ut
582 1672 642 1725 iniri
662 1673 749 1725 dicetur
775 1674 833 1739 (qn.
855 1678 915 1733 sti,

116 1746 161 1793 ιιι.
176 1743 217 1808 t),
230 1748 255 1795 et
266 1742 317 1795 ideo
330 1758 362 1807 ex
374 1744 408 1795 eis
420 1743 519 1795 mammo
536 1748 604 1797 nutus
620 1749 657 1797 est
667 1747 738 1796 bomo
750 1745 880 1811 deturpari.
893 1746 916 1797 rt

117 1827 160 1879 per
171 1828 314 1879 oonsoquens
326 1816 471 1881 pulchritudo
491 1816 591 1869 marimd
604 1815 734 1868 attribuitur
746 1818 914 1883 temperantis,

117 1899 169 1951 quo
183 1887 296 1952 precipue
311 1888 476 1953 turpitudinem
489 1888 590 1939 bominis
606 1888 674 1940 toltit.
699 1888 727 1939 ut
740 1900 769 1939 ex
790 1890 873 1959 endem
885 1902 916 1941 rs·

119 1959 181 2009 tione
194 1958 324 2011 ttorestom
337 1959 438 2013 maximo
450 1960 580 2013 attribuitur
595 1960 773 2025 temperantior
786 1961 845 2015 didit
860 1960 915 2013 enin

118 2031 218 2081 isidorus
230 2031 256 2081 in
270 2032 310 2082 lib.
321 2030 436 2096 Etymol.
447 2034 494 2095 (Ωιι
505 2048 519 2081 ιι
530 2033 644 2085 Honestius
659 2031 740 2084 dieitur
752 2032 793 2097 ‘qui
805 2034 841 2085 uit
854 2034 917 2085 babet
958 2082 959 2085 ,

119 2102 278 2168 turpitudinis,
290 2116 344 2155 ntur
361 2106 470 2157 honestus
481 2100 565 2155 dieitur
575 2102 641 2168 quusi
657 2104 749 2155 bononis
763 2108 848 2171 stutus3
859 2103 918 2169 »qni

119 2174 217 2225 merimt
225 2174 380 2227 consideratur
389 2176 584 2239 intemperantia,
593 2188 646 2240 ouo
654 2175 746 2241 repetiit
755 2176 812 2228 uitis
821 2172 916 2229 murini

118 2247 278 2313 opprobriosa,
290 2251 316 2297 ut
328 2247 389 2299 iniri
398 2247 486 2299 dicetur
500 2246 558 2313 (qn.
576 2250 639 2312 tii,
651 2251 695 2299 art.
712 2248 754 2314 4),

150 2364 183 2429 (1)
196 2367 234 2413 sio
244 2367 399 2427 Augustinus,
407 2366 451 2413 lib.
463 2368 483 2412 1.
496 2362 615 2415 Delibero
625 2366 710 2419 arbit„
723 2378 776 2427 orp.
790 2364 822 2413 1³
835 2384 841 2413 ι
853 2366 915 2413 Tem·

117 2428 233 2487 montio
246 2434 280 2475 ert
292 2429 381 2476 animo
391 2428 489 2489 affectio
500 2439 609 2477 rossoton
623 2435 645 2477 tt
659 2430 769 2479 subibunt
784 2432 917 2491 appetitum

118 2492 148 2536 ob
159 2494 195 2538 s‘s‘s
207 2492 278 2538 redite
291 2504 345 2551 peto
354 2494 463 2551 turpiter
474 2496 636 2553 appetuntur.

152 2561 186 2625 (2)
197 2565 243 2610 Vel
264 2562 364 2623 Orionis.
383 2564 425 2612 tib.
442 2566 476 2623 X,
494 2564 530 2609 iit.
549 2566 584 2625 H,
601 2564 671 2623 panib
692 2566 759 2613 aliter
779 2564 917 2613 :nonnius

118 2626 183 2683 perid
195 2626 264 2671 soso
283 2626 367 2673 tutent
379 2626 549 2687 turpitudinis
564 2640 646 2675 ιιιιιιιι
665 2629 734 2687 quid
745 2627 856 2677 meos
868 2627 918 2674 stttt'

119 2688 198 2734 bow
211 2692 345 2746 perpetus·
357 2692 429 2747 quusi
444 2690 547 2737 mir
558 2694 644 2737 ιιιιιιιι.
