1934 3284
110 119 156 168 tta
202 131 310 170 amusos
326 129 454 182 mana,
469 133 564 179 onaan.
582 125 669 183 c'xxur,
686 133 742 172 arr.
760 133 813 170 vm.

947 183 948 206 l

107 207 159 258 ideo
171 207 235 258 lortia
247 221 277 258 es
290 220 337 258 una
347 211 412 272 parte
421 209 490 260 babet
499 211 558 260 unde
571 211 707 273 delectetur,
721 209 808 260 scilicet
820 221 909 260 secum
947 209 948 264 i

108 277 344 330 condelectationem
359 282 480 332 animalem
487 317 496 344 ,
513 282 600 333 scilicet
612 283 640 332 de
654 282 704 346 ipso
717 284 770 331 actu
782 280 876 331 virtutis
890 283 913 329 et
947 295 948 300 ¹

108 350 136 400 de
149 350 267 415 linceius,
280 351 361 401 exau
374 352 429 402 verb
446 358 511 416 parte
525 353 667 403 babetuude
680 353 772 414 doleat,
784 355 808 402 et
823 351 912 401 auima-

107 421 171 484 liter,
187 423 240 472 dum
257 423 385 474 considerat
400 424 545 476 amissionem
563 426 660 490 propriae
677 425 748 488 vita,
764 429 788 475 et
803 437 912 487 corpora·
947 437 948 482 l

106 491 166 543 liter.
177 493 242 544 Unde
255 493 336 557 legitur
350 497 371 545 ll
385 496 508 552 blocbab„
523 497 560 558 Vl,
574 497 636 559 quod
649 498 772 547 Eleazarus
785 496 821 562 (1)
836 494 911 544 dixit:

108 565 210 614 «beros
229 566 329 629 corporis
343 567 443 618 sustineo
460 567 550 618 dolores
557 585 567 631 ς
583 566 707 618 secundnm
726 567 829 618 animam
846 564 911 626 verb,

108 638 200 698 propter
210 635 317 688 umorem
327 639 514 698 tunm,libenter
522 640 573 689 bac
580 638 662 702 patior.
675 655 690 685 u
698 637 820 688 sensibilis
833 640 911 687 autem

108 705 171 756 dolor
184 709 285 770 corporis
297 709 350 759 lacit
366 722 413 759 non
426 709 505 758 sentiri
519 708 639 758 animalem
657 708 832 761 delectationem
852 708 914 758 veri-

108 777 175 837 tatis,
190 777 235 828 uisi
248 778 306 828 iortb
319 784 411 844 pmpter
431 781 652 843 superabundantem
673 779 713 830 llei
730 779 843 842 gratiam,
861 793 912 842 qua

107 846 191 898 fortiis
205 849 280 899 elevat
290 851 388 900 ammam
402 852 429 900 ad
442 850 521 900 divina
533 851 558 900 in
571 849 652 913 quibus
667 851 804 911 delectatur,
817 849 912 914 qutmi

106 921 262 984 corporalibus
275 921 348 986 poenis
358 922 482 972 afficiatur:
498 921 557 972 sicut
569 922 596 971 ll.
606 921 736 980 Tiburtius,
748 937 762 968 a
773 921 828 972 cium
843 934 913 985 super

105 991 217 1042 carbones
229 993 336 1044 incensos
346 993 413 1044 nudis
423 993 508 1057 plactis
518 992 642 1050 incederet,
650 992 707 1042 dixit
716 992 778 1054 quod
790 993 911 1042 videbatur

106 1062 150 1114 sibi
160 1077 229 1127 super
242 1077 318 1114 roseos
333 1066 401 1114 liores
414 1065 538 1114 ambulare.
551 1080 564 1110 v
578 1064 642 1114 Facit
655 1067 733 1114 umen
749 1063 827 1114 virtus
845 1062 911 1114 lorti·

105 1133 204 1193 tudinis,
218 1137 245 1182 ut
262 1134 320 1184 ratio
343 1148 388 1185 non
405 1134 551 1184 absorbeatur
572 1134 586 1184 a
603 1135 758 1198 corporalibus
778 1135 908 1194 doloribus;

104 1204 219 1254 tristitiam
230 1208 307 1255 autem
317 1206 436 1256 animalem
448 1210 541 1270 superat
550 1205 669 1258 delectatio
683 1205 787 1268 virtutis,
797 1207 823 1256 in
839 1219 911 1270 quau·

103 1279 153 1324 tum
169 1277 237 1325 bomo
253 1277 345 1338 praetem
357 1279 442 1327 bonum
462 1277 555 1327 virtutis
576 1277 686 1340 corporali
698 1277 753 1328 vitm
772 1281 797 1328 et
814 1279 910 1342 quibus-

105 1359 202 1410 cumque
215 1348 242 1396 ad
256 1361 306 1397 eam
316 1348 493 1412 pertinentibus.
504 1349 532 1398 ut
540 1348 591 1398 ideo
602 1347 756 1411 Pbilosopbus
770 1349 830 1398 dicit
844 1350 869 1400 in
880 1349 908 1398 lll

105 1417 190 1466 ceute.
204 1417 258 1479 (ubi
271 1419 369 1482 supra),
380 1419 440 1483 quod
453 1420 531 1470 «lorti
540 1431 586 1470 non
600 1418 722 1482 requiritur
732 1423 758 1468 ut
771 1420 907 1480 delectetur,

104 1488 170 1551 qvmsi
190 1489 361 1542 delectationem
376 1492 504 1554 ¹sentiens3
521 1491 561 1542 sed
583 1490 666 1540 suflicit
683 1489 745 1552 qnbd
768 1503 817 1541 non
835 1491 910 1542 triste

104 1561 174 1609 tur.»

135 1631 168 1679 ad
182 1630 279 1694 primum
290 1645 344 1696 ergo
353 1632 472 1682 dicendum
479 1670 488 1696 ,
497 1632 558 1696 qubd
569 1632 712 1682 vehementia
727 1632 793 1684 actis
803 1633 842 1684 vel
850 1645 906 1698 pas-

105 1700 176 1751 sionis
192 1702 260 1753 unius
273 1704 382 1767 potentiae
391 1703 486 1767 impedit
499 1703 565 1753 aliam
576 1701 702 1766 potentiam
714 1703 739 1751 in
750 1715 793 1752 suo
807 1708 870 1756 actu.
880 1705 907 1754 lit

104 1770 155 1821 ideo
172 1786 214 1836 per
231 1775 331 1824 dolorem
349 1775 429 1825 sensis
451 1774 572 1838 impeditur
596 1785 660 1822 meus
677 1773 743 1823 lortis
765 1787 794 1824 ne
817 1777 908 1842 propria

103 1843 235 1906 operatione
250 1845 424 1896 delectationem
436 1845 529 1895 sentiat.

135 1916 170 1966 lld
183 1917 307 1966 meandum
322 1917 452 1979 dicendum,
460 1915 523 1979 quod
532 1928 600 1979 opera
611 1914 722 1966 virtutum
736 1921 791 1967 sunt
801 1919 905 1970 delecta-

103 1984 157 2036 bilia
177 1987 292 2051 precipue
313 1993 407 2051 propter
423 1987 508 2049 fiuem;
523 1991 618 2049 possunt
636 1991 712 2036 autem
724 2000 754 2038 ex
769 1990 808 2038 sui
827 1993 906 2040 natura

102 2070 155 2108 esse
175 2058 265 2122 tristla;
281 2063 305 2110 et
324 2057 437 2124 precipue
453 2060 498 2108 boc
514 2058 624 2121 contingit
642 2058 826 2112 infortitudine.
845 2062 907 2112 Unde

102 2129 256 2194 Philosophus
272 2130 328 2180 dicit
341 2131 366 2180 in
384 2128 415 2179 lli
434 2129 513 2179 Etbic.
531 2128 574 2192 (ut
591 2127 691 2192 snpra),
708 2129 803 2191 quod«
822 2145 869 2184 uon
883 2133 906 2182 in

101 2199 209 2251 omnibus
222 2201 343 2253 virtuibus
357 2200 446 2264 operari
464 2199 627 2250 delectabiliter
642 2200 736 2264 existit,
750 2206 904 2267 preterquam

101 2269 126 2320 in
142 2275 253 2334 quantum
265 2273 336 2322 finem
345 2270 445 2334 attingit.
456 2287 471 2317 »

135 2344 168 2393 rid
179 2342 271 2392 tertium
279 2342 412 2402 dicendum,
422 2340 486 2403 qudd
495 2340 589 2390 tristitia
598 2339 702 2390 animalis
711 2341 813 2392 vincitur
821 2343 847 2392 in
856 2343 907 2395 lorti

101 2413 116 2463 ir
131 2413 279 2465 delectatione
295 2414 404 2475 virtutis3
422 2413 477 2472 sed,
494 2412 547 2475 quia
562 2411 624 2463 dolor
643 2412 767 2475 corporalis
785 2418 823 2464 est
838 2415 907 2466 sensi·

102 2483 183 2545 bilior,
198 2488 222 2534 et
235 2483 389 2549 apprehensio
397 2483 507 2534 sensitiva
518 2482 590 2546 magis
599 2485 633 2534 est
644 2483 730 2535 homini
740 2483 765 2532 in
775 2485 906 2548 manifesto,

102 2553 156 2604 inde
170 2559 206 2610 est
222 2556 284 2617 qubd
296 2554 309 2604 d
321 2554 476 2617 magnitudine
486 2552 608 2616 corporalis
619 2553 701 2603 doloris
713 2555 780 2616 quasi
789 2557 907 2608 evanescit

100 2625 220 2676 delectatio
232 2626 355 2690 spiritualis
368 2639 419 2688 quac
432 2628 467 2675 est
477 2625 506 2674 do
521 2626 565 2674 linc
575 2623 674 2674 virtutis.

134 2775 168 2836 (1)
186 2779 254 2826 Unus
268 2781 297 2825 de
309 2779 462 2837 primoribus
475 2778 619 2824 Scribarum
633 2778 674 2824 oa'r
685 2781 753 2826 aetola
765 2785 904 2841 provectas,

101 2846 124 2884 ot
137 2841 210 2888 betta
225 2841 343 2895 decorus,
355 2844 493 2901 optimoque
504 2841 559 2900 joan
574 2841 589 2886 ol
600 2841 714 2900 pucritia
731 2849 902 2896 consecretales
