<?xml version="1.0" encoding="UTF-8"?>
<!DOCTYPE html PUBLIC "-//W3C//DTD XHTML 1.0 Transitional//EN"
    "http://www.w3.org/TR/xhtml1/DTD/xhtml1-transitional.dtd">
<html xmlns="http://www.w3.org/1999/xhtml" xml:lang="en" lang="en">
 <head>
  <title>
</title>
<meta http-equiv="Content-Type" content="text/html;charset=utf-8" />
  <meta name='ocr-system' content='tesseract 3.04.00' />
  <meta name='ocr-capabilities' content='ocr_page ocr_carea ocr_par ocr_line ocrx_word'/>
</head>
<body>
  <div class='ocr_page' id='page_1' title='image "./summatheologica05nicogoog_0287.png"; bbox 0 0 1934 3284; ppageno 0'>
   <div class='ocr_carea' id='block_1_1' title="bbox 108 138 784 210">
    <p class='ocr_par' dir='ltr' id='par_1_1' title="bbox 108 138 784 210">
     <span class='ocr_line' id='line_1_1' title="bbox 108 138 784 210; baseline -0.016 -5"><span class='ocrx_word' id='word_1_1' title='bbox 108 152 154 205; x_wconf 61' lang='grc' dir='ltr'><strong>ιιι</strong></span> <span class='ocrx_word' id='word_1_2' title='bbox 226 138 336 200; x_wconf 76' lang='grc' dir='ltr'><strong>ἐιοιιιιιιι</strong></span> <span class='ocrx_word' id='word_1_3' title='bbox 351 157 478 210; x_wconf 70' lang='lat' dir='ltr'><strong>mentun,</strong></span> <span class='ocrx_word' id='word_1_4' title='bbox 491 157 586 204; x_wconf 67' lang='lat' dir='ltr'><strong>cunr.</strong></span> <span class='ocrx_word' id='word_1_5' title='bbox 602 156 655 208; x_wconf 82' lang='lat' dir='ltr'><strong>cuv,</strong></span> <span class='ocrx_word' id='word_1_6' title='bbox 674 156 728 196; x_wconf 85' lang='lat' dir='ltr'><strong>mr.</strong></span> <span class='ocrx_word' id='word_1_7' title='bbox 746 140 784 195; x_wconf 87' lang='lat' dir='ltr'><strong>in.</strong></span> 
     </span>
    </p>
   </div>
   <div class='ocr_carea' id='block_1_2' title="bbox 67 232 918 2811">
    <p class='ocr_par' dir='ltr' id='par_1_2' title="bbox 108 232 913 449">
     <span class='ocr_line' id='line_1_2' title="bbox 140 232 912 306; baseline -0.003 -15"><span class='ocrx_word' id='word_1_8' title='bbox 140 236 624 306; x_wconf 77' lang='lat' dir='ltr'><strong>(cmunuo.-0benieuttaqmpruptn</strong></span> <span class='ocrx_word' id='word_1_9' title='bbox 636 236 717 298; x_wconf 81' lang='lat' dir='ltr'><strong>bonni,</strong></span> <span class='ocrx_word' id='word_1_10' title='bbox 728 232 851 287; x_wconf 78' lang='lat' dir='ltr'><strong>maximum</strong></span> <span class='ocrx_word' id='word_1_11' title='bbox 865 234 912 289; x_wconf 88' lang='lat' dir='ltr'><strong>bo·</strong></span> 
     </span>
     <span class='ocr_line' id='line_1_3' title="bbox 108 307 913 373; baseline -0.006 -8"><span class='ocrx_word' id='word_1_12' title='bbox 108 326 188 365; x_wconf 89' lang='lat' dir='ltr'><strong>uorum</strong></span> <span class='ocrx_word' id='word_1_13' title='bbox 207 312 357 361; x_wconf 88' lang='lat' dir='ltr'><strong>bumanorum</strong></span> <span class='ocrx_word' id='word_1_14' title='bbox 376 307 494 373; x_wconf 72' lang='lat' dir='ltr'><strong>(emulcet</strong></span> <span class='ocrx_word' id='word_1_15' title='bbox 505 307 595 372; x_wconf 87' lang='lat' dir='ltr'><strong>propria</strong></span> <span class='ocrx_word' id='word_1_16' title='bbox 612 308 728 369; x_wconf 75' lang='lat' dir='ltr'><strong>udonus)</strong></span> <span class='ocrx_word' id='word_1_17' title='bbox 745 307 913 371; x_wconf 82' lang='lat' dir='ltr'><strong>contemnitur,</strong></span> 
     </span>
     <span class='ocr_line' id='line_1_4' title="bbox 109 378 621 449; baseline -0.016 -12"><span class='ocrx_word' id='word_1_18' title='bbox 109 388 194 449; x_wconf 84' lang='lat' dir='ltr'><strong>primas</strong></span> <span class='ocrx_word' id='word_1_19' title='bbox 207 382 295 434; x_wconf 88' lang='lat' dir='ltr'><strong>obtinet</strong></span> <span class='ocrx_word' id='word_1_20' title='bbox 309 380 369 431; x_wconf 86' lang='lat' dir='ltr'><strong>inter</strong></span> <span class='ocrx_word' id='word_1_21' title='bbox 386 379 482 431; x_wconf 84' lang='lat' dir='ltr'><strong>virtutes</strong></span> <span class='ocrx_word' id='word_1_22' title='bbox 496 378 621 443; x_wconf 87' lang='lat' dir='ltr'><strong>morales.)</strong></span> 
     </span>
    </p>

    <p class='ocr_par' dir='ltr' id='par_1_3' title="bbox 67 450 918 2811">
     <span class='ocr_line' id='line_1_5' title="bbox 139 450 913 520; baseline -0.006 -12"><span class='ocrx_word' id='word_1_23' title='bbox 139 456 275 520; x_wconf 85' lang='lat' dir='ltr'><strong>Responden</strong></span> <span class='ocrx_word' id='word_1_24' title='bbox 290 452 424 513; x_wconf 71' lang='lat' dir='ltr'><strong>denudum,</strong></span> <span class='ocrx_word' id='word_1_25' title='bbox 438 450 500 515; x_wconf 83' lang='lat' dir='ltr'><strong>qubd</strong></span> <span class='ocrx_word' id='word_1_26' title='bbox 511 451 570 503; x_wconf 82' lang='lat' dir='ltr'><strong>sicut</strong></span> <span class='ocrx_word' id='word_1_27' title='bbox 584 454 703 515; x_wconf 79' lang='lat' dir='ltr'><strong>penatum</strong></span> <span class='ocrx_word' id='word_1_28' title='bbox 713 450 818 501; x_wconf 85' lang='lat' dir='ltr'><strong>consistit</strong></span> <span class='ocrx_word' id='word_1_29' title='bbox 829 451 855 501; x_wconf 89' lang='lat' dir='ltr'><strong>in</strong></span> <span class='ocrx_word' id='word_1_30' title='bbox 866 452 913 503; x_wconf 87' lang='lat' dir='ltr'><strong>boc</strong></span> 
     </span>
     <span class='ocr_line' id='line_1_6' title="bbox 109 521 911 595; baseline -0.007 -14"><span class='ocrx_word' id='word_1_31' title='bbox 109 528 170 595; x_wconf 80' lang='lat' dir='ltr'><strong>oubd</strong></span> <span class='ocrx_word' id='word_1_32' title='bbox 184 530 267 590; x_wconf 80' lang='lat' dir='ltr'><strong>bonno,</strong></span> <span class='ocrx_word' id='word_1_33' title='bbox 286 528 417 589; x_wconf 87' lang='lat' dir='ltr'><strong>contempto</strong></span> <span class='ocrx_word' id='word_1_34' title='bbox 430 524 476 575; x_wconf 87' lang='lat' dir='ltr'><strong>ileo</strong></span> <span class='ocrx_word' id='word_1_35' title='bbox 486 561 495 587; x_wconf 85' lang='lat'>,</span> <span class='ocrx_word' id='word_1_36' title='bbox 506 521 704 575; x_wconf 74' lang='lat' dir='ltr'><strong>commutabilibus</strong></span> <span class='ocrx_word' id='word_1_37' title='bbox 722 522 789 574; x_wconf 85' lang='lat' dir='ltr'><strong>bonis</strong></span> <span class='ocrx_word' id='word_1_38' title='bbox 801 521 911 588; x_wconf 55' lang='lat' dir='ltr'><strong>iuberem</strong></span> 
     </span>
     <span class='ocr_line' id='line_1_7' title="bbox 109 593 912 658; baseline -0.009 -5"><span class='ocrx_word' id='word_1_39' title='bbox 109 601 142 653; x_wconf 88' lang='lat' dir='ltr'><strong>ita</strong></span> <span class='ocrx_word' id='word_1_40' title='bbox 162 600 267 651; x_wconf 88' lang='lat' dir='ltr'><strong>meritum</strong></span> <span class='ocrx_word' id='word_1_41' title='bbox 279 596 376 648; x_wconf 74' lang='lat' dir='ltr'><strong>virtuosi</strong></span> <span class='ocrx_word' id='word_1_42' title='bbox 392 595 456 646; x_wconf 84' lang='lat' dir='ltr'><strong>actds</strong></span> <span class='ocrx_word' id='word_1_43' title='bbox 472 594 576 645; x_wconf 75' lang='lat' dir='ltr'><strong>consistit</strong></span> <span class='ocrx_word' id='word_1_44' title='bbox 588 596 614 645; x_wconf 87' lang='lat' dir='ltr'><strong>tn</strong></span> <span class='ocrx_word' id='word_1_45' title='bbox 629 596 675 645; x_wconf 87' lang='lat' dir='ltr'><strong>boc</strong></span> <span class='ocrx_word' id='word_1_46' title='bbox 687 593 748 658; x_wconf 71' lang='lat' dir='ltr'><strong>quod</strong></span> <span class='ocrx_word' id='word_1_47' title='bbox 759 596 844 658; x_wconf 82' lang='lat' dir='ltr'><strong>bomo,</strong></span> <span class='ocrx_word' id='word_1_48' title='bbox 855 608 912 646; x_wconf 83' lang='lat' dir='ltr'><strong>con·</strong></span> 
     </span>
     <span class='ocr_line' id='line_1_8' title="bbox 108 664 912 737; baseline -0.009 -12"><span class='ocrx_word' id='word_1_49' title='bbox 108 672 201 737; x_wconf 84' lang='lat' dir='ltr'><strong>templis</strong></span> <span class='ocrx_word' id='word_1_50' title='bbox 216 670 282 721; x_wconf 91' lang='lat' dir='ltr'><strong>bonis</strong></span> <span class='ocrx_word' id='word_1_51' title='bbox 295 668 393 731; x_wconf 83' lang='lat' dir='ltr'><strong>creatis,</strong></span> <span class='ocrx_word' id='word_1_52' title='bbox 406 668 452 719; x_wconf 84' lang='lat' dir='ltr'><strong>lloo</strong></span> <span class='ocrx_word' id='word_1_53' title='bbox 461 667 555 719; x_wconf 77' lang='lat' dir='ltr'><strong>iuberet</strong></span> <span class='ocrx_word' id='word_1_54' title='bbox 567 665 629 717; x_wconf 89' lang='lat' dir='ltr'><strong>sicut</strong></span> <span class='ocrx_word' id='word_1_55' title='bbox 643 665 691 715; x_wconf 87' lang='lat' dir='ltr'><strong>lini.</strong></span> <span class='ocrx_word' id='word_1_56' title='bbox 705 664 769 716; x_wconf 81' lang='lat' dir='ltr'><strong>Finis</strong></span> <span class='ocrx_word' id='word_1_57' title='bbox 782 669 857 717; x_wconf 87' lang='lat' dir='ltr'><strong>autem</strong></span> <span class='ocrx_word' id='word_1_58' title='bbox 868 680 912 731; x_wconf 89' lang='lat' dir='ltr'><strong>po-</strong></span> 
     </span>
     <span class='ocr_line' id='line_1_9' title="bbox 109 738 914 805; baseline -0.01 -8"><span class='ocrx_word' id='word_1_59' title='bbox 109 745 154 797; x_wconf 87' lang='lat' dir='ltr'><strong>tior</strong></span> <span class='ocrx_word' id='word_1_60' title='bbox 168 748 203 796; x_wconf 85' lang='lat' dir='ltr'><strong>est</strong></span> <span class='ocrx_word' id='word_1_61' title='bbox 221 740 258 793; x_wconf 83' lang='lat' dir='ltr'><strong>bia</strong></span> <span class='ocrx_word' id='word_1_62' title='bbox 274 754 324 805; x_wconf 86' lang='lat' dir='ltr'><strong>que</strong></span> <span class='ocrx_word' id='word_1_63' title='bbox 337 743 391 791; x_wconf 85' lang='lat' dir='ltr'><strong>suut</strong></span> <span class='ocrx_word' id='word_1_64' title='bbox 408 741 436 790; x_wconf 85' lang='lat' dir='ltr'><strong>ad</strong></span> <span class='ocrx_word' id='word_1_65' title='bbox 450 738 565 791; x_wconf 76' lang='lat' dir='ltr'><strong>tuomst</strong></span> <span class='ocrx_word' id='word_1_66' title='bbox 579 750 636 802; x_wconf 76' lang='lat' dir='ltr'><strong>ergo</strong></span> <span class='ocrx_word' id='word_1_67' title='bbox 650 738 711 790; x_wconf 89' lang='lat' dir='ltr'><strong>bona</strong></span> <span class='ocrx_word' id='word_1_68' title='bbox 729 741 805 787; x_wconf 86' lang='lat' dir='ltr'><strong>creatu</strong></span> <span class='ocrx_word' id='word_1_69' title='bbox 817 742 914 803; x_wconf 86' lang='lat' dir='ltr'><strong>propter</strong></span> 
     </span>
     <span class='ocr_line' id='line_1_10' title="bbox 109 808 913 875; baseline -0.01 -6"><span class='ocrx_word' id='word_1_70' title='bbox 109 818 155 871; x_wconf 88' lang='lat' dir='ltr'><strong>boc</strong></span> <span class='ocrx_word' id='word_1_71' title='bbox 163 816 343 875; x_wconf 83' lang='lat' dir='ltr'><strong>contemnantur,</strong></span> <span class='ocrx_word' id='word_1_72' title='bbox 353 814 380 861; x_wconf 92' lang='lat' dir='ltr'><strong>ut</strong></span> <span class='ocrx_word' id='word_1_73' title='bbox 390 812 437 861; x_wconf 84' lang='lat' dir='ltr'><strong>ileo</strong></span> <span class='ocrx_word' id='word_1_74' title='bbox 446 810 593 872; x_wconf 84' lang='lat' dir='ltr'><strong>inhaereatur,</strong></span> <span class='ocrx_word' id='word_1_75' title='bbox 603 809 675 873; x_wconf 80' lang='lat' dir='ltr'><strong>major</strong></span> <span class='ocrx_word' id='word_1_76' title='bbox 682 810 718 860; x_wconf 90' lang='lat' dir='ltr'><strong>est</strong></span> <span class='ocrx_word' id='word_1_77' title='bbox 726 808 778 859; x_wconf 84' lang='lat' dir='ltr'><strong>laus</strong></span> <span class='ocrx_word' id='word_1_78' title='bbox 783 808 874 861; x_wconf 78' lang='lat' dir='ltr'><strong>urtuts</strong></span> <span class='ocrx_word' id='word_1_79' title='bbox 882 824 913 861; x_wconf 81' lang='lat' dir='ltr'><strong>ex</strong></span> 
     </span>
     <span class='ocr_line' id='line_1_11' title="bbox 110 880 911 951; baseline -0.007 -12"><span class='ocrx_word' id='word_1_80' title='bbox 110 890 155 939; x_wconf 85' lang='lat' dir='ltr'><strong>boe</strong></span> <span class='ocrx_word' id='word_1_81' title='bbox 167 887 228 951; x_wconf 81' lang='lat' dir='ltr'><strong>quod</strong></span> <span class='ocrx_word' id='word_1_82' title='bbox 241 887 288 937; x_wconf 86' lang='lat' dir='ltr'><strong>lieo</strong></span> <span class='ocrx_word' id='word_1_83' title='bbox 302 884 410 946; x_wconf 81' lang='lat' dir='ltr'><strong>iuuaret,</strong></span> <span class='ocrx_word' id='word_1_84' title='bbox 421 880 490 945; x_wconf 83' lang='lat' dir='ltr'><strong>qutru</strong></span> <span class='ocrx_word' id='word_1_85' title='bbox 505 895 534 932; x_wconf 77' lang='lat' dir='ltr'><strong>ex</strong></span> <span class='ocrx_word' id='word_1_86' title='bbox 543 882 588 932; x_wconf 88' lang='lat' dir='ltr'><strong>boc</strong></span> <span class='ocrx_word' id='word_1_87' title='bbox 602 880 663 944; x_wconf 79' lang='lat' dir='ltr'><strong>quon</strong></span> <span class='ocrx_word' id='word_1_88' title='bbox 673 881 733 933; x_wconf 89' lang='lat' dir='ltr'><strong>bona</strong></span> <span class='ocrx_word' id='word_1_89' title='bbox 744 885 836 931; x_wconf 85' lang='lat' dir='ltr'><strong>terrena</strong></span> <span class='ocrx_word' id='word_1_90' title='bbox 848 892 911 933; x_wconf 87' lang='lat' dir='ltr'><strong>oon·</strong></span> 
     </span>
     <span class='ocr_line' id='line_1_12' title="bbox 109 952 915 1017; baseline -0.011 -4"><span class='ocrx_word' id='word_1_91' title='bbox 109 958 193 1013; x_wconf 57' lang='lat' dir='ltr'><strong>monuit</strong></span> <span class='ocrx_word' id='word_1_92' title='bbox 205 972 212 1008; x_wconf 89' lang='lat'>:</span> <span class='ocrx_word' id='word_1_93' title='bbox 228 961 253 1009; x_wconf 90' lang='lat' dir='ltr'><strong>et</strong></span> <span class='ocrx_word' id='word_1_94' title='bbox 265 955 332 1017; x_wconf 90' lang='lat' dir='ltr'><strong>ideo,</strong></span> <span class='ocrx_word' id='word_1_95' title='bbox 345 954 390 1005; x_wconf 80' lang='lat' dir='ltr'><strong>ille</strong></span> <span class='ocrx_word' id='word_1_96' title='bbox 403 953 500 1005; x_wconf 75' lang='lat' dir='ltr'><strong>virtutae</strong></span> <span class='ocrx_word' id='word_1_97' title='bbox 508 952 591 1017; x_wconf 78' lang='lat' dir='ltr'><strong>qulbus</strong></span> <span class='ocrx_word' id='word_1_98' title='bbox 603 953 649 1004; x_wconf 82' lang='lat' dir='ltr'><strong>ileo</strong></span> <span class='ocrx_word' id='word_1_99' title='bbox 664 952 789 1003; x_wconf 70' lang='lat' dir='ltr'><strong>secundini</strong></span> <span class='ocrx_word' id='word_1_100' title='bbox 801 966 827 1002; x_wconf 87' lang='lat' dir='ltr'><strong>ee</strong></span> <span class='ocrx_word' id='word_1_101' title='bbox 838 952 915 1004; x_wconf 74' lang='lat' dir='ltr'><strong>inbe-</strong></span> 
     </span>
     <span class='ocr_line' id='line_1_13' title="bbox 110 1023 914 1095; baseline -0.01 -11"><span class='ocrx_word' id='word_1_102' title='bbox 110 1035 172 1085; x_wconf 81' lang='lat' dir='ltr'><strong>retur</strong></span> <span class='ocrx_word' id='word_1_103' title='bbox 184 1029 290 1095; x_wconf 82' lang='lat' dir='ltr'><strong>(scilicet</strong></span> <span class='ocrx_word' id='word_1_104' title='bbox 299 1026 443 1091; x_wconf 73' lang='lat' dir='ltr'><strong>theologicae)</strong></span> <span class='ocrx_word' id='word_1_105' title='bbox 457 1029 512 1077; x_wconf 89' lang='lat' dir='ltr'><strong>suut</strong></span> <span class='ocrx_word' id='word_1_106' title='bbox 524 1024 625 1091; x_wconf 89' lang='lat' dir='ltr'><strong>potiores</strong></span> <span class='ocrx_word' id='word_1_107' title='bbox 637 1024 761 1075; x_wconf 78' lang='lat' dir='ltr'><strong>uirtutibus</strong></span> <span class='ocrx_word' id='word_1_108' title='bbox 774 1023 914 1090; x_wconf 75' lang='lat' dir='ltr'><strong>moralibus,</strong></span> 
     </span>
     <span class='ocr_line' id='line_1_14' title="bbox 111 1096 915 1168; baseline -0.007 -15"><span class='ocrx_word' id='word_1_109' title='bbox 111 1103 193 1168; x_wconf 84' lang='lat' dir='ltr'><strong>quibus</strong></span> <span class='ocrx_word' id='word_1_110' title='bbox 205 1100 290 1165; x_wconf 80' lang='lat' dir='ltr'><strong>aliquid</strong></span> <span class='ocrx_word' id='word_1_111' title='bbox 302 1102 415 1151; x_wconf 75' lang='lat' dir='ltr'><strong>umanum</strong></span> <span class='ocrx_word' id='word_1_112' title='bbox 429 1096 581 1149; x_wconf 83' lang='lat' dir='ltr'><strong>contemuitur</strong></span> <span class='ocrx_word' id='word_1_113' title='bbox 592 1098 618 1147; x_wconf 86' lang='lat' dir='ltr'><strong>ut</strong></span> <span class='ocrx_word' id='word_1_114' title='bbox 631 1097 677 1147; x_wconf 84' lang='lat' dir='ltr'><strong>ileo</strong></span> <span class='ocrx_word' id='word_1_115' title='bbox 687 1096 835 1147; x_wconf 80' lang='lat' dir='ltr'><strong>iuberentur.</strong></span> <span class='ocrx_word' id='word_1_116' title='bbox 849 1096 915 1147; x_wconf 82' lang='lat' dir='ltr'><strong>luter</strong></span> 
     </span>
     <span class='ocr_line' id='line_1_15' title="bbox 109 1166 916 1232; baseline -0.006 -8"><span class='ocrx_word' id='word_1_117' title='bbox 109 1175 206 1225; x_wconf 80' lang='lat' dir='ltr'><strong>uirtutes</strong></span> <span class='ocrx_word' id='word_1_118' title='bbox 219 1176 295 1223; x_wconf 85' lang='lat' dir='ltr'><strong>auteur</strong></span> <span class='ocrx_word' id='word_1_119' title='bbox 315 1170 409 1221; x_wconf 87' lang='lat' dir='ltr'><strong>morales</strong></span> <span class='ocrx_word' id='word_1_120' title='bbox 427 1168 490 1219; x_wconf 88' lang='lat' dir='ltr'><strong>tantb</strong></span> <span class='ocrx_word' id='word_1_121' title='bbox 506 1166 580 1232; x_wconf 78' lang='lat' dir='ltr'><strong>abque</strong></span> <span class='ocrx_word' id='word_1_122' title='bbox 593 1168 667 1232; x_wconf 89' lang='lat' dir='ltr'><strong>potior</strong></span> <span class='ocrx_word' id='word_1_123' title='bbox 675 1171 720 1231; x_wconf 86' lang='lat' dir='ltr'><strong>est,</strong></span> <span class='ocrx_word' id='word_1_124' title='bbox 734 1166 819 1231; x_wconf 84' lang='lat' dir='ltr'><strong>quantb</strong></span> <span class='ocrx_word' id='word_1_125' title='bbox 828 1168 916 1232; x_wconf 83' lang='lat' dir='ltr'><strong>aliquis</strong></span> 
     </span>
     <span class='ocr_line' id='line_1_16' title="bbox 111 1238 916 1309; baseline -0.005 -14"><span class='ocrx_word' id='word_1_126' title='bbox 111 1244 187 1309; x_wconf 82' lang='lat' dir='ltr'><strong>majus</strong></span> <span class='ocrx_word' id='word_1_127' title='bbox 199 1244 282 1307; x_wconf 86' lang='lat' dir='ltr'><strong>aliquid</strong></span> <span class='ocrx_word' id='word_1_128' title='bbox 293 1240 420 1293; x_wconf 88' lang='lat' dir='ltr'><strong>contemnit</strong></span> <span class='ocrx_word' id='word_1_129' title='bbox 436 1245 462 1292; x_wconf 95' lang='lat' dir='ltr'><strong>ut</strong></span> <span class='ocrx_word' id='word_1_130' title='bbox 470 1242 516 1291; x_wconf 86' lang='lat' dir='ltr'><strong>ileo</strong></span> <span class='ocrx_word' id='word_1_131' title='bbox 529 1240 644 1293; x_wconf 80' lang='lat' dir='ltr'><strong>iuberent.</strong></span> <span class='ocrx_word' id='word_1_132' title='bbox 661 1239 717 1291; x_wconf 82' lang='lat' dir='ltr'>Sunt</span> <span class='ocrx_word' id='word_1_133' title='bbox 728 1243 805 1290; x_wconf 88' lang='lat' dir='ltr'><strong>autern</strong></span> <span class='ocrx_word' id='word_1_134' title='bbox 816 1238 859 1290; x_wconf 84' lang='lat' dir='ltr'><strong>tr&#39;ra</strong></span> <span class='ocrx_word' id='word_1_135' title='bbox 871 1252 916 1305; x_wconf 74' lang='lat' dir='ltr'><strong>ge·</strong></span> 
     </span>
     <span class='ocr_line' id='line_1_17' title="bbox 111 1310 915 1374; baseline -0.002 -9"><span class='ocrx_word' id='word_1_136' title='bbox 111 1327 167 1365; x_wconf 87' lang='lat' dir='ltr'><strong>nera</strong></span> <span class='ocrx_word' id='word_1_137' title='bbox 186 1314 296 1365; x_wconf 86' lang='lat' dir='ltr'><strong>bonorum</strong></span> <span class='ocrx_word' id='word_1_138' title='bbox 325 1314 490 1374; x_wconf 89' lang='lat' dir='ltr'><strong>bumanorum,</strong></span> <span class='ocrx_word' id='word_1_139' title='bbox 511 1323 562 1374; x_wconf 84' lang='lat' dir='ltr'><strong>qum</strong></span> <span class='ocrx_word' id='word_1_140' title='bbox 581 1310 650 1361; x_wconf 90' lang='lat' dir='ltr'><strong>bomo</strong></span> <span class='ocrx_word' id='word_1_141' title='bbox 673 1313 748 1374; x_wconf 83' lang='lat' dir='ltr'><strong>potest</strong></span> <span class='ocrx_word' id='word_1_142' title='bbox 765 1314 915 1363; x_wconf 76' lang='lat' dir='ltr'><strong>contemnere</strong></span> 
     </span>
     <span class='ocr_line' id='line_1_18' title="bbox 110 1382 916 1449; baseline -0.002 -14"><span class='ocrx_word' id='word_1_143' title='bbox 110 1390 203 1449; x_wconf 88' lang='lat' dir='ltr'><strong>propter</strong></span> <span class='ocrx_word' id='word_1_144' title='bbox 215 1390 297 1447; x_wconf 79' lang='lat' dir='ltr'><strong>Doum3</strong></span> <span class='ocrx_word' id='word_1_145' title='bbox 308 1396 403 1447; x_wconf 84' lang='lat' dir='ltr'><strong>quorum</strong></span> <span class='ocrx_word' id='word_1_146' title='bbox 416 1382 520 1433; x_wconf 87' lang='lat' dir='ltr'><strong>infimum</strong></span> <span class='ocrx_word' id='word_1_147' title='bbox 534 1385 588 1433; x_wconf 85' lang='lat' dir='ltr'><strong>sunt</strong></span> <span class='ocrx_word' id='word_1_148' title='bbox 601 1383 714 1434; x_wconf 78' lang='lat' dir='ltr'><strong>exteriora</strong></span> <span class='ocrx_word' id='word_1_149' title='bbox 725 1384 798 1443; x_wconf 81' lang='lat' dir='ltr'><strong>bona,</strong></span> <span class='ocrx_word' id='word_1_150' title='bbox 813 1382 916 1433; x_wconf 89' lang='lat' dir='ltr'><strong>medinm</strong></span> 
     </span>
     <span class='ocr_line' id='line_1_19' title="bbox 112 1453 911 1519; baseline 0 -13"><span class='ocrx_word' id='word_1_151' title='bbox 112 1460 187 1507; x_wconf 87' lang='lat' dir='ltr'><strong>autem</strong></span> <span class='ocrx_word' id='word_1_152' title='bbox 198 1458 252 1505; x_wconf 89' lang='lat' dir='ltr'><strong>snut</strong></span> <span class='ocrx_word' id='word_1_153' title='bbox 262 1454 322 1504; x_wconf 91' lang='lat' dir='ltr'><strong>bona</strong></span> <span class='ocrx_word' id='word_1_154' title='bbox 331 1454 445 1519; x_wconf 87' lang='lat' dir='ltr'><strong>corporis,</strong></span> <span class='ocrx_word' id='word_1_155' title='bbox 457 1466 588 1518; x_wconf 88' lang='lat' dir='ltr'><strong>supremum</strong></span> <span class='ocrx_word' id='word_1_156' title='bbox 598 1457 673 1505; x_wconf 83' lang='lat' dir='ltr'><strong>aciem</strong></span> <span class='ocrx_word' id='word_1_157' title='bbox 685 1454 807 1505; x_wconf 88' lang='lat' dir='ltr'><strong>suniboua</strong></span> <span class='ocrx_word' id='word_1_158' title='bbox 816 1453 911 1519; x_wconf 77' lang='lat' dir='ltr'><strong>auimm3</strong></span> 
     </span>
     <span class='ocr_line' id='line_1_20' title="bbox 110 1525 916 1591; baseline 0.001 -14"><span class='ocrx_word' id='word_1_159' title='bbox 110 1526 171 1579; x_wconf 87' lang='lat' dir='ltr'><strong>iuter</strong></span> <span class='ocrx_word' id='word_1_160' title='bbox 182 1539 233 1590; x_wconf 79' lang='lat' dir='ltr'><strong>qum</strong></span> <span class='ocrx_word' id='word_1_161' title='bbox 249 1526 412 1591; x_wconf 85' lang='lat' dir='ltr'><strong>quodammodo</strong></span> <span class='ocrx_word' id='word_1_162' title='bbox 429 1526 571 1590; x_wconf 77' lang='lat' dir='ltr'><strong>precipuum</strong></span> <span class='ocrx_word' id='word_1_163' title='bbox 583 1528 621 1577; x_wconf 87' lang='lat' dir='ltr'><strong>est</strong></span> <span class='ocrx_word' id='word_1_164' title='bbox 637 1525 916 1589; x_wconf 62' lang='lat' dir='ltr'><strong>omniumomniuni</strong></span> 
     </span>
     <span class='ocr_line' id='line_1_21' title="bbox 111 1596 917 1663; baseline 0.002 -14"><span class='ocrx_word' id='word_1_165' title='bbox 111 1596 200 1649; x_wconf 74' lang='lat' dir='ltr'><strong>mutuat</strong></span> <span class='ocrx_word' id='word_1_166' title='bbox 217 1612 257 1663; x_wconf 90' lang='lat' dir='ltr'><strong>per</strong></span> <span class='ocrx_word' id='word_1_167' title='bbox 273 1598 413 1651; x_wconf 83' lang='lat' dir='ltr'><strong>voluntatem</strong></span> <span class='ocrx_word' id='word_1_168' title='bbox 430 1600 499 1649; x_wconf 89' lang='lat' dir='ltr'><strong>bomo</strong></span> <span class='ocrx_word' id='word_1_169' title='bbox 517 1598 623 1650; x_wconf 85' lang='lat' dir='ltr'><strong>omnibns</strong></span> <span class='ocrx_word' id='word_1_170' title='bbox 639 1598 691 1649; x_wconf 90' lang='lat' dir='ltr'><strong>aliis</strong></span> <span class='ocrx_word' id='word_1_171' title='bbox 704 1598 769 1650; x_wconf 85' lang='lat' dir='ltr'><strong>bouis</strong></span> <span class='ocrx_word' id='word_1_172' title='bbox 788 1599 869 1649; x_wconf 82' lang='lat' dir='ltr'><strong>utitur.</strong></span> <span class='ocrx_word' id='word_1_173' title='bbox 883 1599 917 1651; x_wconf 80' lang='lat' dir='ltr'><strong>tet</strong></span> 
     </span>
     <span class='ocr_line' id='line_1_22' title="bbox 111 1669 917 1734; baseline 0.002 -13"><span class='ocrx_word' id='word_1_174' title='bbox 111 1669 177 1731; x_wconf 86' lang='lat' dir='ltr'><strong>ideo,</strong></span> <span class='ocrx_word' id='word_1_175' title='bbox 191 1684 233 1733; x_wconf 88' lang='lat' dir='ltr'><strong>per</strong></span> <span class='ocrx_word' id='word_1_176' title='bbox 246 1683 271 1721; x_wconf 87' lang='lat' dir='ltr'><strong>se</strong></span> <span class='ocrx_word' id='word_1_177' title='bbox 286 1670 413 1734; x_wconf 79' lang='lat' dir='ltr'><strong>loquendo,</strong></span> <span class='ocrx_word' id='word_1_178' title='bbox 426 1670 563 1722; x_wconf 76' lang='lat' dir='ltr'><strong>laudabilior</strong></span> <span class='ocrx_word' id='word_1_179' title='bbox 574 1675 610 1723; x_wconf 85' lang='lat' dir='ltr'><strong>est</strong></span> <span class='ocrx_word' id='word_1_180' title='bbox 622 1670 757 1722; x_wconf 77' lang='lat' dir='ltr'><strong>obedientia</strong></span> <span class='ocrx_word' id='word_1_181' title='bbox 773 1670 846 1721; x_wconf 82' lang='lat' dir='ltr'><strong>uirtus</strong></span> <span class='ocrx_word' id='word_1_182' title='bbox 859 1684 917 1733; x_wconf 75' lang='lat' dir='ltr'><strong>quac</strong></span> 
     </span>
     <span class='ocr_line' id='line_1_23' title="bbox 109 1738 916 1807; baseline 0.007 -16"><span class='ocrx_word' id='word_1_183' title='bbox 109 1738 202 1806; x_wconf 74' lang='lat' dir='ltr'><strong>propter</strong></span> <span class='ocrx_word' id='word_1_184' title='bbox 224 1744 295 1793; x_wconf 87' lang='lat' dir='ltr'><strong>ileum</strong></span> <span class='ocrx_word' id='word_1_185' title='bbox 317 1740 442 1795; x_wconf 84' lang='lat' dir='ltr'><strong>contemnit</strong></span> <span class='ocrx_word' id='word_1_186' title='bbox 464 1743 579 1806; x_wconf 80' lang='lat' dir='ltr'><strong>propriam</strong></span> <span class='ocrx_word' id='word_1_187' title='bbox 597 1744 751 1805; x_wconf 82' lang='lat' dir='ltr'><strong>uoluntatem,</strong></span> <span class='ocrx_word' id='word_1_188' title='bbox 766 1743 834 1807; x_wconf 76' lang='lat' dir='ltr'><strong>qutun</strong></span> <span class='ocrx_word' id='word_1_189' title='bbox 859 1743 916 1797; x_wconf 79' lang='lat' dir='ltr'><strong>alim</strong></span> 
     </span>
     <span class='ocr_line' id='line_1_24' title="bbox 67 1813 915 1879; baseline 0.007 -18"><span class='ocrx_word' id='word_1_190' title='bbox 67 1858 68 1861; x_wconf 74' lang='grc'>,</span> <span class='ocrx_word' id='word_1_191' title='bbox 111 1813 208 1865; x_wconf 79' lang='lat' dir='ltr'><strong>uirtutes</strong></span> <span class='ocrx_word' id='word_1_192' title='bbox 222 1814 336 1874; x_wconf 83' lang='lat' dir='ltr'><strong>morales,</strong></span> <span class='ocrx_word' id='word_1_193' title='bbox 350 1826 402 1877; x_wconf 77' lang='lat' dir='ltr'><strong>qnae</strong></span> <span class='ocrx_word' id='word_1_194' title='bbox 420 1816 513 1879; x_wconf 83' lang='lat' dir='ltr'><strong>propiet</strong></span> <span class='ocrx_word' id='word_1_195' title='bbox 525 1816 598 1867; x_wconf 86' lang='lat' dir='ltr'><strong>beum</strong></span> <span class='ocrx_word' id='word_1_196' title='bbox 615 1815 660 1866; x_wconf 86' lang='lat' dir='ltr'><strong>alia</strong></span> <span class='ocrx_word' id='word_1_197' title='bbox 671 1815 731 1866; x_wconf 86' lang='lat' dir='ltr'><strong>boun</strong></span> <span class='ocrx_word' id='word_1_198' title='bbox 751 1818 915 1867; x_wconf 78' lang='lat' dir='ltr'><strong>contemnunt</strong></span> 
     </span>
     <span class='ocr_line' id='line_1_25' title="bbox 111 1883 918 1951; baseline 0.006 -16"><span class='ocrx_word' id='word_1_199' title='bbox 111 1884 175 1936; x_wconf 86' lang='lat' dir='ltr'><strong>Unde</strong></span> <span class='ocrx_word' id='word_1_200' title='bbox 187 1883 308 1949; x_wconf 80' lang='lat' dir='ltr'><strong>Gregorius</strong></span> <span class='ocrx_word' id='word_1_201' title='bbox 324 1884 413 1935; x_wconf 86' lang='lat' dir='ltr'><strong>dicitin</strong></span> <span class='ocrx_word' id='word_1_202' title='bbox 428 1886 469 1935; x_wconf 89' lang='lat' dir='ltr'><strong>ult.</strong></span> <span class='ocrx_word' id='word_1_203' title='bbox 482 1887 573 1936; x_wconf 75' lang='lat' dir='ltr'><strong>norat.</strong></span> <span class='ocrx_word' id='word_1_204' title='bbox 589 1888 629 1950; x_wconf 82' lang='lat' dir='ltr'><strong>(ut</strong></span> <span class='ocrx_word' id='word_1_205' title='bbox 638 1886 723 1951; x_wconf 80' lang='lat' dir='ltr'><strong>suprd)</strong></span> <span class='ocrx_word' id='word_1_206' title='bbox 733 1923 742 1950; x_wconf 89' lang='lat'><strong><em>,</em></strong></span> <span class='ocrx_word' id='word_1_207' title='bbox 753 1886 814 1951; x_wconf 85' lang='lat' dir='ltr'><strong>qubd</strong></span> <span class='ocrx_word' id='word_1_208' title='bbox 830 1904 845 1935; x_wconf 93' lang='grc' dir='ltr'><strong>ιι</strong></span> <span class='ocrx_word' id='word_1_209' title='bbox 858 1888 918 1939; x_wconf 85' lang='lat' dir='ltr'><strong>obe·</strong></span> 
     </span>
     <span class='ocr_line' id='line_1_26' title="bbox 111 1953 915 2024; baseline 0.006 -17"><span class='ocrx_word' id='word_1_210' title='bbox 111 1953 197 2007; x_wconf 81' lang='lat' dir='ltr'><strong>diaulia</strong></span> <span class='ocrx_word' id='word_1_211' title='bbox 210 1954 309 2006; x_wconf 82' lang='lat' dir='ltr'><strong>uictimis</strong></span> <span class='ocrx_word' id='word_1_212' title='bbox 319 1956 371 2020; x_wconf 79' lang='lat' dir='ltr'><strong>jura</strong></span> <span class='ocrx_word' id='word_1_213' title='bbox 380 1956 528 2021; x_wconf 82' lang='lat' dir='ltr'><strong>praeponitur,</strong></span> <span class='ocrx_word' id='word_1_214' title='bbox 535 1958 588 2023; x_wconf 84' lang='lat' dir='ltr'><strong>quia</strong></span> <span class='ocrx_word' id='word_1_215' title='bbox 599 1959 751 2023; x_wconf 78' lang='lat' dir='ltr'><strong>paruiclimas</strong></span> <span class='ocrx_word' id='word_1_216' title='bbox 762 1958 837 2009; x_wconf 85' lang='lat' dir='ltr'><strong>aliena</strong></span> <span class='ocrx_word' id='word_1_217' title='bbox 848 1972 915 2024; x_wconf 86' lang='lat' dir='ltr'><strong>carc,</strong></span> 
     </span>
     <span class='ocr_line' id='line_1_27' title="bbox 111 2027 916 2095; baseline 0.007 -18"><span class='ocrx_word' id='word_1_218' title='bbox 111 2040 153 2092; x_wconf 85' lang='lat' dir='ltr'><strong>por</strong></span> <span class='ocrx_word' id='word_1_219' title='bbox 166 2027 315 2079; x_wconf 74' lang='lat' dir='ltr'><strong>obedientiam</strong></span> <span class='ocrx_word' id='word_1_220' title='bbox 326 2027 379 2081; x_wconf 81' lang='lat' dir='ltr'><strong>verb</strong></span> <span class='ocrx_word' id='word_1_221' title='bbox 393 2029 501 2081; x_wconf 85' lang='lat' dir='ltr'><strong>uoluntas</strong></span> <span class='ocrx_word' id='word_1_222' title='bbox 509 2031 602 2095; x_wconf 81' lang='lat' dir='ltr'><strong>propria</strong></span> <span class='ocrx_word' id='word_1_223' title='bbox 613 2035 732 2083; x_wconf 84' lang='lat' dir='ltr'><strong>mactatur.</strong></span> <span class='ocrx_word' id='word_1_224' title='bbox 745 2030 916 2083; x_wconf 77' lang='lat' dir='ltr'><strong>»Undcet&#39;tanu</strong></span> 
     </span>
     <span class='ocr_line' id='line_1_28' title="bbox 112 2100 917 2167; baseline 0.007 -18"><span class='ocrx_word' id='word_1_225' title='bbox 112 2112 259 2165; x_wconf 74' lang='lat' dir='ltr'><strong>quacumque</strong></span> <span class='ocrx_word' id='word_1_226' title='bbox 276 2100 319 2151; x_wconf 86' lang='lat' dir='ltr'><strong>alia</strong></span> <span class='ocrx_word' id='word_1_227' title='bbox 341 2101 452 2152; x_wconf 86' lang='lat' dir='ltr'><strong>virtutum</strong></span> <span class='ocrx_word' id='word_1_228' title='bbox 465 2114 535 2166; x_wconf 90' lang='lat' dir='ltr'><strong>opera</strong></span> <span class='ocrx_word' id='word_1_229' title='bbox 551 2116 580 2155; x_wconf 83' lang='lat' dir='ltr'><strong>cu</strong></span> <span class='ocrx_word' id='word_1_230' title='bbox 592 2104 637 2154; x_wconf 87' lang='lat' dir='ltr'><strong>hoc</strong></span> <span class='ocrx_word' id='word_1_231' title='bbox 651 2103 765 2155; x_wconf 84' lang='lat' dir='ltr'><strong>meritoria</strong></span> <span class='ocrx_word' id='word_1_232' title='bbox 780 2106 834 2153; x_wconf 83' lang='lat' dir='ltr'><strong>eunt</strong></span> <span class='ocrx_word' id='word_1_233' title='bbox 850 2106 917 2167; x_wconf 79' lang='lat' dir='ltr'><strong>apud</strong></span> 
     </span>
     <span class='ocr_line' id='line_1_29' title="bbox 112 2171 917 2240; baseline 0.004 -16"><span class='ocrx_word' id='word_1_234' title='bbox 112 2173 200 2236; x_wconf 86' lang='lat' dir='ltr'><strong>Deum,</strong></span> <span class='ocrx_word' id='word_1_235' title='bbox 215 2172 276 2235; x_wconf 84' lang='lat' dir='ltr'><strong>qudd</strong></span> <span class='ocrx_word' id='word_1_236' title='bbox 288 2171 345 2222; x_wconf 84' lang='lat' dir='ltr'><strong>dunt</strong></span> <span class='ocrx_word' id='word_1_237' title='bbox 358 2176 383 2223; x_wconf 86' lang='lat' dir='ltr'><strong>ut</strong></span> <span class='ocrx_word' id='word_1_238' title='bbox 393 2172 511 2225; x_wconf 85' lang='lat' dir='ltr'><strong>obediatur</strong></span> <span class='ocrx_word' id='word_1_239' title='bbox 522 2174 634 2225; x_wconf 81' lang='lat' dir='ltr'><strong>voluntati</strong></span> <span class='ocrx_word' id='word_1_240' title='bbox 645 2175 728 2226; x_wconf 78' lang='lat' dir='ltr'><strong>dicium</strong></span> <span class='ocrx_word' id='word_1_241' title='bbox 743 2188 814 2225; x_wconf 87' lang='lat' dir='ltr'><strong>:nam</strong></span> <span class='ocrx_word' id='word_1_242' title='bbox 830 2174 917 2240; x_wconf 83' lang='lat' dir='ltr'><strong>siquis</strong></span> 
     </span>
     <span class='ocr_line' id='line_1_30' title="bbox 112 2242 915 2312; baseline 0.005 -17"><span class='ocrx_word' id='word_1_243' title='bbox 112 2242 181 2295; x_wconf 87' lang='lat' dir='ltr'><strong>ctiam</strong></span> <span class='ocrx_word' id='word_1_244' title='bbox 191 2243 322 2309; x_wconf 73' lang='lat' dir='ltr'><strong>martyrium</strong></span> <span class='ocrx_word' id='word_1_245' title='bbox 333 2246 464 2308; x_wconf 85' lang='lat' dir='ltr'><strong>sustineret,</strong></span> <span class='ocrx_word' id='word_1_246' title='bbox 470 2246 507 2296; x_wconf 80' lang='lat' dir='ltr'><strong>vel</strong></span> <span class='ocrx_word' id='word_1_247' title='bbox 515 2246 592 2297; x_wconf 89' lang='lat' dir='ltr'><strong>omnia</strong></span> <span class='ocrx_word' id='word_1_248' title='bbox 599 2259 643 2297; x_wconf 83' lang='lat' dir='ltr'><strong>sua</strong></span> <span class='ocrx_word' id='word_1_249' title='bbox 650 2248 787 2312; x_wconf 84' lang='lat' dir='ltr'><strong>pauperibus</strong></span> <span class='ocrx_word' id='word_1_250' title='bbox 797 2252 915 2311; x_wconf 82' lang='lat' dir='ltr'><strong>erogarat,</strong></span> 
     </span>
     <span class='ocr_line' id='line_1_31' title="bbox 112 2313 916 2385; baseline 0.005 -20"><span class='ocrx_word' id='word_1_251' title='bbox 112 2313 156 2365; x_wconf 83' lang='lat' dir='ltr'><strong>niti</strong></span> <span class='ocrx_word' id='word_1_252' title='bbox 167 2316 212 2366; x_wconf 91' lang='lat' dir='ltr'><strong>boc</strong></span> <span class='ocrx_word' id='word_1_253' title='bbox 224 2315 339 2367; x_wconf 84' lang='lat' dir='ltr'><strong>ordinaret</strong></span> <span class='ocrx_word' id='word_1_254' title='bbox 350 2316 379 2367; x_wconf 92' lang='lat' dir='ltr'><strong>ad</strong></span> <span class='ocrx_word' id='word_1_255' title='bbox 392 2314 549 2382; x_wconf 82' lang='lat' dir='ltr'><strong>impletionem</strong></span> <span class='ocrx_word' id='word_1_256' title='bbox 562 2318 645 2371; x_wconf 77' lang='lat' dir='ltr'><strong>dimne</strong></span> <span class='ocrx_word' id='word_1_257' title='bbox 661 2319 785 2371; x_wconf 84' lang='lat' dir='ltr'><strong>uoluntatis</strong></span> <span class='ocrx_word' id='word_1_258' title='bbox 794 2319 871 2385; x_wconf 80' lang='lat' dir='ltr'><strong>(qnod</strong></span> <span class='ocrx_word' id='word_1_259' title='bbox 880 2321 916 2370; x_wconf 86' lang='lat' dir='ltr'><strong>di-</strong></span> 
     </span>
     <span class='ocr_line' id='line_1_32' title="bbox 112 2385 917 2459; baseline 0.006 -20"><span class='ocrx_word' id='word_1_260' title='bbox 112 2385 175 2439; x_wconf 81' lang='lat' dir='ltr'><strong>rectl</strong></span> <span class='ocrx_word' id='word_1_261' title='bbox 196 2389 222 2439; x_wconf 84' lang='lat' dir='ltr'><strong>nd</strong></span> <span class='ocrx_word' id='word_1_262' title='bbox 241 2388 391 2441; x_wconf 85' lang='lat' dir='ltr'><strong>obedientiam</strong></span> <span class='ocrx_word' id='word_1_263' title='bbox 410 2391 539 2454; x_wconf 83' lang='lat' dir='ltr'><strong>partinet),</strong></span> <span class='ocrx_word' id='word_1_264' title='bbox 548 2392 663 2444; x_wconf 82' lang='lat' dir='ltr'><strong>meritoria</strong></span> <span class='ocrx_word' id='word_1_265' title='bbox 679 2406 732 2444; x_wconf 84' lang='lat' dir='ltr'><strong>esse</strong></span> <span class='ocrx_word' id='word_1_266' title='bbox 746 2405 793 2444; x_wconf 93' lang='lat' dir='ltr'><strong>non</strong></span> <span class='ocrx_word' id='word_1_267' title='bbox 810 2398 917 2459; x_wconf 84' lang='lat' dir='ltr'><strong>possent,</strong></span> 
     </span>
     <span class='ocr_line' id='line_1_33' title="bbox 113 2458 917 2529; baseline 0.011 -21"><span class='ocrx_word' id='word_1_268' title='bbox 113 2458 173 2509; x_wconf 82' lang='lat' dir='ltr'><strong>sicud</strong></span> <span class='ocrx_word' id='word_1_269' title='bbox 191 2472 233 2510; x_wconf 85' lang='lat' dir='ltr'><strong>nac</strong></span> <span class='ocrx_word' id='word_1_270' title='bbox 247 2461 268 2510; x_wconf 90' lang='lat' dir='ltr'><strong>si</strong></span> <span class='ocrx_word' id='word_1_271' title='bbox 281 2461 362 2513; x_wconf 82' lang='lat' dir='ltr'><strong>tierent</strong></span> <span class='ocrx_word' id='word_1_272' title='bbox 376 2461 425 2513; x_wconf 84' lang='lat' dir='ltr'><strong>sine</strong></span> <span class='ocrx_word' id='word_1_273' title='bbox 444 2463 569 2525; x_wconf 81' lang='lat' dir='ltr'><strong>ohantate,</strong></span> <span class='ocrx_word' id='word_1_274' title='bbox 584 2478 635 2529; x_wconf 84' lang='lat' dir='ltr'><strong>que</strong></span> <span class='ocrx_word' id='word_1_275' title='bbox 649 2465 700 2516; x_wconf 86' lang='lat' dir='ltr'><strong>sinc</strong></span> <span class='ocrx_word' id='word_1_276' title='bbox 716 2464 848 2515; x_wconf 87' lang='lat' dir='ltr'><strong>obedientia</strong></span> <span class='ocrx_word' id='word_1_277' title='bbox 861 2478 917 2517; x_wconf 86' lang='lat' dir='ltr'><strong>esse</strong></span> 
     </span>
     <span class='ocr_line' id='line_1_34' title="bbox 113 2534 916 2603; baseline 0.014 -23"><span class='ocrx_word' id='word_1_278' title='bbox 113 2542 159 2581; x_wconf 89' lang='lat' dir='ltr'><strong>non</strong></span> <span class='ocrx_word' id='word_1_279' title='bbox 172 2534 248 2595; x_wconf 87' lang='lat' dir='ltr'><strong>potest</strong></span> <span class='ocrx_word' id='word_1_280' title='bbox 261 2534 362 2585; x_wconf 86' lang='lat' dir='ltr'><strong>:dieitur</strong></span> <span class='ocrx_word' id='word_1_281' title='bbox 372 2534 434 2585; x_wconf 89' lang='lat' dir='ltr'><strong>enirn</strong></span> <span class='ocrx_word' id='word_1_282' title='bbox 443 2536 451 2585; x_wconf 94' lang='lat' dir='ltr'><strong>l</strong></span> <span class='ocrx_word' id='word_1_283' title='bbox 460 2536 545 2597; x_wconf 73' lang='lat' dir='ltr'><strong>loma,</strong></span> <span class='ocrx_word' id='word_1_284' title='bbox 553 2538 584 2599; x_wconf 88' lang='lat' dir='ltr'><strong>ll,</strong></span> <span class='ocrx_word' id='word_1_285' title='bbox 594 2537 655 2601; x_wconf 83' lang='lat' dir='ltr'><strong>qubd</strong></span> <span class='ocrx_word' id='word_1_286' title='bbox 665 2537 727 2603; x_wconf 77' lang='lat' dir='ltr'><strong>aqui</strong></span> <span class='ocrx_word' id='word_1_287' title='bbox 737 2536 796 2587; x_wconf 84' lang='lat' dir='ltr'><strong>dicit</strong></span> <span class='ocrx_word' id='word_1_288' title='bbox 804 2546 831 2588; x_wconf 85' lang='lat' dir='ltr'><strong>se</strong></span> <span class='ocrx_word' id='word_1_289' title='bbox 844 2550 916 2591; x_wconf 85' lang='lat' dir='ltr'><strong>nosse</strong></span> 
     </span>
     <span class='ocr_line' id='line_1_35' title="bbox 113 2601 917 2674; baseline 0.014 -23"><span class='ocrx_word' id='word_1_290' title='bbox 113 2601 185 2653; x_wconf 84' lang='lat' dir='ltr'><strong>Deum</strong></span> <span class='ocrx_word' id='word_1_291' title='bbox 195 2604 219 2653; x_wconf 90' lang='lat' dir='ltr'><strong>et</strong></span> <span class='ocrx_word' id='word_1_292' title='bbox 232 2604 337 2657; x_wconf 83' lang='lat' dir='ltr'><strong>mandata</strong></span> <span class='ocrx_word' id='word_1_293' title='bbox 350 2606 402 2670; x_wconf 75' lang='lat' dir='ltr'><strong>eius</strong></span> <span class='ocrx_word' id='word_1_294' title='bbox 421 2618 467 2658; x_wconf 90' lang='lat' dir='ltr'><strong>nou</strong></span> <span class='ocrx_word' id='word_1_295' title='bbox 479 2608 594 2673; x_wconf 83' lang='lat' dir='ltr'><strong>custodit,</strong></span> <span class='ocrx_word' id='word_1_296' title='bbox 608 2610 705 2661; x_wconf 81' lang='lat' dir='ltr'><strong>mendax</strong></span> <span class='ocrx_word' id='word_1_297' title='bbox 723 2614 772 2672; x_wconf 80' lang='lat' dir='ltr'><strong>est3</strong></span> <span class='ocrx_word' id='word_1_298' title='bbox 785 2608 826 2674; x_wconf 83' lang='lat' dir='ltr'><strong>qui</strong></span> <span class='ocrx_word' id='word_1_299' title='bbox 837 2612 917 2661; x_wconf 82' lang='lat' dir='ltr'><strong>auteur</strong></span> 
     </span>
     <span class='ocr_line' id='line_1_36' title="bbox 112 2672 917 2745; baseline 0.011 -22"><span class='ocrx_word' id='word_1_300' title='bbox 112 2675 188 2723; x_wconf 78' lang='lat' dir='ltr'><strong>nervat</strong></span> <span class='ocrx_word' id='word_1_301' title='bbox 200 2672 268 2724; x_wconf 88' lang='lat' dir='ltr'><strong>verba</strong></span> <span class='ocrx_word' id='word_1_302' title='bbox 281 2677 349 2741; x_wconf 75' lang='lat' dir='ltr'><strong>ejus,</strong></span> <span class='ocrx_word' id='word_1_303' title='bbox 364 2676 416 2729; x_wconf 80' lang='lat' dir='ltr'><strong>verb</strong></span> <span class='ocrx_word' id='word_1_304' title='bbox 432 2678 457 2727; x_wconf 92' lang='lat' dir='ltr'><strong>iu</strong></span> <span class='ocrx_word' id='word_1_305' title='bbox 470 2680 515 2730; x_wconf 88' lang='lat' dir='ltr'><strong>boc</strong></span> <span class='ocrx_word' id='word_1_306' title='bbox 527 2680 623 2733; x_wconf 85' lang='lat' dir='ltr'><strong>ebaritas</strong></span> <span class='ocrx_word' id='word_1_307' title='bbox 635 2681 676 2733; x_wconf 81' lang='lat' dir='ltr'><strong>liei</strong></span> <span class='ocrx_word' id='word_1_308' title='bbox 688 2681 791 2745; x_wconf 81' lang='lat' dir='ltr'><strong>perfecta</strong></span> <span class='ocrx_word' id='word_1_309' title='bbox 803 2684 848 2731; x_wconf 87' lang='lat' dir='ltr'><strong>est.</strong></span> <span class='ocrx_word' id='word_1_310' title='bbox 858 2698 873 2728; x_wconf 88' lang='grc' dir='ltr'><strong>ι</strong></span> <span class='ocrx_word' id='word_1_311' title='bbox 886 2682 917 2732; x_wconf 83' lang='lat' dir='ltr'><strong>et</strong></span> 
     </span>
     <span class='ocr_line' id='line_1_37' title="bbox 113 2742 825 2811; baseline 0.008 -18"><span class='ocrx_word' id='word_1_312' title='bbox 113 2742 157 2795; x_wconf 89' lang='lat' dir='ltr'><strong>boc</strong></span> <span class='ocrx_word' id='word_1_313' title='bbox 165 2742 270 2808; x_wconf 76' lang='lat' dir='ltr'><strong>lienosi,</strong></span> <span class='ocrx_word' id='word_1_314' title='bbox 278 2745 331 2811; x_wconf 78' lang='lat' dir='ltr'><strong>quia</strong></span> <span class='ocrx_word' id='word_1_315' title='bbox 344 2764 358 2796; x_wconf 92' lang='grc' dir='ltr'><strong>ιι</strong></span> <span class='ocrx_word' id='word_1_316' title='bbox 371 2748 469 2801; x_wconf 81' lang='lat' dir='ltr'><strong>amicitia</strong></span> <span class='ocrx_word' id='word_1_317' title='bbox 480 2749 535 2801; x_wconf 87' lang='lat' dir='ltr'><strong>tacit</strong></span> <span class='ocrx_word' id='word_1_318' title='bbox 544 2752 605 2804; x_wconf 85' lang='lat' dir='ltr'><strong>idem</strong></span> <span class='ocrx_word' id='word_1_319' title='bbox 617 2753 678 2804; x_wconf 81' lang='lat' dir='ltr'><strong>uelle</strong></span> <span class='ocrx_word' id='word_1_320' title='bbox 690 2756 715 2805; x_wconf 88' lang='lat' dir='ltr'><strong>ct</strong></span> <span class='ocrx_word' id='word_1_321' title='bbox 723 2752 793 2805; x_wconf 89' lang='lat' dir='ltr'><strong>nollo.</strong></span> <span class='ocrx_word' id='word_1_322' title='bbox 810 2767 825 2799; x_wconf 84' lang='grc' dir='ltr'><strong>ιι</strong></span> 
     </span>
    </p>
   </div>
   <div class='ocr_carea' id='block_1_3' title="bbox 113 2814 917 2963">
    <p class='ocr_par' dir='ltr' id='par_1_4' title="bbox 113 2814 917 2963">
     <span class='ocr_line' id='line_1_38' title="bbox 144 2814 917 2890; baseline 0.013 -23"><span class='ocrx_word' id='word_1_323' title='bbox 144 2814 178 2872; x_wconf 80' lang='lat' dir='ltr'><strong>nd</strong></span> <span class='ocrx_word' id='word_1_324' title='bbox 191 2814 289 2879; x_wconf 79' lang='lat' dir='ltr'><strong>primum</strong></span> <span class='ocrx_word' id='word_1_325' title='bbox 299 2830 353 2881; x_wconf 75' lang='lat' dir='ltr'><strong>ergo</strong></span> <span class='ocrx_word' id='word_1_326' title='bbox 367 2819 570 2887; x_wconf 69' lang='lat' dir='ltr'><strong>circummunit</strong></span> <span class='ocrx_word' id='word_1_327' title='bbox 581 2824 712 2875; x_wconf 85' lang='lat' dir='ltr'><strong>obediontia</strong></span> <span class='ocrx_word' id='word_1_328' title='bbox 723 2823 826 2890; x_wconf 88' lang='lat' dir='ltr'><strong>procedit</strong></span> <span class='ocrx_word' id='word_1_329' title='bbox 839 2836 869 2875; x_wconf 82' lang='lat' dir='ltr'><strong>ex</strong></span> <span class='ocrx_word' id='word_1_330' title='bbox 878 2838 917 2877; x_wconf 87' lang='lat' dir='ltr'><strong>re·</strong></span> 
     </span>
     <span class='ocr_line' id='line_1_39' title="bbox 113 2884 915 2963; baseline -0.005 -11"><span class='ocrx_word' id='word_1_331' title='bbox 113 2884 223 2947; x_wconf 55' lang='lat' dir='ltr'><strong>ledesma»</strong></span> <span class='ocrx_word' id='word_1_332' title='bbox 237 2888 525 2963; x_wconf 57' lang='lat' dir='ltr'><strong>(illmtbtlibtttttllttmot</strong></span> <span class='ocrx_word' id='word_1_333' title='bbox 535 2894 649 2951; x_wconf 76' lang='lat' dir='ltr'><strong>bonorem</strong></span> <span class='ocrx_word' id='word_1_334' title='bbox 661 2896 773 2963; x_wconf 67' lang='lat' dir='ltr'><strong>superium</strong></span> <span class='ocrx_word' id='word_1_335' title='bbox 781 2899 827 2962; x_wconf 68' lang='lat' dir='ltr'><strong>pot</strong></span> <span class='ocrx_word' id='word_1_336' title='bbox 840 2910 915 2963; x_wconf 77' lang='lat' dir='ltr'><strong>quan-</strong></span> 
     </span>
    </p>
   </div>
   <div class='ocr_carea' id='block_1_4' title="bbox 0 0 979 3284">
    <p class='ocr_par' dir='ltr' id='par_1_5' title="bbox 0 0 979 3284">
     <span class='ocr_line' id='line_1_40' title="bbox 0 0 979 3284; baseline 0 0"><span class='ocrx_word' id='word_1_337' title='bbox 0 0 979 3284; x_wconf 95' lang='lat' dir='ltr'><strong> </strong></span> 
     </span>
    </p>
   </div>
  </div>
 </body>
</html>
