1934 3284
116 153 163 202 eta
233 160 341 200 anunm
355 159 484 213 muna,
500 157 593 205 onum.
612 159 689 209 ων,
709 161 772 200 aar.
790 163 810 202 n.

117 241 200 290 eadere
208 238 307 301 entparn.
323 238 385 302 Ergo
405 237 569 289 inconvenieus
585 237 631 287 init
649 237 717 302 qnod
734 241 810 291 bomo
821 241 873 290 ante
881 190 941 302 pen-i

117 316 192 362 nntnn
204 313 338 361 tenbmtnr.

148 383 192 432 Sei
206 385 283 431 contra
299 386 348 443 est,
362 381 424 444 quod
439 381 524 430 dicitnr
537 381 699 442 Ecclesium„
719 383 821 434 XXXIV
843 400 849 433 ε
869 381 924 442 attii

118 457 217 504 tentatus
229 467 275 504 non
287 458 335 514 ent,
346 453 420 516 nuntia
433 453 486 503 anit.
500 467 514 498 n

149 525 308 588 (Concanum.
319 551 350 562 -
358 525 441 574 Denmt
451 535 476 574 ut
487 524 545 574 Deua
555 524 674 576 bominem
684 525 710 574 in
721 529 790 576 statu
803 526 923 577 innocentia
940 553 941 600 p

117 599 141 647 et
158 597 242 646 tentari
261 609 302 659 per
315 597 387 646 matos
405 598 498 659 angelos
516 596 673 659 permitteret,
686 599 712 645 et
734 610 781 660 per
798 598 872 649 bonos
885 612 923 646 eun
940 603 941 648 t

114 668 309 733 jurariiaoerett
940 693 941 740 p

148 738 421 804 Respondendirendnrn‚
431 737 491 801 quod
501 737 579 788 dirim
589 737 705 801 sapientia
718 755 734 786 «
743 741 923 805 disponitnmnir
940 777 941 782 ,

118 811 231 873 suaviter,
251 826 265 858 n
282 813 308 860 ut
322 809 406 858 dieitur
420 809 492 872 Sap..
509 807 571 869 vttt,
589 808 614 857 in
631 814 748 872 qnantum
769 813 864 863 scilicet
888 815 924 872 ejus

117 881 259 947 providentia
278 880 375 945 singulis
394 879 498 930 attribuit
518 892 569 943 qna
587 880 622 931 eis
641 886 785 944 nompetnnt
809 885 922 934 sernnttn

118 967 182 1004 anam
200 957 304 1004 naturam
322 967 328 1002 :
346 951 412 1014 nnia,
426 956 452 1001 nt
472 951 528 1002 dicit
548 951 671 1017 Dionysius
684 953 724 1004 tt.
749 967 806 1018 cap.
825 957 862 1005 De
878 957 921 1003 dit.

119 1027 230 1082 Nomia,
252 1024 424 1089 «providentia
444 1037 491 1074 nnn
513 1029 547 1075 est
570 1028 674 1074 naturam
696 1038 871 1091 eorrumpere,
894 1028 922 1076 set

119 1099 214 1148 salvare.
224 1115 237 1144 n
247 1099 376 1147 {iocantem
391 1095 490 1159 pertinet
503 1097 528 1144 ad
537 1095 688 1146 conditionem
702 1097 821 1148 bumana,
835 1104 920 1148 nature.

117 1170 179 1219 ntab
185 1169 236 1220 atiis
243 1168 352 1218 creaturis
362 1167 438 1230 J'nnnri
445 1167 481 1217 net
493 1167 593 1231 impertiri
604 1166 675 1229 possit
687 1181 693 1215 ι
705 1170 768 1218 unte
780 1173 918 1222 conveniens

119 1241 164 1291 init
175 1245 200 1290 nt
209 1240 390 1292 Densbominem
400 1239 423 1288 in
432 1243 492 1288 statu
503 1239 639 1289 innocentia
650 1241 773 1289 attentari
786 1243 923 1305 permitteret

118 1327 162 1377 per
176 1314 248 1363 maios
264 1312 370 1374 angelon,
385 1315 409 1360 et
419 1310 496 1374 jurari
510 1323 560 1359 enm
573 1310 659 1360 taceret
673 1323 715 1374 per
729 1311 819 1362 bonos.
836 1315 870 1363 Ex
881 1327 921 1375 sne

118 1385 170 1434 ninii
182 1384 242 1435 enim
256 1383 366 1433 beneitoio
375 1384 452 1446 gratia
464 1384 509 1432 boo
523 1381 731 1443 natumnatum,
745 1387 773 1432 ut
784 1385 852 1434 nnita
867 1401 920 1436 crer-

120 1458 170 1505 tnra
188 1454 285 1505 exterior
298 1455 320 1504 ei
336 1458 413 1517 posset
428 1467 510 1504 nouere
528 1456 604 1503 contra
627 1453 743 1517 propriam
766 1457 919 1518 voluntatem,

119 1539 159 1590 per
171 1540 238 1589 qnam
249 1527 318 1576 etiam
329 1524 450 1576 tentationi
461 1525 572 1576 daemonis
583 1527 688 1576 resistere
703 1527 810 1589 poterat.

150 1597 184 1646 td
197 1597 294 1660 primum
308 1608 361 1660 ergo
377 1597 511 1652 dicendum,
523 1595 581 1660 qnbd
597 1609 664 1660 snpra
678 1601 786 1647 naturam
800 1599 919 1649 bumannn

119 1672 155 1720 ent
167 1668 242 1732 aliqua
257 1672 348 1728 natura,
363 1668 389 1717 in
406 1681 450 1731 nna
468 1671 544 1731 puteat
559 1667 644 1716 rnatum
656 1667 729 1731 nntpaa
744 1667 864 1734 inveniri;
883 1684 919 1720 nnn

119 1745 195 1791 antem
212 1755 279 1805 snpra
291 1744 395 1790 naturam
409 1740 644 1803 angelicam'l'entare
656 1742 732 1788 antem
747 1739 886 1794 inducendo
899 1745 918 1792 at

120 1813 217 1874 matum,
232 1827 278 1863 non
291 1816 327 1862 est
338 1812 383 1862 nisi
391 1811 439 1875 jam
450 1811 568 1876 depravari
579 1823 619 1874 per
630 1811 723 1874 cuipam
739 1826 746 1860 :
759 1815 784 1862 et
799 1813 857 1866 ideo
871 1829 917 1864 oon·

119 1883 216 1934 reniena
228 1883 272 1934 tuit
286 1889 312 1933 nt
326 1885 396 1933 bomo
410 1896 451 1947 per
463 1883 568 1946 mgnum
583 1880 665 1930 malum
680 1885 810 1933 tentaretur
824 1887 853 1936 ad
874 1899 919 1949 per-

120 1957 231 2017 enninm3
248 1956 308 2006 nont
321 1955 390 2015 etiam
404 1953 529 2006 seeundum
540 1952 641 2002 ordinem
658 1955 746 2002 natura
759 1967 803 2016 per
819 1959 919 2020 angeium

120 2025 205 2076 bonnm
218 2031 361 2091 panarum
373 2028 402 2077 ad
412 2025 589 2090 perfectionem.
603 2024 702 2087 inpetus
712 2027 791 2074 antem
805 2025 820 2077 ir
833 2041 875 2079 suo
888 2043 920 2078 sn

121 2099 204 2164 periuri
216 2100 225 2163 (
235 2099 320 2149 seilicet
334 2098 346 2147 a
360 2100 420 2160 ben)
433 2097 458 2147 in
472 2098 532 2146 bono
545 2095 624 2158 partini
637 2095 726 2159 potuit,
739 2109 787 2145 non
802 2103 881 2150 antem
894 2099 916 2147 at

121 2173 259 2234 peonanrtnnn
275 2169 351 2220 induri
363 2186 370 2220 ι
384 2170 438 2234 qnia
453 2168 513 2219 niont
526 2168 607 2218 dicitnr
619 2169 684 2226 ino,
699 2169 709 2216 i
722 2181 729 2216 ε
744 2184 758 2216 u
771 2170 840 2220 Deus
850 2171 919 2221 inten-

121 2246 181 2293 tator
191 2243 300 2292 malornm
314 2245 440 2293 nonest.»

152 2316 185 2366 tt
198 2315 322 2365 anundum
330 2315 466 2374 dicendum,
478 2312 538 2377 qnod
549 2313 611 2363 nont
620 2311 772 2364 bnsniebnt
781 2313 846 2376 qubrt
856 2317 917 2365 bonu

120 2401 161 2452 per
169 2387 318 2438 tentationem
328 2388 352 2435 in
360 2389 476 2450 permtnm
484 2383 704 2448 easetdejiniendus‚
715 2384 747 2434 ita
755 2383 828 2434 etiam
840 2388 919 2436 sciebat
941 2393 942 2422 t

120 2460 180 2524 nubit
198 2473 240 2524 par
252 2459 348 2508 tibernm
367 2458 482 2508 arbitrium
504 2457 608 2507 resistere
628 2459 719 2520 poterat
736 2459 862 2507 tentatori.
882 2461 919 2508 lior
941 2431 942 2506 i

121 2535 197 2581 antem
211 2531 338 2596 requirebat
352 2529 452 2580 nunditin
470 2534 556 2579 naiman
571 2529 644 2593 ipsius
658 2532 682 2576 nt
697 2527 796 2592 proprian
810 2530 917 2579 voluntati
941 2507 942 2552 ¹

120 2602 299 2664 rebnnneretnr3
317 2601 440 2652 aeonnttbm
452 2601 509 2650 iilud
528 2601 631 2654 Ecaten,
648 2600 705 2649 XV:
722 2616 736 2646 u
750 2599 813 2649 bens
830 2602 916 2664 reliquit

121 2673 236 2721 bominem
253 2674 278 2721 in
289 2686 357 2722 manu
373 2673 462 2723 consilii
478 2672 524 2722 sni.
539 2689 553 2718 n
572 2672 635 2721 Unde
647 2670 790 2732 Augustinus
810 2672 867 2722 dicit
883 2674 915 2722 xi.

119 2754 196 2801 anper
209 2742 295 2790 Genea.
310 2743 346 2791 nd
360 2743 402 2793 tu.
416 2745 486 2806 (cap.
502 2743 536 2805 6)
550 2758 556 2792 t
571 2759 586 2789 u
598 2743 649 2792 Non
663 2740 720 2790 inibi
736 2741 830 2791 ridetur
842 2755 916 2806 magna

121 2809 196 2857 bunia
216 2811 317 2860 tuturnm
338 2813 409 2863 misae
431 2815 564 2876 bominem,
585 2814 604 2863 si
622 2815 740 2876 propterea
761 2817 844 2877 posset
865 2816 916 2864 bene

121 2878 211 2940 ninere,
226 2881 279 2941 quin
295 2894 363 2934 namn
380 2883 441 2935 mati
458 2885 536 2935 rirera
553 2885 669 2948 suaderem
686 2882 739 2934 unm
756 2884 825 2938 etin
843 2890 914 2938 natura
