1934 3284
86 239 121 290 Ad
135 237 259 290 malam
267 238 387 290 almadana
396 275 403 300 ,
412 237 474 299 quta
481 237 582 296 malian
590 238 740 293 nnausnon
748 240 859 305 mutar

48 309 179 362 mundum
199 309 362 373 quantitatem,
380 311 421 362 sed
442 309 567 362 secunlum
588 311 699 364 tutionem
716 316 818 376 restam,
831 317 858 364 at

50 382 139 434 dieitur
150 380 175 432 iu
189 381 218 432 ll.
227 383 309 434 utun.
323 383 392 447 (uap-
405 383 466 434 tvel
478 385 521 443 5).
535 382 603 434 Ratio
611 385 688 434 auum
698 383 856 448 juumtqatl

50 457 150 520 pmpter
167 452 265 516 aliquam
279 453 399 518 specialem
412 467 505 505 causam
516 453 598 517 aliquis
613 455 682 506 homo
695 454 771 506 minius
782 460 858 508 sumat

52 528 84 578 de
106 525 159 578 cibo
173 525 240 589 quum
254 525 298 576 cibi
311 529 449 591 competeret
465 525 589 578 samnitium
604 530 687 578 statum
699 541 857 594 communem

51 599 117 650 siout
131 599 223 661 proptor
233 595 388 652 infirmitatem
395 598 520 660 vitandam,
528 601 568 648 aut
578 599 606 648 ad
614 597 689 662 aliqua
698 612 768 662 opera
779 612 859 664 ourpo-

50 668 113 721 ralia
126 667 257 731 expeditius
269 671 370 732 agenda3
383 673 407 721 st
417 669 488 721 multo
498 669 570 732 magis
578 669 637 720 ratio
646 672 707 720 reeta
718 671 762 720 loe
770 671 860 731 ordinat

50 743 82 792 ad
99 739 208 805 specialia
225 741 285 801 mula
298 741 393 798 uitanda
413 746 436 792 et
456 743 517 792 bona
532 741 697 807 prosequenda.
711 742 763 792 Non
782 746 859 795 umen

51 812 116 865 ratio
125 816 188 862 mota
202 815 292 862 tantum
304 813 332 864 de
349 813 398 864 uitro
409 813 530 877 subtrahit,
538 816 567 864 ut
580 816 661 867 natura
670 814 801 864 conseruari
812 827 859 868 uou

50 885 133 952 possit
144 899 151 934 ε
161 883 223 948 quia,
234 888 260 934 ut
270 885 419 951 Hieronymus
428 885 482 936 dicit
495 901 503 936 z
516 886 591 936 «lion
600 885 677 936 differt
689 885 766 936 utrium
778 899 861 950 magno

52 958 95 1008 vel
112 969 184 1021 paruo
194 959 330 1020 temporeis
346 957 479 1021 interimas3
493 957 546 1022 quia
563 958 592 1008 de
607 957 689 1020 rapina
704 957 861 1008 holocaustum

52 1029 143 1091 offert,
155 1027 196 1091 qui
208 1028 246 1077 nal
264 1027 365 1080 ciborum
384 1028 455 1079 uimit
470 1032 586 1092 apostate,
605 1028 644 1084 uel
661 1029 810 1080 manducanai
823 1030 861 1081 rel
899 1036 902 1040 '

52 1098 136 1152 somni
153 1098 249 1162 peuurit
267 1097 414 1152 immoderato
434 1114 516 1164 eorpus
534 1100 625 1164 alligit.
639 1117 654 1148 n
667 1100 776 1151 Similiter
793 1101 861 1152 mum

53 1170 118 1224 natio
134 1174 197 1220 recta
215 1183 262 1222 nou
278 1174 367 1222 uatum
385 1172 413 1224 de
432 1172 482 1224 uiuo
497 1172 609 1223 subtrahit
624 1176 650 1222 ut
668 1172 738 1223 homo
755 1172 862 1224 mannum

54 1245 175 1308 impotens
189 1243 217 1292 ad
230 1243 307 1294 debila
323 1256 392 1307 opera
405 1245 534 1307 porageaala
549 1245 627 1296 :undo
639 1243 695 1294 linit
709 1243 861 1308 lliernmmm

53 1313 121 1380 quud
132 1331 147 1362 u
161 1314 300 1366 rationabilis
312 1317 381 1369 humo
391 1314 524 1378 lignitatem
536 1313 686 1379 amittit,qai
698 1315 735 1365 uel
746 1313 862 1378 ieiunium

55 1385 181 1448 charitati,
195 1387 232 1436 vel
246 1386 334 1450 vigilias
347 1388 429 1439 sensus
443 1387 566 1452 integritati
578 1387 679 1451 pralon.
691 1402 707 1434 u

91 1457 128 1510 Ad
141 1457 233 1510 tertium
250 1457 382 1521 dicendum,
393 1457 453 1522 pull
468 1458 681 1524 jejuniumnaturu
694 1471 741 1523 qno
753 1457 806 1522 quis
823 1456 862 1508 di-

54 1529 123 1584 eitur
134 1528 229 1594 Jejuuus
242 1535 362 1596 autequam
376 1533 492 1592 comedat,
507 1531 610 1582 oonsistit
622 1529 647 1580 in
660 1529 861 1595 purainegatione,

56 1602 122 1653 uude
140 1613 187 1652 uon
206 1604 281 1665 potest
299 1602 353 1667 poni
373 1606 435 1654 aetus
455 1602 559 1666 uirtutis3
574 1603 615 1653 sel
634 1603 709 1652 solum
724 1602 780 1652 illud
795 1601 862 1667 jep'u-

58 1673 136 1734 nium,
151 1685 197 1735 quo
209 1673 260 1736 quis
271 1686 300 1724 ux
311 1673 437 1726 rationabili
449 1675 567 1738 proposito
577 1671 655 1724 acina
668 1673 796 1737 aliqualiter
807 1673 861 1723 alts-

63 1747 132 1796 tiuet.
152 1744 217 1796 Unda
240 1744 337 1808 primum
365 1744 446 1796 dieitur
467 1745 601 1810 jejunium
616 1746 717 1810 pejuro&
738 1742 862 1796 mmullm

60 1816 120 1870 uero
125 1817 259 1883 jejunium
265 1817 419 1884 jejunantis,
430 1817 497 1882 quasi
505 1831 534 1868 en
542 1817 660 1882 proposito
667 1816 754 1881 aliquid
763 1814 862 1878 aganus.

364 1985 522 2040 tumcuuus
533 1986 562 2036 ll.

211 2108 430 2166 vartmlelontum
444 2107 477 2152 uit
487 2109 555 2152 aetus
567 2105 722 2150 absuntam.

95 2227 130 2280 Ad
142 2225 265 2280 secundim
274 2227 308 2278 sie
321 2225 449 2292 proceditur
461 2223 505 2290 (l).
514 2223 610 2274 Videtur
623 2221 684 2287 pull
693 2221 808 2286 jejunium
818 2234 865 2273 non

62 2300 94 2355 sit
106 2303 171 2351 actus
186 2297 338 2349 abstinentie.
348 2297 404 2359 Quia
419 2310 489 2361 super
503 2295 559 2346 illud
573 2296 678 2354 Molli„
691 2293 758 2344 xvll
769 2309 775 2342 :
788 2310 802 2340 u
817 2294 865 2344 Hoc

61 2385 138 2438 genus
153 2369 325 2432 demoniorum,
341 2371 398 2432 etc„
410 2385 424 2416 u
436 2367 492 2418 dicit
504 2367 585 2419 Glossa
598 2381 604 2415 :
619 2364 758 2430 «iejunium
769 2367 805 2414 est
818 2376 865 2415 noa

61 2443 138 2496 solium
153 2442 181 2492 ab
197 2441 270 2503 esais,
285 2441 325 2492 sed
339 2440 352 2490 l
366 2440 454 2491 cunctis
472 2439 585 2490 illecebris
598 2437 720 2488 abstinere.
735 2451 749 2481 n
764 2435 808 2485 Sed
820 2435 865 2485 hoa

61 2515 166 2580 partinet
185 2514 213 2564 al
233 2525 325 2564 omnem
343 2511 459 2564 virtutum.
480 2512 539 2574 Ergo
554 2508 671 2574 jejunium
688 2519 734 2558 nou
752 2509 789 2557 est
802 2508 867 2556 actus

61 2585 192 2651 specialiter
205 2585 358 2636 abstinentie.

96 2663 121 2710 t.
137 2659 258 2719 Praeterea,
268 2656 388 2723 Gregorius
398 2655 451 2706 licit
459 2655 484 2706 in
493 2655 592 2706 llomilia
601 2652 811 2716 Quadrupesimoe
822 2649 866 2715 (a),

98 2766 130 2829 (1)
146 2770 178 2814 na
195 2768 310 2814 lineatam
321 2769 364 2814 ru.
379 2745 456 2816 sent,
471 2767 526 2813 aar.
537 2763 580 2820 au,
596 2777 636 2822 qa.
652 2763 677 2824 a,
690 2768 737 2810 aa.
748 2761 777 2819 1,
792 2772 868 2818 qaen-

65 2836 142 2888 tiuup.
152 2830 344 2886 tensamentum.
355 2830 383 2887 5,
395 2830 425 2876 ud
438 2830 468 2883 ὓς
483 2835 508 2875 et
518 2827 619 2886 ouant,
629 2830 667 2887 ll,
683 2833 726 2874 art.
742 2825 782 2880 12,
792 2825 822 2870 aul
840 2821 864 2870 3.

100 2901 136 2966 (2)
150 2902 264 2950 Nimirum
276 2902 362 2950 Homil.
373 2902 427 2950 XVI
443 2913 513 2960 super
525 2899 632 2960 Rom„
642 2899 684 2948 ppt
696 2903 750 2959 μμ
762 2896 868 2956 «ψῃ.
