1934 3284
265 133 296 174 aa
311 132 496 179 emmeramus
511 133 665 178 mestre.
817 128 863 178 llll

81 212 105 263 Si
119 208 177 275 puts
191 222 247 273 ergo
265 209 446 262 consideratione
459 214 570 262 astrorum
584 215 662 263 ntatnr
675 213 704 263 ad
714 224 865 277 praeegres-

53 282 140 333 medos
160 280 251 331 tuturus
266 282 370 333 casuales
390 282 425 333 nel
443 282 547 333 lentulus
564 286 675 343 eventus,
688 288 728 335 aut
749 283 863 335 etiamad

53 352 242 417 cognoscendum
255 364 295 415 per
308 352 463 403 certitudinem
481 354 556 404 lutura
571 366 640 419 opera
658 355 791 417 hominnm,
807 368 862 418 pro·

54 425 113 475 redit
127 426 177 475 luen
191 436 222 474 ex
233 421 290 473 falsa
303 426 327 473 et
343 436 401 473 vena
413 423 534 487 opinione3
550 430 574 475 et
589 424 736 491 uituperatio
750 426 862 477 demonis

54 508 77 545 se
92 494 230 555 immiscet,
245 494 305 545 unde
324 493 368 544 erit
382 493 493 545 divinatio
505 496 662 559 aupumtitinsa
684 500 708 547 et
729 495 815 547 illicita.
835 496 861 547 Si

53 567 111 619 reris
121 566 213 629 aliquia
225 568 301 615 alatur
315 565 495 617 consideratione
504 571 616 618 astrorum
629 568 658 619 ad
673 581 862 633 prenepnnsoen·

55 640 107 689 dnm
122 638 204 689 lutura
215 649 310 700 (pumex
318 636 450 689 coelestibns
458 643 581 691 murentur
593 639 737 704 eorporilue,
750 638 807 703 puta
819 639 865 690 sin·

56 710 152 767 alleles,
169 712 193 759 et
209 707 300 772 plumas
317 712 340 758 el
354 707 400 761 alia
419 709 567 773 huiusmodi,
580 722 627 761 non
645 710 688 762 erit
700 710 781 762 illicita
801 709 865 763 diri-

57 782 118 835 mlin
131 794 181 836 nen
194 779 362 843 superstitiosa.

86 856 118 905 Et
125 850 258 906 seonudirm
273 854 316 903 lton
324 856 387 917 patet
396 854 515 918 responsio
532 853 676 919 adprimnm.

87 928 121 977 td
136 926 266 977 seeundum
280 924 414 988 dicendum,
430 925 491 989 qudd
503 927 548 978 hoe
560 924 622 989 quod
634 926 743 991 astrologi
758 941 788 979 ex
807 937 863 978 een·

57 998 197 1049 sideratione
221 999 333 1047 astrorum
352 996 481 1061 frequenter
493 1011 548 1049 vera
567 997 736 1062 praenuntiant,
751 998 864 1063 contingit

57 1070 190 1133 dupliciter.
206 1068 257 1119 Une
271 1069 363 1131 quidem
375 1070 454 1131 medo,
465 1069 519 1133 quia
528 1068 732 1135 plureenomiuuun
746 1070 864 1133 passiones

57 1142 189 1207 mrpnrales
203 1144 341 1204 murentur.
353 1140 383 1190 ut
393 1140 444 1193 ideo
457 1144 521 1191 aetus
535 1154 613 1192 eorum
623 1140 783 1205 disponentur,
798 1144 824 1191 ut
837 1142 863 1192 in

58 1214 171 1277 plurilus,
182 1210 309 1263 secundnm
321 1210 493 1263 inminationem
506 1211 633 1263 rmlestium
646 1223 781 1277 corporum
795 1212 862 1278 panei

59 1289 133 1335 autern
147 1288 205 1335 sunt
221 1282 263 1337 lid
277 1285 315 1333 est
327 1282 370 1335 soli
386 1283 518 1349 sapientes)
527 1283 569 1347 qui
583 1282 671 1334 ratione
686 1283 815 1349 nujmmodi
827 1284 864 1335 in·

62 1356 199 1408 rdnatims
212 1355 359 1407 moderentur
372 1369 378 1403 :
391 1360 415 1407 et
428 1355 479 1406 iden
493 1354 600 1419 astrologi
613 1354 638 1404 in
652 1354 729 1406 mullis
740 1368 793 1407 rere
806 1366 864 1419 pres

62 1428 183 1487 renuant,
196 1430 220 1477 et
233 1424 387 1489 praeripuere
402 1426 560 1477 communibus
574 1424 708 1487 erentdsus,
722 1426 762 1490 qni
775 1428 866 1491 depen-

64 1501 111 1551 dent
121 1515 151 1552 ex
167 1497 326 1550 multitudiue.
342 1496 392 1547 llio
407 1498 474 1549 modu
492 1501 586 1562 propter
602 1498 758 1549 demersere
773 1496 864 1549 immin·-

67 1576 149 1635 emtum
165 1571 231 1621 nude
251 1568 395 1633 Augustinus
410 1566 436 1619 in
453 1570 475 1620 ll
493 1570 574 1635 Super
589 1570 676 1619 Gesner.
690 1568 726 1618 ud
743 1568 788 1618 lit.
808 1568 865 1620 dicit

66 1643 119 1708 (rap.
136 1642 181 1707 Μ)
197 1656 204 1691 :
218 1638 367 1691 «ramulum
382 1644 432 1705 est,
447 1640 566 1705 quandod
585 1638 750 1691 mathematicis
763 1652 818 1692 rere
831 1640 866 1691 di·

62 1718 147 1778 euntur‚
164 1713 283 1765 melereto
296 1712 394 1777 quedam
407 1712 561 1763 noeultissimo
578 1712 639 1775 diei,
654 1725 722 1776 quem
736 1712 865 1763 nmuienles

63 1786 165 1839 lunens
182 1790 273 1837 mentes
284 1784 416 1849 pmiunarm
428 1784 489 1849 quod
504 1790 581 1835 lamen
590 1785 619 1835 ad
631 1783 777 1849 decipiendos
790 1783 863 1834 teml-

61 1870 99 1909 nes
113 1858 141 1909 dl
159 1857 286 1923 spirituum
298 1854 465 1907 immundorum
480 1859 505 1909 et
516 1856 660 1907 seductorem
673 1856 813 1919 operatione,
826 1854 866 1919 qui

62 1931 162 1993 uaedam
182 1940 240 1979 nera
257 1928 286 1978 de
301 1926 464 1989 temporalibus
484 1927 552 1977 rebus
572 1938 639 1977 nosse
657 1926 831 1991 permittunlnr3
850 1942 865 1972 u

62 2002 118 2053 nude
135 2000 274 2053 concludit:
292 2016 306 2045 u
324 1998 466 2062 Quapropter
481 1999 541 2050 beno
558 1998 701 2060 curulium,
715 1997 764 2049 sire
779 1997 866 2047 mattae-

63 2073 152 2137 malini,
166 2072 218 2125 siue
239 2070 337 2137 qmlltet
354 2066 424 2135 impld
440 2070 589 2121 divinantium
598 2108 605 2132 ,
614 2075 638 2121 et
653 2069 753 2123 maxime
766 2069 867 2119 dieentes

64 2160 127 2209 reru,
139 2145 240 2198 eruendi
254 2145 323 2203 sunto,
335 2154 365 2193 ne
379 2142 491 2194 monartio
501 2143 664 2195 damoniomm
675 2141 773 2193 ammam
784 2142 867 2205 derep-

66 2222 107 2268 tum
119 2222 190 2284 paeto
200 2212 432 2281 enodamuouietatis
444 2214 555 2265 irretiant.
569 2230 584 2261 u

93 2290 170 2357 dlper
184 2290 230 2339 lune
244 2290 308 2353 patet
318 2285 435 2351 responsio
449 2286 477 2339 ad
488 2285 588 2341 terdnm
