1934 3284
112 141 161 192 tet
218 149 473 197 memoriaenon,
490 149 582 196 dnm.
599 151 685 202 amara,
701 151 811 202 mmm.

113 227 352 282 disseminatae.
365 230 406 292 (at
418 227 507 293 snpra),
522 227 702 292 «magnanimus
715 233 751 280 eet
760 229 855 294 qnidam
867 241 912 280 ma

112 300 233 365 menime
247 304 384 351 extremas»
401 300 436 365 (in
449 302 560 365 qnantum
571 299 658 352 acidoei
669 301 698 352 ad
709 301 808 352 maxima
819 301 912 366 tendit),

114 388 131 422 ι
140 385 169 426 eo
177 377 254 424 antem
262 370 322 436 dudd
331 375 358 422 nt
369 375 459 436 oportet
468 372 565 435 medinm
574 387 588 420 a
599 372 652 435 qnia
660 361 810 424 videlieet'ad
822 386 851 424 ea
867 385 914 439 qne

114 448 169 496 anat
184 445 299 508 maxima,
309 443 433 496 mmndim
444 443 556 496 rationem
568 445 656 508 tendit3
670 457 722 495 deo
735 445 799 496 enim
809 447 914 509 qnodeat

112 515 238 568 aacnndim
247 516 397 581 dignitatem
411 515 511 580 mpaum
520 515 651 580 dipnidoat,
661 533 675 564 n
687 516 807 576 utibidem
821 516 913 579 dieitur,

114 588 168 652 qnia
185 587 276 639 eoitioet
288 601 313 640 ae
327 601 375 639 non
390 587 495 639 modii
512 587 540 638 nd
557 589 643 653 majora
658 587 726 652 quim
741 587 826 652 dignus
838 591 884 641 est.

146 660 181 710 ad
194 660 318 711 mandam
334 659 469 722 dioendam,
481 657 543 722 qaod
561 659 671 710 connexio
688 659 799 710 virtum
812 673 861 711 non
882 664 915 710 est

114 731 262 796 mainsende
274 729 400 782 seonnddm
411 734 486 792 mina,
500 733 527 781 art
542 731 632 782 scilieet
643 729 736 783 cuilibet
748 735 867 797 eompotat
877 733 916 784 tra·

115 803 169 855 hero
181 807 245 854 actua
255 803 359 869 omnium
374 803 484 852 virtutum
494 818 500 852 r
510 803 571 854 unde
586 807 652 854 aetna
662 804 860 868 magnanimitatis
874 817 916 855 non

116 874 227 939 oompetit
238 874 332 926 anilibet
344 873 459 935 sinuoso,
475 874 516 925 sed
533 873 606 924 aetiam
620 874 718 938 magnis.
733 877 778 927 sed
792 876 917 927 seeund'nm

115 946 230 1012 principia
237 947 362 1007 amintam,
376 959 428 1010 qna
443 949 499 996 sont
511 945 631 1010 prudentia
641 951 665 997 et
674 947 746 1012 gratia
755 985 762 1010 ,
772 957 854 999 ornnes
870 947 918 997 eir-

117 1022 178 1070 tnies
194 1021 249 1070 sani
266 1030 375 1069 tondere
387 1016 513 1068 aeonnddrn
532 1017 623 1069 habitus
639 1018 707 1068 simui
720 1018 745 1069 in
763 1019 842 1069 anima
860 1019 918 1070 exis-

118 1093 195 1142 tentes
208 1091 246 1141 eei
258 1090 282 1141 in
296 1093 347 1140 aotn
360 1090 398 1140 nel
409 1089 434 1139 in
446 1089 573 1155 propinqua
587 1090 748 1154 dispositione.
759 1091 787 1142 Et
799 1091 834 1142 aio
845 1095 919 1157 potest

117 1162 203 1226 eliquia
212 1161 306 1213 cnidon
318 1160 428 1225 oompetit
436 1164 500 1212 aotns
509 1161 714 1228 magnanimitatis,
724 1163 811 1216 habere
818 1164 918 1214 haidum

118 1233 325 1298 magnanimem
334 1246 376 1298 per
388 1246 457 1298 qoem
471 1233 559 1285 acdinet
575 1234 702 1299 disponitur
713 1235 741 1285 ad
756 1235 827 1286 tatem
846 1239 918 1286 aotnm

119 1305 295 1368 exequendam,
311 1304 332 1355 ai
349 1304 395 1355 aiii
404 1305 530 1356 meandum
543 1308 628 1356 statum
642 1319 708 1356 adam
721 1311 872 1372 competeret.

151 1377 186 1427 nd
199 1377 292 1428 tertium
302 1376 432 1440 meandum,
442 1375 502 1440 qnod
512 1377 639 1442 oorporales
652 1381 726 1430 moine
738 1377 919 1430 diversificantur

119 1447 246 1500 mauman
259 1447 365 1499 direraaa
377 1448 460 1499 anima
475 1449 670 1513 apprehensiones
690 1453 713 1500 et
727 1448 866 1502 affectiones
881 1453 920 1500 :et

121 1519 248 1570 mennddm
260 1521 305 1570 hoo
315 1518 428 1584 oontingit
439 1517 501 1583 qnod
513 1519 543 1570 ad
558 1518 766 1583 magnanimitatem
777 1533 919 1585 consequan-

121 1591 272 1655 mrquadam
282 1589 410 1650 assidentia
419 1591 568 1642 determinata
577 1591 721 1643 oiroamotns
730 1593 870 1656 corporales.
880 1593 921 1643 Ve-

123 1662 203 1714 tooimr
216 1664 280 1714 enim
295 1663 372 1716 notris
386 1663 493 1729 provenit
505 1677 535 1714 ex
548 1677 575 1714 eo
588 1663 648 1728 qnod
662 1666 730 1716 homo
746 1665 775 1715 ad
794 1667 868 1716 multa
888 1666 921 1715 in-

122 1735 199 1786 tendit
215 1748 266 1801 qna
278 1735 371 1801 expiere
384 1734 484 1786 festinat.
504 1735 549 1786 sed
568 1735 727 1799 magnanimus
739 1735 840 1788 intendit
851 1735 920 1789 solim
950 1781 951 1792 .

125 1807 156 1858 nd
168 1820 266 1872 magna,
278 1821 329 1871 pne
341 1819 413 1872 panea
423 1812 489 1872 smt3
501 1821 552 1871 que
560 1807 629 1859 etiarn
639 1807 743 1873 indigent
756 1821 841 1874 magna
850 1813 922 1862 atten-
950 1795 951 1861 i

124 1879 188 1934 tione
201 1896 207 1929 :
221 1883 245 1931 et
260 1880 312 1930 ideo
327 1880 396 1930 habet
410 1884 497 1932 motum
512 1880 609 1930 tardum.
624 1879 733 1932 Similiter
750 1882 819 1932 adam
838 1883 921 1934 nonime

125 1953 224 2004 rosiaet
231 1951 341 2003 ammiras
353 1949 587 2016 praeeipndnompetit
594 1951 630 2002 ma
638 1951 678 2016 qni
684 1954 712 2004 de
719 1953 862 2018 quiimiibet
872 1969 921 2006 eon-

124 2025 220 2077 tendere
229 2024 386 2088 adantqaad
395 2024 551 2088 nonpertinet
561 2025 589 2074 ad
599 2024 765 2088 magnanimem
780 2026 823 2090 qni
832 2039 878 2078 non
890 2027 921 2076 in-
949 2051 950 2113 p

124 2097 258 2151 tramittant
274 2108 300 2147 ee
310 2095 358 2145 nisi
371 2095 401 2146 de
412 2095 511 2158 magnis.
525 2095 555 2145 [it
568 2095 628 2146 siout
639 2095 752 2161 pradiote
765 2096 922 2163 dispositiones

125 2170 277 2236 eorporaiidm
288 2172 391 2220 mmnnm
404 2167 543 2219 eonveniant
555 2169 721 2233 magnanimis,
733 2170 859 2222 seennddm
875 2183 921 2221 mo-

125 2244 181 2294 dam
201 2241 330 2296 mederis
347 2253 438 2305 aoman3
452 2240 485 2291 ita
495 2241 564 2291 etiam
579 2241 603 2291 in
620 2241 657 2293 his
673 2243 712 2306 qni
725 2245 778 2292 sant
793 2243 922 2294 naturaiiter
948 2287 949 2294 ,

125 2315 232 2381 dispositi
239 2315 269 2367 ad
281 2312 490 2378 magnanimitatem
500 2351 507 2376 ,
518 2313 575 2365 talos
589 2311 730 2366 eondiironea
745 2313 879 2366 naturaliter
890 2315 921 2365 in·
948 2301 949 2367 i

125 2387 256 2438 veniuntur.

155 2460 190 2509 td
212 2461 317 2524 qnoniam
334 2456 470 2520 dandum,
482 2456 582 2522 qnddin
600 2457 693 2510 tremine
706 2458 823 2510 invenitur
841 2459 921 2524 aliquid

125 2542 242 2594 magnam
251 2531 312 2594 mand
326 2543 356 2582 ex
366 2531 427 2581 dono
439 2530 480 2580 itai
494 2530 609 2596 possidet;
620 2534 643 2582 et
655 2530 737 2595 alipnis
751 2531 872 2596 deiectas,
886 2531 922 2596 qni
947 2587 948 2590 Ἴ

123 2602 235 2665 oompetit
251 2603 275 2653 ei
291 2615 324 2653 ex
342 2601 474 2653 inormitate
495 2605 591 2653 marran.
606 2601 781 2668 magnanimitas
801 2615 856 2668 erpo
872 2601 921 2653 fadi
947 2595 948 2619 ¹

116 2671 185 2735 deod
196 2673 265 2724 iam
272 2685 300 2724 ee
307 2673 524 2738 angnisdignittoet
534 2673 658 2725 saennddrn
669 2675 874 2727 considerationem
883 2676 918 2725 do

125 2755 205 2793 noram
221 2757 274 2808 poa
284 2745 387 2808 possidet
397 2758 427 2795 m
440 2748 501 2810 tieo;
513 2745 575 2797 aient
586 2745 607 2797 ei
619 2747 688 2796 hebd
701 2759 806 2811 magnam
818 2747 918 2798 virtutem

125 2813 758 2883 animnmagnmmmaamqaoampeneaopm
769 2819 860 2870 matrs
874 2823 917 2870 rn-
946 2791 947 2873 i

124 2883 172 2934 dat.
186 2883 512 2947 mdnffimreatdieaadam
523 2888 744 2954 deeaeordmtiiet
756 2890 917 2954 damnatori,
