1934 3284
355 157 385 194 DE
401 155 539 198 Gffll'fflss·

316 312 570 433 QUAESTIWL

163 492 200 542 Do
213 497 333 546 castitate,
346 497 375 542 io
388 500 495 556 quatuor
508 499 627 545 articulos
641 501 730 548 diuiso.

69 635 161 686 Deinde
184 636 371 688 considerandum
389 642 423 689 est
437 639 465 690 de
484 640 596 692 castitate.
611 643 639 692 nt
655 642 729 706 primo
749 643 777 694 de
796 645 848 709 ipsa

32 708 129 758 virtute
146 707 267 764 castitatis.
280 707 392 774 meando,
407 711 435 761 de
451 710 642 776 virginitasque
656 717 690 764 est
708 728 762 779 pars
775 716 848 767 casti-

33 780 106 830 tatis.
127 778 217 841 tertio,
233 781 260 832 de
273 781 376 842 luxuria,
393 796 444 846 qua
459 784 591 843 estwvitium
604 787 743 849 oppositum.

69 852 142 902 Circa
151 851 248 915 primum
260 859 390 918 queruntur
401 860 496 918 quatuor
509 871 515 905 :
526 860 553 906 1⁰
562 856 640 906 Utrum
654 859 747 909 castitas
757 859 787 910 sit
798 862 847 910 viu·

33 998 115 1047 tincta
133 996 161 1046 ah
179 995 323 1047 abstinentia.
346 1002 373 1048 t⁰
388 999 505 1057 Quomodo
521 1013 546 1050 se
565 1000 649 1051 habeat
662 1001 691 1051 ad
705 1001 847 1065 pudicitiam.

347 1165 505 1216 ARTIGULUS
522 1167 542 1216 1.

202 1341 205 1354 .
282 1285 367 1331 Uirium
376 1285 474 1332 castitas
484 1285 516 1330 sit
528 1286 613 1332 virtus.

72 1409 110 1462 Ad
122 1408 221 1474 primum
235 1407 268 1457 sio
279 1405 415 1472 proceditur.
427 1407 461 1474 (1)
472 1407 567 1458 Videtur
579 1407 639 1472 quod
654 1409 745 1460 castitas
757 1423 804 1461 non
818 1410 849 1461 sit

36 1483 127 1534 virtus.
146 1478 270 1542 loquimur
288 1479 347 1530 euim
366 1493 427 1529 nune
443 1478 470 1530 de
485 1480 570 1530 virtute
588 1481 677 1532 anime.
696 1482 742 1532 Sed
755 1481 849 1533 castitas

35 1555 135 1608 videtur
154 1551 183 1600 ad
199 1563 280 1614 eorpus
293 1551 406 1614 pertinere
423 1566 428 1600 :
447 1550 527 1602 dicitur
546 1551 605 1602 enim
624 1553 706 1616 aliquis
722 1557 806 1603 costas
819 1567 847 1603 ex

35 1641 66 1679 eo
92 1623 154 1688 quod
175 1621 301 1686 aliqualiter
321 1635 345 1672 se
366 1623 434 1672 habet
449 1623 561 1673 ad'usum
579 1625 725 1686 quarumdam
746 1624 847 1690 corporis

35 1697 152 1764 partium.
163 1695 223 1758 Ergo
237 1694 329 1745 castitas
342 1707 388 1744 non
402 1699 437 1744 ast
450 1696 531 1744 virtus.

73 1775 101 1820 Ξ.
117 1772 246 1828 Pisaeum,
255 1768 328 1818 virius
339 1771 374 1818 est
385 1767 476 1816 habitus
488 1765 638 1830 voluntarius,
653 1769 679 1818 ut
688 1768 768 1819 dieitur
779 1769 803 1820 iu
816 1769 847 1820 11.

36 1843 129 1897 Ethio.
141 1837 188 1890 seu
204 1839 298 1890 castitas
306 1853 352 1890 uon
363 1840 452 1889 videtur
461 1853 513 1890 esse
525 1839 609 1902 aliquid
618 1839 785 1904 voluntarium3
795 1840 848 1892 cum

37 1930 83 1982 per
98 1910 230 1962 violentiam
244 1911 327 1962 auferri
336 1911 439 1961 videatur
453 1911 585 1960 mulieribus
598 1910 708 1962 uiotenter
721 1913 848 1979 oppressis.

37 1992 106 2052 Ergo
121 1983 211 2032 uidetur
226 1981 285 2046 quod
298 1983 390 2034 castitas
407 1995 453 2047 non
467 1982 497 2032 sit
510 1981 592 2032 uirtus.

74 2064 100 2108 3.
115 2057 241 2116 Praeterea,
256 2054 318 2105 nuttn
333 2054 406 2104 virtus
421 2052 494 2104 estin
511 2053 649 2105 infidelibus.
665 2054 709 2105 Sed
726 2054 797 2119 aliqui
810 2055 847 2106 in·

37 2130 124 2184 fideles
137 2130 189 2176 sunt
202 2127 268 2176 casti.
285 2127 335 2176 Non
349 2139 402 2190 engo
415 2125 508 2176 castitas
521 2129 556 2175 est
567 2125 648 2178 virtus.

75 2205 101 2252 t.
116 2200 242 2262 Praeterea,
252 2198 338 2248 tructus
348 2198 360 2247 a
369 2197 492 2247 virtutihus
503 2196 682 2261 distinguuntur.
695 2197 740 2248 Sed
754 2198 846 2248 castitas

38 2277 105 2329 inter
117 2271 204 2322 fruetus
215 2270 315 2336 ponitur,
325 2274 351 2320 ut
361 2273 424 2334 patet
434 2269 469 2319 od
478 2269 576 2327 Galat„
584 2268 612 2320 V.
623 2271 683 2334 Ergo
693 2269 785 2321 castitas
799 2283 847 2320 non

38 2347 220 2469 eSthullrtolosntra
241 2417 289 2474 ast,
303 2413 363 2476 quod
384 2411 523 2474 Augustinus
542 2412 599 2462 dicit
611 2412 636 2462 in
653 2411 694 2462 lib.
711 2414 748 2462 De
761 2412 846 2463 decem

38 2489 149 2544 chordis
161 2490 220 2552 (cap.
232 2489 256 2550 a)
270 2501 301 2536 :o
311 2484 366 2536 Cium
374 2484 457 2535 debeas
467 2485 492 2534 in
504 2485 588 2535 virtute
603 2487 729 2550 precedere
742 2497 844 2549 uxorem,
892 2499 898 2509 ·

39 2561 154 2630 quoniam
164 2558 258 2608 uastitas
272 2559 344 2608 uirtus
353 2560 398 2620 est;
413 2560 438 2605 tu
450 2557 492 2607 suh
503 2569 550 2607 nno
561 2556 647 2621 impetu
658 2556 759 2608 libidinis
772 2555 845 2620 eadm,

41 2644 66 2688 et
77 2635 117 2684 vis
131 2644 225 2682 uxorem
236 2631 300 2680 tuam
312 2641 363 2679 esse
377 2629 502 2678 victricem.

77 2707 242 2770 (Coacousao.
253 2728 285 2740 —
296 2699 392 2766 castitas
407 2703 441 2750 est
458 2700 531 2750 virtus
545 2713 666 2765 perquam
680 2700 848 2766 eoncupiscen-

40 2783 101 2833 tiam
117 2776 256 2838 castigamus
271 2775 367 2838 quodam
384 2771 479 2822 rationis
493 2771 676 2838 moderamine.)

76 2895 114 2965 (t)
128 2900 162 2945 ne
171 2894 285 2942 ubetem
301 2893 596 2954 super111.Ettto.,ioot.
610 2893 657 2954 22,
672 2894 718 2940 ω).
729 2894 753 2940 t.
