1934 3284
308 168 338 205 ΒΕ
353 165 431 205 clusa
446 165 597 203 PROPEBM.
806 158 852 204 9⁰⁹

87 255 113 301 ι.
127 249 255 305 Preterea,
268 246 354 295 secreta
368 255 414 293 non
429 243 556 293 revelantur
567 242 611 291 nisi
623 241 715 305 amicis,
729 242 855 294 secundhm

44 324 108 376 illud
121 322 202 376 loon„
218 318 276 368 llll:
291 334 305 364 ιι
315 316 361 366 llos
375 319 450 365 autern
465 314 515 363 diri
528 313 615 363 amicos
623 350 631 377 ,
642 314 695 378 quia
708 314 784 364 omnia
794 328 855 378 quae-

48 405 151 457 cumque
164 390 240 441 audiri
254 388 267 438 h
282 389 424 448 Patremon,
437 390 492 437 nota
505 384 548 435 teci
562 386 636 436 rolris.
650 402 664 432 r
679 386 725 436 Sed
737 387 855 449 prophetia

48 471 115 520 Dens
129 478 168 515 sua
188 464 274 513 secreta
287 460 388 519 revelat,
402 462 428 508 ut
438 458 520 508 dicitur
532 458 617 515 Amos,
637 458 675 506 lll.
687 458 748 521 Ergo
766 458 856 507 ridetur
889 511 890 516 ,

50 537 118 604 quod
131 536 249 601 prophete
266 531 311 581 sint
322 530 364 580 ltei
377 528 458 593 amici3
469 528 529 593 qnod
543 542 588 578 non
599 532 733 592 potestesse
743 528 793 579 sine
802 530 856 579 cha·

49 612 132 663 ritate.
146 608 206 671 Ergo
226 604 313 653 videtur
326 600 386 665 qudd
400 599 518 665 prophetia
532 612 579 649 non
589 599 661 664 possit
674 613 725 651 esse
736 600 789 650 sinc
799 602 856 650 cha·

52 684 139 740 ritate,
152 693 201 743 que
215 690 261 728 ιιοιι
272 679 307 735 est
321 675 371 725 sine
382 674 452 737 gratia
465 677 553 737 gratum
565 672 672 723 faciente.

91 759 114 804 3.
130 754 249 811 Praeterea,
263 750 364 803 Motth„
377 746 431 806 llll,
443 744 540 795 dicitur:
554 761 568 791 ιι
577 743 691 793 Attendite
704 742 791 796 afalsis
804 757 857 808 pro-

49 825 134 893 phetis
150 823 190 887 qui
203 821 300 871 veniunt
316 819 344 869 ad
360 830 400 868 vos
413 816 437 866 iu
457 815 601 867 vestimentis
615 815 707 875 orium,
720 815 857 866 intrinsechs

53 906 136 950 autem
155 898 208 965 sunt
226 893 273 957 lupi
290 904 389 955 rapaces.
404 906 417 937 n
432 890 475 939 Sed
488 888 623 951 quicumque
636 890 692 937 suut
703 886 754 936 siue
770 886 856 949 gratia,

52 966 155 1022 iuterihs
168 966 272 1015 videntur
287 976 337 1014 esse
347 960 394 1026 lupi
405 972 506 1024 rapaces.
516 959 576 1020 Ergo
589 970 668 1008 omncs
682 960 735 1007 suut
743 957 795 1007 falsi
805 970 858 1021 pro·

52 1044 151 1109 phetae;
167 1036 243 1087 nullus
260 1040 295 1087 est
307 1048 362 1098 ergo
380 1046 449 1084 rarus
465 1032 592 1097 propheta,
605 1029 650 1079 nisi
668 1030 741 1080 honus
752 1044 793 1095 per
805 1043 858 1095 gra-

52 1116 124 1167 tiam.
857 1115 860 1121 ·

93 1189 117 1235 ι.
136 1185 263 1244 Praeterea,
285 1180 436 1243 Philosophus
455 1176 510 1227 dicit
527 1176 551 1225 in
565 1175 607 1225 lib.
625 1176 663 1223 De
677 1189 759 1224 somno
777 1176 802 1222 et
820 1177 859 1223 υἰ-

54 1258 138 1325 pilio,
152 1253 211 1318 qudd
223 1271 236 1301 ιι
247 1254 268 1303 si
281 1251 389 1302 diuinatio
399 1248 539 1301 somniorum
553 1252 588 1298 est
598 1248 611 1297 t
622 1248 683 1306 Deo,
696 1244 860 1296 inconveniens

52 1333 95 1382 cst
109 1340 159 1379 eam
171 1326 263 1377 immitti
270 1322 416 1388 quibuslibet,
430 1324 453 1371 et
464 1334 510 1370 nou
518 1320 610 1383 optimis
618 1318 682 1368 riris.
692 1335 706 1363 r
717 1318 761 1367 Sed
772 1320 861 1368 constat

54 1406 145 1454 donum
155 1398 279 1467 prophetie
288 1408 339 1446 esse
351 1394 364 1444 a
374 1396 430 1445 lieo.
438 1394 498 1456 Ergo
506 1392 590 1442 donum
600 1389 726 1454 prophetie
737 1401 783 1439 uon
796 1388 862 1438 datur

52 1472 105 1527 uisi
120 1470 213 1534 optimis
227 1468 293 1519 uiris.

91 1544 136 1595 Sed
150 1546 227 1593 contra
237 1544 287 1604 est,
299 1540 360 1604 quod
373 1538 476 1592 nator„
488 1535 542 1598 llll,
555 1534 592 1584 his
605 1534 644 1597 qui
657 1533 778 1583 dixerant:
794 1532 861 1582 ullo-

55 1618 138 1678 miue‚
149 1627 224 1665 nonrre
242 1611 373 1663 innomine
389 1614 428 1660 tuo
444 1606 649 1673 prophetavimus?
660 1622 673 1652 n
688 1606 859 1669 respondetur:

57 1690 206 1750 «Nunquam
217 1686 270 1736 novi
278 1698 327 1734 ros.
336 1700 349 1730 n
359 1681 427 1733 Novit
436 1684 511 1731 autem
520 1679 630 1729 [lominus
640 1690 679 1728 eos
691 1678 730 1739 qui
740 1680 794 1726 sunt
802 1672 862 1739 ejus,

54 1767 85 1813 ut
97 1758 179 1811 dicitur
192 1759 219 1806 ll.
234 1756 270 1806 od
286 1754 404 1813 Tincollo,
422 1753 451 1802 ll.
468 1752 528 1813 Ergo
544 1748 665 1813 prophetia
677 1751 753 1812 potest
772 1760 823 1798 esse
837 1745 862 1796 iu

55 1834 97 1885 his
111 1831 152 1895 qui
169 1842 215 1879 non
233 1830 288 1878 sunt
307 1826 348 1876 ltei
362 1824 517 1889 pergratiam.

96 1905 295 1969 (Concnnsro.-
310 1899 442 1960 Quanquam
456 1907 497 1959 per
515 1905 603 1943 morum
618 1889 729 1940 malitiam
746 1902 774 1939 er
794 1886 864 1938 animi

56 1974 199 2030 inordinatis
216 1971 335 2023 affectibus
353 1969 477 2019 marimum
493 1964 619 2029 prophetie
637 1962 697 2012 adsit
714 1960 865 2024 impedimen-

56 2054 126 2110 tum,
144 2049 218 2110 potest
234 2048 311 2094 tamen
334 2056 361 2093 ea
381 2054 431 2091 esse
450 2039 500 2089 sine
515 2050 604 2100 urorum
620 2033 738 2096 bonitate,
754 2035 864 2095 quantum

57 2120 146 2173 attinet
163 2118 190 2167 ad
199 2116 306 2167 honitatis
322 2113 435 2172 radicem,
447 2108 580 2160 charitatem
591 2104 708 2167 videlicet3
721 2117 775 2153 cum
788 2102 816 2153 ad
827 2102 864 2152 in-

58 2193 182 2245 tellectum
200 2191 320 2253 spectans,
335 2187 362 2237 ad
384 2183 539 2249 proximorum
558 2179 669 2238 sdutem,
683 2188 729 2226 non
747 2178 824 2224 autem
838 2174 866 2223 ad

57 2262 180 2331 propriam
191 2260 220 2311 sit
234 2258 247 2309 ir
260 2260 306 2309 lleo
315 2256 445 2307 hominihus
459 2250 557 2314 inlusa.)

94 2334 233 2398 Respondeo
252 2332 388 2391 dicendum,
405 2326 465 2392 qudd
480 2326 571 2376 bonitas
582 2336 671 2391 “morum
686 2323 762 2385 potest
779 2320 868 2370 attendi

59 2406 192 2462 secundirm
208 2406 251 2455 duo
269 2416 333 2455 :uno
348 2402 439 2466 quidem
448 2399 515 2449 modo
529 2394 653 2447 secundnm
672 2393 803 2443 interiorem
817 2392 868 2456 eJ'ns

61 2480 183 2539 radicem,
198 2490 248 2541 que
268 2478 303 2525 est
321 2472 391 2538 gratia
409 2475 498 2535 gratum
517 2468 617 2530 laciens;
632 2466 676 2516 alio
691 2467 767 2514 autem
785 2464 867 2527 modo,

65 2555 181 2617 quantum
195 2550 222 2598 ad
237 2544 356 2596 interiores
370 2542 451 2594 anime
460 2541 578 2605 passiones
590 2543 613 2588 et
620 2535 745 2588 exteriores
758 2534 869 2585 actiones.

62 2622 147 2676 Gratia
166 2624 240 2671 autem
264 2622 351 2683 gratum
375 2614 460 2665 taciens
478 2614 506 2663 ad
525 2613 571 2661 hoc
589 2608 745 2674 principaliter
765 2606 831 2656 datur
844 2610 872 2655 ut

63 2696 146 2746 anima
161 2689 262 2742 hominis
276 2691 322 2739 lleo
332 2700 374 2751 per
386 2686 520 2736 charitatem
527 2678 695 2743 conjungatur,
710 2677 772 2728 unde
784 2680 871 2739 hugun-

59 2770 130 2818 tinus
141 2764 196 2815 dicit
209 2762 233 2812 in
246 2762 295 2812 XV.
313 2762 347 2810 De
359 2760 449 2809 Trinit.
466 2757 536 2821 (cap.
557 2753 624 2816 llll:
641 2768 655 2799 u
666 2750 714 2801 Nisi
728 2749 872 2813 impertiatur

62 2838 154 2900 cuique
174 2834 270 2901 Spiritus
285 2836 394 2893 sauctus,
410 2832 435 2878 ιιι
449 2841 501 2879 eum
519 2826 557 2876 liei
571 2829 595 2875 et
607 2822 707 2888 proximi
724 2821 795 2871 facim
808 2830 872 2868 ama-

64 2914 156 2971 torem,
166 2907 205 2959 ille
215 2906 327 2958 lsiuiatra
338 2916 384 2955 uon
392 2901 527 2954 hauslenur
536 2900 566 2952 ad
576 2898 702 2951 dexteram
711 2911 726 2944 e
735 2893 800 2945 Unde
809 2888 872 2955 quic-
