1934 3284
128 118 176 166 tte
239 124 346 166 anunm
361 122 488 186 maana,
505 115 698 172 cormeum,
715 119 818 162 annu.

130 203 215 254 incudo
224 207 259 254 eet
270 216 322 253 uum
332 206 426 267 peccato
437 200 538 262 meruli,
552 201 591 252 aed
602 199 678 251 aoldm
691 200 789 264 qucrmo
799 200 830 250 nil
839 202 923 265 propter

129 274 256 338 leucidum,
273 274 311 326 vel
320 275 396 339 inlici
406 276 560 338 contemptum
575 271 619 323 riu
632 270 717 335 quihus
726 272 823 322 coelom
831 272 922 335 loquitur

129 345 263 410 Cyprianus.
276 346 397 396 Sciendum
411 349 488 396 umen
502 343 561 408 qudd
576 343 636 392 aliud
648 345 684 392 eat
698 341 791 405 fingere
802 343 924 407 pulchritu-

129 417 205 468 dinem
220 430 266 468 non
276 419 388 479 nubium,
399 420 424 468 et
433 417 495 467 uliud
509 416 620 467 occultare
629 413 803 478 turpitudinem
814 428 847 465 ex
860 416 922 477 aliquo

129 501 184 538 caea
203 490 390 553 provenientem
404 488 460 553 putd
472 487 617 551 egritudine,
631 485 669 535 vel
687 486 768 548 adque
785 487 922 551 hujusmodi:

129 562 173 611 lanc
185 560 247 610 enim
259 565 296 612 eat
305 562 402 612 licitum.
421 559 478 618 Quia
491 557 614 610 secundini
625 557 762 622 Apostolum
778 559 799 608 l.
817 558 854 608 ud
868 560 926 613 Coc,

129 633 170 683 llll
188 649 194 684 :
210 650 225 681 e
240 635 294 692 Quo
306 636 412 697 putamus
425 629 561 696 ignobiliora
578 629 680 680 membra
693 641 747 680 εεεε
768 631 886 695 corporis,
898 629 926 678 in

129 708 238 757 honorem
250 707 434 758 abundantiorem
448 705 645 756 circumdamus.»

162 779 195 829 nd
206 779 297 830 uinum
309 779 441 841 dicendum,
449 776 509 841 qudd
520 776 578 826 sicut
592 775 675 825 dietum
686 777 721 826 εει
733 775 801 838 (art.
812 775 855 840 t),
865 776 926 825 cnllcs

130 853 230 902 exterior
244 851 311 901 debet
328 854 455 914 competere
468 846 593 899 conditioni
606 859 712 911 persone
727 847 863 897 secundnm
877 861 927 896 con-

131 937 222 973 munem
239 922 435 973 consuetudinem.
449 921 479 970 lit
489 920 541 970 ideo
554 919 582 969 da
595 931 620 968 ee
633 917 745 968 uitiosum
761 923 802 970 eet
815 919 877 984 qued
890 933 927 966 mu-

129 995 173 1047 lier
181 997 260 1045 otatm
273 998 338 1044 veste
354 993 428 1055 uirili,
439 995 478 1041 aut
492 991 640 1050 econverso,
651 993 676 1040 ει
688 989 887 1056 precipueque
896 993 926 1039 do:

131 1070 207 1133 potent
222 1079 273 1116 εεεε
286 1077 352 1115 muca
367 1063 481 1127 lascivia3
497 1067 521 1113 ει
531 1061 661 1126 specialiter
679 1062 825 1125 prohibetur
840 1064 864 1113 iu
877 1065 926 1124 lege:

131 1140 183 1203 quia
205 1138 302 1202 gentiles
316 1135 495 1187 minutatione
511 1134 604 1185 habitur
620 1134 745 1184 ommutui
757 1136 788 1186 ad
808 1135 927 1187 idololatria

131 1210 322 1274 eupemtitioncm.
334 1209 502 1258 Potesttamen
514 1204 648 1270 quandoque
657 1205 702 1256 lroc
713 1205 766 1255 lieri
783 1206 837 1258 sine
851 1211 926 1271 moratu

131 1285 224 1346 propter
238 1281 337 1344 adquam
348 1279 522 1341 noeeaaitntem,
533 1278 571 1328 rel
579 1275 646 1326 canat
658 1289 684 1327 εε
694 1277 836 1328 occultandi
849 1279 877 1329 ab
889 1280 929 1327 lios-

131 1353 208 1413 unua,
221 1352 258 1402 uel
272 1355 366 1416 propter
382 1350 495 1402 deloemm
512 1347 606 1400 altadus
620 1347 772 1413 coamenti,
792 1350 834 1402 vel
853 1355 929 1416 proptu:

132 1421 216 1486 aliquid
228 1421 369 1492 hujusmodi.

165 1492 314 1555 loquamur
333 1491 465 1553 dicendum,
479 1490 539 1555 quod
553 1491 572 1540 si
584 1503 629 1554 qua
639 1502 693 1554 pars
704 1492 743 1540 εει
758 1491 790 1541 ad
811 1491 929 1544 taciendun

132 1563 208 1627 aliqua
220 1575 289 1627 opem
299 1561 381 1626 quium
395 1563 499 1614 homines
512 1561 546 1612 uti
560 1574 606 1612 non
619 1565 718 1626 poscunt
731 1562 827 1627 abnpue
841 1575 928 1630 peccam
946 1579 947 1624 p

132 1647 173 1698 per
185 1646 327 1697 consequeus
340 1633 439 1684 amidcea
452 1633 506 1683 talia
518 1633 623 1686 laniendo
636 1631 778 1698 peccarant3
790 1639 929 1701 utpotepm

132 1703 214 1755 ιειιιεε
229 1704 314 1758 directe
330 1703 382 1755 aliia
392 1705 533 1755 oomaiomm
544 1703 672 1769 peccandi;
689 1704 747 1768 puta
762 1705 784 1755 ei
800 1708 858 1771 quis
874 1708 931 1758 iabo-

132 1779 193 1827 caret
211 1776 272 1828 idola
287 1776 363 1839 aliqua
377 1776 406 1826 ad
424 1775 511 1826 cultum
530 1775 663 1827 idololatrian
681 1777 844 1839 pertinentia.
860 1780 885 1830 Si
900 1789 930 1840 qm

132 1847 187 1899 rard
198 1861 235 1898 ara
249 1849 279 1899 ait
291 1847 358 1913 cujus
366 1847 475 1911 operioua
488 1847 594 1898 homines
606 1850 703 1912 poenum
712 1847 774 1899 bene
790 1854 819 1900 el
831 1851 890 1901 malt
900 1849 930 1897 uu⁴

132 1920 192 1970 elcut
206 1921 289 1985 audii,
306 1919 409 1984 maille,
423 1924 447 1970 et
461 1920 506 1970 alia
523 1918 668 1984 hujusmodi3
683 1932 743 1970 usus
756 1921 847 1973 talium
863 1923 929 1973 artiun

132 2003 179 2042 non
191 1995 229 2044 εει
240 1997 357 2057 peccatum
368 1996 407 2043 :et
414 1992 451 2041 lun
459 1991 513 2042 oola
521 1995 590 2041 artes
601 1995 655 2042 sunt
663 1991 778 2042 diceudo.
788 1993 861 2046 Unde
872 1996 931 2055 cory-

132 2066 247 2114 aoatomua
261 2063 316 2114 dicit
331 2077 410 2127 cuper
420 2062 513 2112 diuiti.
529 2061 625 2126 (humil.
639 2061 671 2124 L)
686 2076 693 2111 r
707 2077 721 2110 u
736 2062 782 2112 Eae
796 2064 864 2115 solus
877 2070 930 2114 urle

133 2137 222 2197 oportet
239 2147 334 2195 vocam,
352 2147 404 2197 que
417 2133 595 2184 necessariorum
613 2137 637 2184 ει
649 2145 728 2183 eorum
744 2147 801 2197 qnae
823 2136 930 2186 εεηιίεεετ

131 2204 202 2255 dmm
222 2210 337 2269 nostram,
349 2209 404 2255 aunt
417 2205 531 2256 tributim
553 2207 577 2256 et
596 2203 767 2256 coustmctiuae.
784 2221 801 2254 u
821 2207 849 2257 Si
868 2214 930 2257 tane:

133 2276 240 2340 operibua
251 2277 349 2341 alicujus
358 2276 413 2326 arus
425 2278 452 2325 ut
463 2275 550 2339 pluriea
561 2275 631 2339 aliqui
641 2274 701 2326 male
712 2279 827 2338 utantur,
837 2289 931 2342 qnamm

133 2347 162 2398 de
174 2361 200 2398 ac
211 2360 258 2399 non
271 2348 317 2398 sint
333 2347 430 2410 illicite,
444 2350 499 2396 aunt
516 2349 592 2398 tumen
613 2360 654 2411 per
672 2346 776 2397 officinm
799 2350 929 2414 Principis:

133 2419 226 2470 doute
238 2420 390 2484 extirpanda,
399 2418 523 2473 accunddm
536 2419 674 2470 documenta
687 2419 803 2471 Platonis.
813 2423 875 2482 Quia
888 2434 930 2484 ergo

133 2489 240 2540 mulieres
251 2489 313 2541 licite
327 2503 352 2540 ne
364 2495 564 2554 putandumne,
574 2491 611 2541 uel
623 2494 650 2542 ut
659 2493 799 2541 oomement
810 2493 928 2544 decentior

133 2561 171 2610 aui
186 2561 273 2621 alatne,
288 2561 407 2612 ueletiam
423 2561 509 2624 aliquid
527 2561 691 2626 superaddere,
702 2565 728 2610 nl
740 2562 853 2626 placeant
872 2565 930 2613 virio

133 2641 276 2694 comoqucna
288 2635 325 2682 εει
337 2629 398 2696 lprdd
411 2632 511 2684 artidoea
527 2633 606 2684 talium
617 2636 802 2686 emanentumm
818 2649 866 2686 non
880 2649 929 2700 pec·

133 2703 186 2748 cant
194 2699 220 2749 in
234 2715 277 2752 usu
294 2703 348 2753 talia
359 2703 429 2757 uus:
441 2704 488 2755 nisi
504 2704 563 2756 torte
576 2704 710 2756 inveniendo
731 2705 811 2770 aliqua
822 2709 928 2773 nuperum

134 2770 158 2816 ει
174 2769 270 2820 munau.
284 2773 349 2823 Unde
364 2773 542 2838 Οιηεεειεεεεε
554 2776 611 2826 dicit
622 2789 699 2837 cuper
716 2777 811 2828 uultu.
827 2779 880 2843 (ulii
894 2793 929 2827 su-

132 2834 190 2899 pm)
204 2839 266 2901 (ΝΜ
280 2857 295 2889 u
307 2843 376 2897 etiam
386 2845 415 2896 ao
428 2850 478 2899 arta
497 2848 624 2900 calceorum
638 2851 661 2900 ει
674 2849 877 2902 terummulta
893 2852 927 2900 at·
