1934 3284
119 216 164 266 lto
214 224 321 267 sumunt
335 226 463 278 securum,
478 226 572 274 cunm.
588 228 689 278 mm,
705 228 760 267 arn.
777 207 825 268 vn.¹

117 308 195 356 tannen
214 304 252 355 alii
268 304 312 355 duo
329 302 422 355 comites
440 304 528 366 adsint,
545 304 632 355 scilicet
649 303 760 369 judicium
776 308 799 355 et
817 307 948 374 justitia.

150 378 182 427 sd
196 377 293 441 primum
303 389 357 440 erpo
366 376 499 439 dicendum,
510 376 571 440 qudd
580 376 640 427 aliud
649 381 684 427 est
693 379 721 427 de
730 376 832 441 simplici
842 384 950 447 verbo,

119 450 180 499 aliud
193 450 220 501 de
231 450 372 513 juramento,
389 448 412 498 in
430 462 474 512 quo
490 448 591 499 mutuum
603 448 761 499 testimonium
774 446 949 514 imploratur.

119 521 208 572 Sufficit
227 520 288 571 enlm
302 520 330 569 ad
347 520 465 571 renutem
482 520 547 570 serbi
565 520 624 584 qubd
645 520 725 584 aliquis
740 522 799 571 dicat
817 522 846 574 id
866 533 950 590 quod

119 591 225 655 proponit
238 604 263 641 se
276 591 401 654 lucturum,
416 592 470 655 quia
483 590 527 641 boc
539 591 587 655 jam
600 606 679 642 rerum
692 595 727 642 cst
741 590 764 642 in
778 606 822 644 sua
838 609 947 666 causa,

120 662 206 713 scilicet
225 662 248 711 in
264 662 378 726 proposito
396 661 513 726 lactentis3
527 662 568 712 sed
586 664 736 727 juramentum
754 664 867 717 adhiberi
884 684 948 725 non

119 734 199 797 debet,
213 734 257 785 nisi
272 734 294 783 in
308 736 369 784 rede
383 746 427 797 qua
445 733 526 797 uliquis
540 734 634 784 llrmiter
644 738 718 785 conus
733 739 777 785 est.
792 737 902 794 ntideo
922 748 947 796 si

119 805 271 869 jurramentum
288 805 420 857 adhibeatur
433 808 526 870 propter
540 806 689 856 reverentiam
704 807 776 857 divini
791 810 947 867 testimonii

120 878 179 941 quod
193 878 325 939 invocatur,
341 879 453 941 obligatur
463 878 531 928 bomo
545 880 571 927 ut
584 878 652 927 iaciat
665 892 717 928 esse
728 892 808 929 rernm
824 880 850 931 id
865 890 946 950 quod

119 949 220 1013 juravit,
242 949 366 1000 secundini
380 963 443 1000 suam
466 948 653 1015 possibilitatem,
677 948 722 1001 nisi
738 950 763 1000 in
782 952 946 1011 deteriorem

122 1020 205 1071 cultum
220 1024 311 1085 tergm,
325 1024 350 1071 ut
369 1022 453 1071 dictum
468 1024 511 1071 cst.

154 1094 186 1143 ild
200 1094 323 1144 secuudum
339 1092 474 1153 dicendum,
490 1091 551 1156 quid
564 1092 718 1157 juramentum
737 1096 814 1158 potest
828 1111 946 1163 vergere

122 1164 147 1213 in
161 1164 297 1215 deteriorem
307 1163 392 1214 exitum
406 1164 534 1227 dupliciter.
546 1165 596 1215 Uno
610 1165 689 1228 modo,
699 1166 752 1229 qnia
761 1165 789 1215 ab
798 1166 854 1231 ipso
863 1173 947 1233 prin.

121 1236 181 1299 cipio
195 1236 264 1285 babet
273 1236 373 1300 pejorem
388 1234 483 1297 exitum,
495 1237 532 1287 uel
542 1236 595 1300 quia
608 1240 646 1287 est
654 1236 779 1288 secuuddm
789 1252 814 1289 se
827 1242 943 1311 malum,

123 1306 180 1357 sicut
194 1306 245 1357 culm
257 1306 338 1371 aliquis
351 1309 411 1371 juret
419 1320 444 1358 se
456 1311 636 1371 perpetraturum
648 1308 790 1373 adulterium3
803 1310 857 1362 siue
873 1319 944 1379 quia

121 1380 157 1428 est
171 1378 262 1443 majoris
276 1376 331 1429 beni
342 1377 514 1442 impedimen,
530 1378 584 1443 pull
597 1379 650 1430 clun
665 1379 747 1444 aliquis
757 1384 821 1443 jurat
833 1396 860 1433 se
883 1401 942 1440 nou

121 1450 255 1500 intraturum
275 1451 420 1515 religionem,
435 1452 474 1502 vel
490 1451 550 1515 qubd
568 1466 613 1504 non
627 1452 667 1503 tlct
679 1452 786 1518 clericus,
802 1458 845 1505 aut
866 1462 943 1523 qnod

121 1534 167 1571 nun
179 1521 274 1584 accipiet
286 1521 441 1587 prolationem
453 1521 477 1571 in
487 1536 541 1572 casu
553 1522 577 1573 in
587 1536 632 1586 quo
642 1522 734 1587 expedit
743 1536 796 1574 euru
807 1526 941 1597 accipere,

122 1594 158 1643 vel
170 1592 190 1642 si
201 1594 256 1657 quid
266 1595 324 1645 aliud
339 1598 373 1645 est
388 1591 528 1659 hujusmodi.
541 1595 678 1661 liujusrnodi
693 1597 754 1647 euim
767 1596 942 1661 jurameutum

122 1661 135 1713 l
149 1662 260 1727 principio
277 1671 313 1717 est
325 1666 440 1730 illicitum,
451 1666 582 1717 differenter
593 1670 684 1716 tamen:
700 1666 753 1731 quia
766 1667 854 1733 siquis
864 1671 941 1735 juret

122 1734 269 1786 selectorum
286 1738 375 1801 aliquod
392 1741 512 1801 peccatum
527 1742 550 1788 ct
562 1738 665 1802 peccauit
678 1738 776 1803 jurando
783 1776 792 1802 ,
807 1742 832 1789 ct
847 1750 942 1807 peceat

120 1808 272 1868 juramentum
290 1810 416 1872 seruand03
433 1808 452 1859 si
471 1809 523 1872 quis
541 1813 616 1859 autem
632 1808 695 1872 jurat
708 1823 733 1860 sc
746 1822 793 1860 non
809 1811 940 1867 iacturum

122 1876 212 1941 siquod
224 1878 304 1929 melius
314 1880 411 1941 bonum,
426 1880 487 1943 quod
497 1884 573 1929 tamen
585 1881 660 1931 lacere
671 1894 715 1932 non
727 1883 830 1945 tenetur,
845 1893 941 1947 peccat

122 1948 212 2011 quidem
224 1949 321 2013 jurando
330 1990 336 2013 ‚
345 1950 369 2000 in
379 1953 489 2015 quantum
502 1951 567 2015 ponit
580 1952 668 2002 obicem
680 1952 777 2015 Spiritui
790 1959 873 2005 sancto
890 1960 940 2021 qui

122 2024 157 2069 est
172 2018 227 2069 boui
243 2022 351 2085 propositi
370 2022 504 2088 inspirator;
524 2036 570 2073 nou
586 2027 662 2073 nmen
677 2029 756 2087 peccat
766 2026 939 2088 juramentum

123 2094 246 2153 servando,
268 2095 308 2143 sed
329 2093 400 2146 nuto
415 2094 495 2145 melius
510 2094 565 2145 iacit
583 2095 602 2145 si
621 2108 668 2145 nou
682 2099 766 2146 serve.
788 2096 839 2147 lllio
858 2102 938 2152 modo

123 2166 196 2227 uergit
213 2163 237 2213 in
258 2164 394 2217 deteriorem
411 2166 510 2230 exitum,
526 2170 620 2231 propter
639 2165 722 2231 siquid
741 2168 802 2231 quod
815 2168 845 2218 de
863 2182 937 2221 novo

122 2236 246 2297 emerserit,
258 2238 318 2301 quod
326 2236 370 2287 luit
380 2239 602 2302 lurpraemeditatum‚
612 2239 674 2289 sicut
686 2243 749 2304 patet
758 2239 781 2289 in
792 2240 937 2304 juramento

122 2305 230 2369 Herodis,
245 2308 284 2373 qui
296 2308 381 2373 juravit
394 2309 476 2373 puelle
486 2310 611 2361 saltantise
621 2311 727 2361 daturum
741 2312 803 2373 qnod
813 2312 933 2375 petisset.

121 2376 168 2427 Hoc
182 2379 242 2428 enim
253 2379 405 2443 juramentum
419 2384 508 2445 poterat
519 2396 569 2433 esse
583 2382 595 2432 d
610 2380 722 2447 principio
734 2381 843 2447 licitum,
856 2384 935 2435 intel-

121 2446 179 2498 lecti
190 2450 264 2501 debiti
277 2452 405 2503 conditione
420 2452 524 2514 (scilieet
536 2453 556 2505 si
569 2457 656 2519 peteret
665 2454 724 2518 quod
735 2454 788 2504 dere
800 2453 899 2506 deceret
908 2456 929 2522 );

120 2520 160 2569 sed
171 2520 273 2585 impletio
282 2524 405 2587 juramenti
418 2523 462 2575 luit
474 2524 562 2576 illicitu.
571 2526 636 2577 Unde
647 2526 778 2577 Ambrosius
791 2525 848 2576 dicit
863 2526 890 2577 ln
903 2530 928 2581 1.

120 2592 157 2642 De
174 2594 269 2656 officiis
287 2595 342 2660 (qu.
361 2596 407 2661 tlt)
424 2614 429 2647 :
447 2598 515 2648 «Est
536 2602 616 2649 contra
635 2598 734 2649 oillcium
756 2611 932 2663 nonnunquam

118 2664 256 2727 promissum
267 2666 363 2728 solvere,
376 2673 542 2720 sacramentum
554 2670 679 2731 custodire,
693 2668 753 2719 sicut
765 2670 871 2721 Herodes
880 2684 929 2722 nc-

119 2747 169 2783 cem
185 2736 278 2785 loannis
294 2737 400 2801 prestitit
413 2753 442 2790 ue
457 2741 593 2803 promissum
605 2744 706 2805 negaret.
718 2756 731 2787 u

152 2806 184 2855 dd
197 2806 288 2856 tertium
302 2808 435 2875 dicendum,
446 2811 507 2875 quid
515 2811 540 2861 in
551 2812 681 2875 juramento
691 2812 750 2877 quod
761 2811 812 2877 quis
825 2815 923 2864 coactus

119 2874 190 2939 lacit,
204 2878 287 2941 duplen
302 2884 336 2931 est
350 2882 465 2947 obligatio.
478 2884 528 2933 Una
542 2881 633 2947 qudem
647 2897 693 2949 qua
706 2882 817 2947 obligatur
829 2883 926 2934 bomini

120 2947 158 2998 cui
167 2946 249 3013 aliquid
262 2950 373 3015 promittlt
384 2968 389 3003 :
399 2956 424 3006 et
440 2952 490 3005 tals
501 2952 608 3020 obligatio
619 2954 704 3008 tollitur
715 2966 756 3021 per
765 2953 925 3018 coactionem,
