<?xml version="1.0" encoding="UTF-8"?>
<!DOCTYPE html PUBLIC "-//W3C//DTD XHTML 1.0 Transitional//EN"
    "http://www.w3.org/TR/xhtml1/DTD/xhtml1-transitional.dtd">
<html xmlns="http://www.w3.org/1999/xhtml" xml:lang="en" lang="en">
 <head>
  <title>
</title>
<meta http-equiv="Content-Type" content="text/html;charset=utf-8" />
  <meta name='ocr-system' content='tesseract 3.04.00' />
  <meta name='ocr-capabilities' content='ocr_page ocr_carea ocr_par ocr_line ocrx_word'/>
</head>
<body>
  <div class='ocr_page' id='page_1' title='image "./summatheologica05nicogoog_0940.png"; bbox 0 0 1934 3284; ppageno 0'>
   <div class='ocr_carea' id='block_1_1' title="bbox 265 176 827 223">
    <p class='ocr_par' dir='ltr' id='par_1_1' title="bbox 265 176 827 223">
     <span class='ocr_line' id='line_1_1' title="bbox 265 176 827 223; baseline 0.004 -2"><span class='ocrx_word' id='word_1_1' title='bbox 265 185 297 221; x_wconf 83' lang='lat' dir='ltr'>nn</span> <span class='ocrx_word' id='word_1_2' title='bbox 312 184 433 222; x_wconf 81' lang='lat' dir='ltr'>nrvrsrornr</span> <span class='ocrx_word' id='word_1_3' title='bbox 448 182 595 222; x_wconf 79' lang='lat' dir='ltr'>enonnsrns.</span> <span class='ocrx_word' id='word_1_4' title='bbox 781 176 827 223; x_wconf 82' lang='lat' dir='ltr'>tltt</span> 
     </span>
    </p>
   </div>
   <div class='ocr_carea' id='block_1_2' title="bbox 27 258 920 322">
    <p class='ocr_par' dir='ltr' id='par_1_2' title="bbox 27 258 920 322">
     <span class='ocr_line' id='line_1_2' title="bbox 27 258 920 322; baseline 0.003 -11"><span class='ocrx_word' id='word_1_5' title='bbox 27 260 98 322; x_wconf 72' lang='lat' dir='ltr'>atis,</span> <span class='ocrx_word' id='word_1_6' title='bbox 119 258 241 311; x_wconf 84' lang='lat' dir='ltr'>secundino</span> <span class='ocrx_word' id='word_1_7' title='bbox 255 258 310 310; x_wconf 92' lang='lat' dir='ltr'>illud</span> <span class='ocrx_word' id='word_1_8' title='bbox 328 260 429 317; x_wconf 71' lang='lat' dir='ltr'>Mutet„</span> <span class='ocrx_word' id='word_1_9' title='bbox 442 260 486 310; x_wconf 89' lang='lat' dir='ltr'>ult.</span> <span class='ocrx_word' id='word_1_10' title='bbox 502 275 507 309; x_wconf 93' lang='lat'>:</span> <span class='ocrx_word' id='word_1_11' title='bbox 523 276 538 307; x_wconf 80' lang='lat' dir='ltr'>u</span> <span class='ocrx_word' id='word_1_12' title='bbox 552 260 641 311; x_wconf 82' lang='lat' dir='ltr'>Euntes</span> <span class='ocrx_word' id='word_1_13' title='bbox 658 262 737 312; x_wconf 86' lang='lat' dir='ltr'>docete</span> <span class='ocrx_word' id='word_1_14' title='bbox 749 274 829 313; x_wconf 88' lang='lat' dir='ltr'>omnes</span> <span class='ocrx_word' id='word_1_15' title='bbox 917 263 920 272; x_wconf 93' lang='lat'>&#39;</span> 
     </span>
    </p>
   </div>
   <div class='ocr_carea' id='block_1_3' title="bbox 27 331 829 539">
    <p class='ocr_par' dir='ltr' id='par_1_3' title="bbox 27 331 829 539">
     <span class='ocr_line' id='line_1_3' title="bbox 27 331 829 397; baseline 0.002 -14"><span class='ocrx_word' id='word_1_16' title='bbox 27 336 123 396; x_wconf 71' lang='lat' dir='ltr'>gentes,</span> <span class='ocrx_word' id='word_1_17' title='bbox 137 331 277 395; x_wconf 79' lang='lat' dir='ltr'><strong>baptizantes</strong></span> <span class='ocrx_word' id='word_1_18' title='bbox 294 344 333 381; x_wconf 90' lang='lat' dir='ltr'>eos</span> <span class='ocrx_word' id='word_1_19' title='bbox 346 331 370 381; x_wconf 95' lang='lat' dir='ltr'>in</span> <span class='ocrx_word' id='word_1_20' title='bbox 384 332 476 383; x_wconf 89' lang='lat' dir='ltr'>nomine</span> <span class='ocrx_word' id='word_1_21' title='bbox 489 332 578 393; x_wconf 88' lang='lat' dir='ltr'>Patris,</span> <span class='ocrx_word' id='word_1_22' title='bbox 592 335 616 381; x_wconf 93' lang='lat' dir='ltr'>et</span> <span class='ocrx_word' id='word_1_23' title='bbox 625 331 684 395; x_wconf 84' lang='lat' dir='ltr'>Filii,</span> <span class='ocrx_word' id='word_1_24' title='bbox 696 335 719 384; x_wconf 91' lang='lat' dir='ltr'>et</span> <span class='ocrx_word' id='word_1_25' title='bbox 731 332 829 397; x_wconf 89' lang='lat' dir='ltr'>Spiritus</span> 
     </span>
     <span class='ocr_line' id='line_1_4' title="bbox 27 401 828 466; baseline 0.002 -13"><span class='ocrx_word' id='word_1_26' title='bbox 27 402 113 453; x_wconf 79' lang='lat' dir='ltr'>rancti.</span> <span class='ocrx_word' id='word_1_27' title='bbox 126 418 139 449; x_wconf 85' lang='lat' dir='ltr'>u</span> <span class='ocrx_word' id='word_1_28' title='bbox 154 403 180 453; x_wconf 92' lang='lat' dir='ltr'>ln</span> <span class='ocrx_word' id='word_1_29' title='bbox 194 401 288 464; x_wconf 79' lang='lat' dir='ltr'>singulis</span> <span class='ocrx_word' id='word_1_30' title='bbox 303 405 379 452; x_wconf 74' lang='lat' dir='ltr'>umen</span> <span class='ocrx_word' id='word_1_31' title='bbox 393 402 491 453; x_wconf 81' lang='lat' dir='ltr'>statillus</span> <span class='ocrx_word' id='word_1_32' title='bbox 505 403 578 466; x_wconf 87' lang='lat' dir='ltr'>prima</span> <span class='ocrx_word' id='word_1_33' title='bbox 591 404 699 454; x_wconf 75' lang='lat' dir='ltr'>revelatio</span> <span class='ocrx_word' id='word_1_34' title='bbox 714 404 828 456; x_wconf 81' lang='lat' dir='ltr'>excelleu-</span> 
     </span>
     <span class='ocr_line' id='line_1_5' title="bbox 27 474 828 539; baseline 0.01 -20"><span class='ocrx_word' id='word_1_35' title='bbox 27 477 71 525; x_wconf 89' lang='lat' dir='ltr'>ior</span> <span class='ocrx_word' id='word_1_36' title='bbox 88 474 142 524; x_wconf 84' lang='lat' dir='ltr'>init.</span> <span class='ocrx_word' id='word_1_37' title='bbox 155 474 231 523; x_wconf 86' lang='lat' dir='ltr'>Prima</span> <span class='ocrx_word' id='word_1_38' title='bbox 240 478 313 525; x_wconf 88' lang='lat' dir='ltr'>antem</span> <span class='ocrx_word' id='word_1_39' title='bbox 324 474 432 525; x_wconf 77' lang='lat' dir='ltr'>revelatio</span> <span class='ocrx_word' id='word_1_40' title='bbox 443 480 496 525; x_wconf 87' lang='lat' dir='ltr'>ante</span> <span class='ocrx_word' id='word_1_41' title='bbox 508 476 595 538; x_wconf 82' lang='lat' dir='ltr'>legem,</span> <span class='ocrx_word' id='word_1_42' title='bbox 608 476 667 525; x_wconf 85' lang='lat' dir='ltr'>lacta</span> <span class='ocrx_word' id='word_1_43' title='bbox 678 479 713 526; x_wconf 90' lang='lat' dir='ltr'>est</span> <span class='ocrx_word' id='word_1_44' title='bbox 725 476 828 539; x_wconf 76' lang='lat' dir='ltr'>nbmha3</span> 
     </span>
    </p>
   </div>
   <div class='ocr_carea' id='block_1_4' title="bbox 27 538 935 893">
    <p class='ocr_par' dir='ltr' id='par_1_4' title="bbox 27 538 935 893">
     <span class='ocr_line' id='line_1_6' title="bbox 27 538 932 611; baseline 0.002 -15"><span class='ocrx_word' id='word_1_45' title='bbox 27 548 96 611; x_wconf 64' lang='lat' dir='ltr'>eujus</span> <span class='ocrx_word' id='word_1_46' title='bbox 111 549 212 610; x_wconf 89' lang='lat' dir='ltr'>tempore</span> <span class='ocrx_word' id='word_1_47' title='bbox 223 548 339 609; x_wconf 87' lang='lat' dir='ltr'>cmpemnt</span> <span class='ocrx_word' id='word_1_48' title='bbox 352 538 486 597; x_wconf 70' lang='lat' dir='ltr'>homines&#39;lr</span> <span class='ocrx_word' id='word_1_49' title='bbox 497 546 539 597; x_wconf 83' lang='lat' dir='ltr'>lide</span> <span class='ocrx_word' id='word_1_50' title='bbox 552 546 621 597; x_wconf 89' lang='lat' dir='ltr'>unius</span> <span class='ocrx_word' id='word_1_51' title='bbox 636 546 678 597; x_wconf 91' lang='lat' dir='ltr'>llei</span> <span class='ocrx_word' id='word_1_52' title='bbox 690 547 789 607; x_wconf 84' lang='lat' dir='ltr'>deviare,</span> <span class='ocrx_word' id='word_1_53' title='bbox 802 548 831 597; x_wconf 87' lang='lat' dir='ltr'>ad</span> <span class='ocrx_word' id='word_1_54' title='bbox 931 564 932 569; x_wconf 50' lang='lat'>¹</span> 
     </span>
     <span class='ocr_line' id='line_1_7' title="bbox 31 617 933 681; baseline 0.003 -14"><span class='ocrx_word' id='word_1_55' title='bbox 31 617 183 669; x_wconf 87' lang='lat' dir='ltr'>‹lolclatriam</span> <span class='ocrx_word' id='word_1_56' title='bbox 200 618 347 681; x_wconf 86' lang='lat' dir='ltr'>declinando;</span> <span class='ocrx_word' id='word_1_57' title='bbox 361 622 414 669; x_wconf 88' lang='lat' dir='ltr'>ante</span> <span class='ocrx_word' id='word_1_58' title='bbox 426 620 502 669; x_wconf 88' lang='lat' dir='ltr'>autom</span> <span class='ocrx_word' id='word_1_59' title='bbox 520 630 567 668; x_wconf 93' lang='lat' dir='ltr'>non</span> <span class='ocrx_word' id='word_1_60' title='bbox 578 622 628 669; x_wconf 88' lang='lat' dir='ltr'>erat</span> <span class='ocrx_word' id='word_1_61' title='bbox 639 618 768 669; x_wconf 86' lang='lat' dir='ltr'>necessaria</span> <span class='ocrx_word' id='word_1_62' title='bbox 778 618 831 669; x_wconf 86' lang='lat' dir='ltr'>talis</span> <span class='ocrx_word' id='word_1_63' title='bbox 932 647 933 656; x_wconf 29' lang='grc' dir='ltr'><strong>κ</strong></span> 
     </span>
     <span class='ocr_line' id='line_1_8' title="bbox 27 688 934 753; baseline 0.001 -14"><span class='ocrx_word' id='word_1_64' title='bbox 27 688 157 752; x_wconf 51' lang='lat' dir='ltr'>revelatio,</span> <span class='ocrx_word' id='word_1_65' title='bbox 175 688 280 739; x_wconf 83' lang='lat' dir='ltr'>omnihus</span> <span class='ocrx_word' id='word_1_66' title='bbox 299 688 322 737; x_wconf 93' lang='lat' dir='ltr'>in</span> <span class='ocrx_word' id='word_1_67' title='bbox 338 690 399 739; x_wconf 89' lang='lat' dir='ltr'>cultu</span> <span class='ocrx_word' id='word_1_68' title='bbox 422 689 490 741; x_wconf 86' lang='lat' dir='ltr'>unius</span> <span class='ocrx_word' id='word_1_69' title='bbox 509 690 551 740; x_wconf 88' lang='lat' dir='ltr'>ilei</span> <span class='ocrx_word' id='word_1_70' title='bbox 572 689 753 753; x_wconf 83' lang='lat' dir='ltr'>persistentibus.</span> <span class='ocrx_word' id='word_1_71' title='bbox 768 691 832 739; x_wconf 85' lang='lat' dir='ltr'>isaac</span> <span class='ocrx_word' id='word_1_72' title='bbox 933 690 934 740; x_wconf 66' lang='lat' dir='ltr'>l</span> 
     </span>
     <span class='ocr_line' id='line_1_9' title="bbox 27 760 935 830; baseline 0 -19"><span class='ocrx_word' id='word_1_73' title='bbox 27 775 84 813; x_wconf 73' lang='lat' dir='ltr'>vero</span> <span class='ocrx_word' id='word_1_74' title='bbox 99 760 161 811; x_wconf 82' lang='lat' dir='ltr'>iacta</span> <span class='ocrx_word' id='word_1_75' title='bbox 178 764 214 811; x_wconf 88' lang='lat' dir='ltr'>est</span> <span class='ocrx_word' id='word_1_76' title='bbox 227 760 320 811; x_wconf 77' lang='lat' dir='ltr'>inferior</span> <span class='ocrx_word' id='word_1_77' title='bbox 337 761 462 824; x_wconf 79' lang='lat' dir='ltr'>revelatio,</span> <span class='ocrx_word' id='word_1_78' title='bbox 475 762 539 826; x_wconf 87' lang='lat' dir='ltr'>qnasi</span> <span class='ocrx_word' id='word_1_79' title='bbox 554 762 646 813; x_wconf 87' lang='lat' dir='ltr'>lundata</span> <span class='ocrx_word' id='word_1_80' title='bbox 660 774 727 825; x_wconf 85' lang='lat' dir='ltr'>snper</span> <span class='ocrx_word' id='word_1_81' title='bbox 741 762 831 813; x_wconf 88' lang='lat' dir='ltr'>revela·</span> <span class='ocrx_word' id='word_1_82' title='bbox 934 805 935 830; x_wconf 40' lang='lat'>3</span> 
     </span>
     <span class='ocr_line' id='line_1_10' title="bbox 27 832 935 893; baseline -0.001 -10"><span class='ocrx_word' id='word_1_83' title='bbox 27 836 118 884; x_wconf 89' lang='lat' dir='ltr'>ionem</span> <span class='ocrx_word' id='word_1_84' title='bbox 136 832 218 882; x_wconf 87' lang='lat' dir='ltr'>factam</span> <span class='ocrx_word' id='word_1_85' title='bbox 238 832 339 883; x_wconf 72' lang='lat' dir='ltr'>ahrahae.</span> <span class='ocrx_word' id='word_1_86' title='bbox 360 834 423 885; x_wconf 87' lang='lat' dir='ltr'>Unde</span> <span class='ocrx_word' id='word_1_87' title='bbox 435 833 521 883; x_wconf 87' lang='lat' dir='ltr'>dictum</span> <span class='ocrx_word' id='word_1_88' title='bbox 533 839 570 885; x_wconf 85' lang='lat' dir='ltr'>est</span> <span class='ocrx_word' id='word_1_89' title='bbox 589 834 612 883; x_wconf 86' lang='lat' dir='ltr'>ei</span> <span class='ocrx_word' id='word_1_90' title='bbox 630 834 727 893; x_wconf 68' lang='lat' dir='ltr'>Genea,</span> <span class='ocrx_word' id='word_1_91' title='bbox 738 834 830 883; x_wconf 83' lang='lat' dir='ltr'>xxvi:</span> <span class='ocrx_word' id='word_1_92' title='bbox 934 837 935 840; x_wconf 75' lang='grc'>’</span> 
     </span>
    </p>
   </div>
   <div class='ocr_carea' id='block_1_5' title="bbox 27 891 839 2329">
    <p class='ocr_par' dir='ltr' id='par_1_5' title="bbox 27 891 838 2247">
     <span class='ocr_line' id='line_1_11' title="bbox 27 891 831 970; baseline 0 -15"><span class='ocrx_word' id='word_1_93' title='bbox 27 924 41 955; x_wconf 77' lang='lat' dir='ltr'>a</span> <span class='ocrx_word' id='word_1_94' title='bbox 57 906 112 967; x_wconf 84' lang='lat' dir='ltr'>Ego</span> <span class='ocrx_word' id='word_1_95' title='bbox 123 891 173 953; x_wconf 86' lang='lat' dir='ltr'>sum</span> <span class='ocrx_word' id='word_1_96' title='bbox 188 904 249 954; x_wconf 89' lang='lat' dir='ltr'>ilens</span> <span class='ocrx_word' id='word_1_97' title='bbox 268 904 377 955; x_wconf 74' lang='lat' dir='ltr'>Abraham</span> <span class='ocrx_word' id='word_1_98' title='bbox 390 905 460 970; x_wconf 89' lang='lat' dir='ltr'>patris</span> <span class='ocrx_word' id='word_1_99' title='bbox 475 904 522 968; x_wconf 89' lang='lat' dir='ltr'>tui;</span> <span class='ocrx_word' id='word_1_100' title='bbox 541 908 589 956; x_wconf 80' lang='lat' dir='ltr'>oet</span> <span class='ocrx_word' id='word_1_101' title='bbox 604 903 708 955; x_wconf 88' lang='lat' dir='ltr'>similiter</span> <span class='ocrx_word' id='word_1_102' title='bbox 721 904 750 954; x_wconf 89' lang='lat' dir='ltr'>ad</span> <span class='ocrx_word' id='word_1_103' title='bbox 762 905 831 955; x_wconf 82' lang='lat' dir='ltr'>Jacob</span> 
     </span>
     <span class='ocr_line' id='line_1_12' title="bbox 27 975 832 1040; baseline -0.002 -13"><span class='ocrx_word' id='word_1_104' title='bbox 27 979 120 1030; x_wconf 88' lang='lat' dir='ltr'>lictum</span> <span class='ocrx_word' id='word_1_105' title='bbox 135 979 169 1025; x_wconf 92' lang='lat' dir='ltr'>est</span> <span class='ocrx_word' id='word_1_106' title='bbox 189 975 258 1033; x_wconf 73' lang='lat' dir='ltr'>Gen„</span> <span class='ocrx_word' id='word_1_107' title='bbox 271 976 361 1026; x_wconf 83' lang='lat' dir='ltr'>lililllll</span> <span class='ocrx_word' id='word_1_108' title='bbox 380 990 414 1025; x_wconf 82' lang='lat' dir='ltr'>:u</span> <span class='ocrx_word' id='word_1_109' title='bbox 428 978 473 1040; x_wconf 76' lang='lat' dir='ltr'>Ego</span> <span class='ocrx_word' id='word_1_110' title='bbox 493 991 543 1027; x_wconf 88' lang='lat' dir='ltr'>snm</span> <span class='ocrx_word' id='word_1_111' title='bbox 561 978 622 1027; x_wconf 89' lang='lat' dir='ltr'>llens</span> <span class='ocrx_word' id='word_1_112' title='bbox 638 978 749 1026; x_wconf 74' lang='lat' dir='ltr'>Abraham</span> <span class='ocrx_word' id='word_1_113' title='bbox 762 976 832 1040; x_wconf 87' lang='lat' dir='ltr'>patris</span> 
     </span>
     <span class='ocr_line' id='line_1_13' title="bbox 27 1046 833 1111; baseline -0.005 -10"><span class='ocrx_word' id='word_1_114' title='bbox 27 1051 79 1111; x_wconf 90' lang='lat' dir='ltr'>tui,</span> <span class='ocrx_word' id='word_1_115' title='bbox 94 1050 120 1098; x_wconf 86' lang='lat' dir='ltr'>et</span> <span class='ocrx_word' id='word_1_116' title='bbox 139 1046 199 1097; x_wconf 81' lang='lat' dir='ltr'>Deus</span> <span class='ocrx_word' id='word_1_117' title='bbox 209 1048 279 1097; x_wconf 88' lang='lat' dir='ltr'>lsaac.</span> <span class='ocrx_word' id='word_1_118' title='bbox 295 1064 309 1094; x_wconf 91' lang='lat'>»</span> <span class='ocrx_word' id='word_1_119' title='bbox 319 1048 348 1097; x_wconf 81' lang='lat' dir='ltr'>lit</span> <span class='ocrx_word' id='word_1_120' title='bbox 365 1048 469 1099; x_wconf 87' lang='lat' dir='ltr'>similiter</span> <span class='ocrx_word' id='word_1_121' title='bbox 481 1048 506 1098; x_wconf 87' lang='lat' dir='ltr'>in</span> <span class='ocrx_word' id='word_1_122' title='bbox 522 1052 583 1099; x_wconf 88' lang='lat' dir='ltr'>statu</span> <span class='ocrx_word' id='word_1_123' title='bbox 595 1048 670 1111; x_wconf 81' lang='lat' dir='ltr'>legis,</span> <span class='ocrx_word' id='word_1_124' title='bbox 684 1047 757 1110; x_wconf 92' lang='lat' dir='ltr'>prima</span> <span class='ocrx_word' id='word_1_125' title='bbox 769 1060 833 1097; x_wconf 86' lang='lat' dir='ltr'>reve·</span> 
     </span>
     <span class='ocr_line' id='line_1_14' title="bbox 27 1118 833 1185; baseline -0.004 -13"><span class='ocrx_word' id='word_1_126' title='bbox 27 1121 88 1172; x_wconf 73' lang='lat' dir='ltr'>latio</span> <span class='ocrx_word' id='word_1_127' title='bbox 108 1118 169 1169; x_wconf 85' lang='lat' dir='ltr'>iacta</span> <span class='ocrx_word' id='word_1_128' title='bbox 188 1118 276 1183; x_wconf 78' lang='lat' dir='ltr'>liopsi,</span> <span class='ocrx_word' id='word_1_129' title='bbox 298 1119 443 1169; x_wconf 81' lang='lat' dir='ltr'>excellentior</span> <span class='ocrx_word' id='word_1_130' title='bbox 467 1120 526 1184; x_wconf 81' lang='lat' dir='ltr'>init3</span> <span class='ocrx_word' id='word_1_131' title='bbox 544 1133 611 1185; x_wconf 85' lang='lat' dir='ltr'>supra</span> <span class='ocrx_word' id='word_1_132' title='bbox 638 1132 706 1182; x_wconf 89' lang='lat' dir='ltr'>qnam</span> <span class='ocrx_word' id='word_1_133' title='bbox 725 1118 833 1169; x_wconf 81' lang='lat' dir='ltr'>tundatur</span> 
     </span>
     <span class='ocr_line' id='line_1_15' title="bbox 27 1189 833 1254; baseline -0.004 -9"><span class='ocrx_word' id='word_1_134' title='bbox 27 1190 109 1245; x_wconf 71' lang='lat' dir='ltr'>omnis</span> <span class='ocrx_word' id='word_1_135' title='bbox 119 1189 165 1239; x_wconf 92' lang='lat' dir='ltr'>alia</span> <span class='ocrx_word' id='word_1_136' title='bbox 178 1190 337 1254; x_wconf 85' lang='lat' dir='ltr'>prophetarum</span> <span class='ocrx_word' id='word_1_137' title='bbox 350 1190 466 1242; x_wconf 89' lang='lat' dir='ltr'>revelatio.</span> <span class='ocrx_word' id='word_1_138' title='bbox 478 1193 513 1242; x_wconf 90' lang='lat' dir='ltr'>lta</span> <span class='ocrx_word' id='word_1_139' title='bbox 525 1191 593 1241; x_wconf 73' lang='lat' dir='ltr'>mium</span> <span class='ocrx_word' id='word_1_140' title='bbox 602 1192 626 1241; x_wconf 93' lang='lat' dir='ltr'>iu</span> <span class='ocrx_word' id='word_1_141' title='bbox 640 1195 740 1254; x_wconf 85' lang='lat' dir='ltr'>tempore</span> <span class='ocrx_word' id='word_1_142' title='bbox 754 1190 833 1252; x_wconf 76' lang='lat' dir='ltr'>gratie</span> 
     </span>
     <span class='ocr_line' id='line_1_16' title="bbox 27 1259 833 1329; baseline -0.004 -13"><span class='ocrx_word' id='word_1_143' title='bbox 27 1278 100 1329; x_wconf 68' lang='lat' dir='ltr'>anper</span> <span class='ocrx_word' id='word_1_144' title='bbox 118 1261 258 1312; x_wconf 83' lang='lat' dir='ltr'>revelatione</span> <span class='ocrx_word' id='word_1_145' title='bbox 272 1262 331 1311; x_wconf 85' lang='lat' dir='ltr'>lacta</span> <span class='ocrx_word' id='word_1_146' title='bbox 345 1264 458 1327; x_wconf 74' lang='lat' dir='ltr'>apostolis</span> <span class='ocrx_word' id='word_1_147' title='bbox 476 1265 504 1315; x_wconf 90' lang='lat' dir='ltr'>de</span> <span class='ocrx_word' id='word_1_148' title='bbox 518 1263 562 1314; x_wconf 85' lang='lat' dir='ltr'>tide</span> <span class='ocrx_word' id='word_1_149' title='bbox 574 1262 667 1313; x_wconf 87' lang='lat' dir='ltr'>unitatis</span> <span class='ocrx_word' id='word_1_150' title='bbox 679 1266 703 1313; x_wconf 92' lang='lat' dir='ltr'>et</span> <span class='ocrx_word' id='word_1_151' title='bbox 715 1259 833 1313; x_wconf 81' lang='lat' dir='ltr'>Trinitatis</span> 
     </span>
     <span class='ocr_line' id='line_1_17' title="bbox 27 1333 829 1398; baseline -0.004 -12"><span class='ocrx_word' id='word_1_152' title='bbox 27 1336 143 1387; x_wconf 64' lang='lat' dir='ltr'>fundatur</span> <span class='ocrx_word' id='word_1_153' title='bbox 158 1336 206 1383; x_wconf 90' lang='lat' dir='ltr'>lota</span> <span class='ocrx_word' id='word_1_154' title='bbox 223 1333 279 1383; x_wconf 86' lang='lat' dir='ltr'>fides</span> <span class='ocrx_word' id='word_1_155' title='bbox 300 1333 423 1398; x_wconf 79' lang='lat' dir='ltr'>llcclesie3</span> <span class='ocrx_word' id='word_1_156' title='bbox 438 1335 563 1385; x_wconf 80' lang='lat' dir='ltr'>secundum</span> <span class='ocrx_word' id='word_1_157' title='bbox 578 1334 633 1385; x_wconf 88' lang='lat' dir='ltr'>illud</span> <span class='ocrx_word' id='word_1_158' title='bbox 645 1333 748 1393; x_wconf 73' lang='lat' dir='ltr'>matra,</span> <span class='ocrx_word' id='word_1_159' title='bbox 761 1335 829 1383; x_wconf 84' lang='lat' dir='ltr'>xvi:</span> 
     </span>
     <span class='ocr_line' id='line_1_18' title="bbox 27 1404 833 1472; baseline -0.001 -14"><span class='ocrx_word' id='word_1_160' title='bbox 27 1412 108 1472; x_wconf 70' lang='lat' dir='ltr'>Super</span> <span class='ocrx_word' id='word_1_161' title='bbox 127 1406 186 1455; x_wconf 89' lang='lat' dir='ltr'>hauc</span> <span class='ocrx_word' id='word_1_162' title='bbox 205 1408 307 1469; x_wconf 88' lang='lat' dir='ltr'>petram,</span> <span class='ocrx_word' id='word_1_163' title='bbox 328 1405 416 1455; x_wconf 87' lang='lat' dir='ltr'>scilicet</span> <span class='ocrx_word' id='word_1_164' title='bbox 437 1405 587 1457; x_wconf 81' lang='lat' dir='ltr'>confessionis</span> <span class='ocrx_word' id='word_1_165' title='bbox 602 1409 666 1466; x_wconf 85' lang='lat' dir='ltr'>tuas,</span> <span class='ocrx_word' id='word_1_166' title='bbox 688 1422 703 1453; x_wconf 82' lang='lat' dir='ltr'>c</span> <span class='ocrx_word' id='word_1_167' title='bbox 719 1404 833 1457; x_wconf 80' lang='lat' dir='ltr'>aedificabo</span> 
     </span>
     <span class='ocr_line' id='line_1_19' title="bbox 27 1475 834 1539; baseline -0.006 -9"><span class='ocrx_word' id='word_1_168' title='bbox 27 1476 160 1530; x_wconf 75' lang='lat' dir='ltr'>icolesiaru</span> <span class='ocrx_word' id='word_1_169' title='bbox 169 1488 251 1527; x_wconf 90' lang='lat' dir='ltr'>meam.</span> <span class='ocrx_word' id='word_1_170' title='bbox 262 1492 275 1523; x_wconf 74' lang='lat' dir='ltr'>v&gt;</span> <span class='ocrx_word' id='word_1_171' title='bbox 282 1477 396 1535; x_wconf 88' lang='lat' dir='ltr'>Quantum</span> <span class='ocrx_word' id='word_1_172' title='bbox 403 1477 457 1529; x_wconf 81' lang='lat' dir='ltr'>vero</span> <span class='ocrx_word' id='word_1_173' title='bbox 465 1478 493 1527; x_wconf 91' lang='lat' dir='ltr'>ad</span> <span class='ocrx_word' id='word_1_174' title='bbox 500 1476 568 1527; x_wconf 88' lang='lat' dir='ltr'>iidem</span> <span class='ocrx_word' id='word_1_175' title='bbox 575 1475 735 1527; x_wconf 79' lang='lat' dir='ltr'>incarnationis</span> <span class='ocrx_word' id='word_1_176' title='bbox 742 1475 834 1539; x_wconf 68' lang='lat' dir='ltr'>chrum,</span> 
     </span>
     <span class='ocr_line' id='line_1_20' title="bbox 27 1547 834 1613; baseline -0.004 -11"><span class='ocrx_word' id='word_1_177' title='bbox 27 1548 181 1602; x_wconf 75' lang='lat' dir='ltr'>manifestum</span> <span class='ocrx_word' id='word_1_178' title='bbox 198 1551 234 1598; x_wconf 90' lang='lat' dir='ltr'>est</span> <span class='ocrx_word' id='word_1_179' title='bbox 255 1547 314 1611; x_wconf 87' lang='lat' dir='ltr'>qudd</span> <span class='ocrx_word' id='word_1_180' title='bbox 335 1548 419 1611; x_wconf 82' lang='lat' dir='ltr'>quanto</span> <span class='ocrx_word' id='word_1_181' title='bbox 437 1550 529 1601; x_wconf 83' lang='lat' dir='ltr'>luerunt</span> <span class='ocrx_word' id='word_1_182' title='bbox 548 1548 638 1599; x_wconf 72' lang='lat' dir='ltr'>Cheimo</span> <span class='ocrx_word' id='word_1_183' title='bbox 660 1547 834 1613; x_wconf 81' lang='lat' dir='ltr'>propinquiores</span> 
     </span>
     <span class='ocr_line' id='line_1_21' title="bbox 38 1619 835 1684; baseline -0.005 -11"><span class='ocrx_word' id='word_1_184' title='bbox 38 1624 98 1673; x_wconf 90' lang='lat' dir='ltr'>sive</span> <span class='ocrx_word' id='word_1_185' title='bbox 115 1621 186 1683; x_wconf 90' lang='lat' dir='ltr'>ante,</span> <span class='ocrx_word' id='word_1_186' title='bbox 198 1619 247 1671; x_wconf 88' lang='lat' dir='ltr'>sive</span> <span class='ocrx_word' id='word_1_187' title='bbox 264 1624 342 1684; x_wconf 82' lang='lat' dir='ltr'>post),</span> <span class='ocrx_word' id='word_1_188' title='bbox 359 1625 383 1669; x_wconf 91' lang='lat' dir='ltr'>nt</span> <span class='ocrx_word' id='word_1_189' title='bbox 395 1620 518 1682; x_wconf 88' lang='lat' dir='ltr'>plurimdm</span> <span class='ocrx_word' id='word_1_190' title='bbox 527 1619 617 1684; x_wconf 88' lang='lat' dir='ltr'>plenilrs</span> <span class='ocrx_word' id='word_1_191' title='bbox 631 1620 658 1670; x_wconf 93' lang='lat' dir='ltr'>de</span> <span class='ocrx_word' id='word_1_192' title='bbox 674 1621 717 1670; x_wconf 88' lang='lat' dir='ltr'>hoc</span> <span class='ocrx_word' id='word_1_193' title='bbox 730 1619 835 1669; x_wconf 82' lang='lat' dir='ltr'>instructi</span> 
     </span>
     <span class='ocr_line' id='line_1_22' title="bbox 28 1690 836 1756; baseline -0.006 -11"><span class='ocrx_word' id='word_1_194' title='bbox 28 1694 129 1745; x_wconf 63' lang='lat' dir='ltr'>inerunt</span> <span class='ocrx_word' id='word_1_195' title='bbox 147 1706 153 1739; x_wconf 91' lang='lat'>:</span> <span class='ocrx_word' id='word_1_196' title='bbox 171 1694 223 1755; x_wconf 86' lang='lat' dir='ltr'>post</span> <span class='ocrx_word' id='word_1_197' title='bbox 237 1694 313 1743; x_wconf 88' lang='lat' dir='ltr'>tamen</span> <span class='ocrx_word' id='word_1_198' title='bbox 333 1690 422 1756; x_wconf 91' lang='lat' dir='ltr'>plenids</span> <span class='ocrx_word' id='word_1_199' title='bbox 436 1692 503 1753; x_wconf 79' lang='lat' dir='ltr'>quam</span> <span class='ocrx_word' id='word_1_200' title='bbox 520 1696 590 1754; x_wconf 82' lang='lat' dir='ltr'>ante3</span> <span class='ocrx_word' id='word_1_201' title='bbox 607 1695 634 1741; x_wconf 92' lang='lat' dir='ltr'>ut</span> <span class='ocrx_word' id='word_1_202' title='bbox 647 1692 768 1756; x_wconf 74' lang='lat' dir='ltr'>Apostolus</span> <span class='ocrx_word' id='word_1_203' title='bbox 780 1690 836 1741; x_wconf 87' lang='lat' dir='ltr'>dicit</span> 
     </span>
     <span class='ocr_line' id='line_1_23' title="bbox 29 1762 836 1828; baseline -0.007 -11"><span class='ocrx_word' id='word_1_204' title='bbox 29 1768 53 1817; x_wconf 84' lang='lat' dir='ltr'>rd</span> <span class='ocrx_word' id='word_1_205' title='bbox 74 1762 421 1828; x_wconf 76' lang='lat' dir='ltr'>Eptes.‚1r1.ouamumvero</span> <span class='ocrx_word' id='word_1_206' title='bbox 433 1762 461 1812; x_wconf 91' lang='lat' dir='ltr'>ad</span> <span class='ocrx_word' id='word_1_207' title='bbox 475 1763 621 1813; x_wconf 87' lang='lat' dir='ltr'>directionem</span> <span class='ocrx_word' id='word_1_208' title='bbox 633 1762 784 1813; x_wconf 85' lang='lat' dir='ltr'>humanorum</span> <span class='ocrx_word' id='word_1_209' title='bbox 798 1776 836 1813; x_wconf 88' lang='lat' dir='ltr'>ao-</span> 
     </span>
     <span class='ocr_line' id='line_1_24' title="bbox 30 1832 836 1899; baseline -0.005 -12"><span class='ocrx_word' id='word_1_210' title='bbox 30 1851 99 1888; x_wconf 88' lang='lat' dir='ltr'>num</span> <span class='ocrx_word' id='word_1_211' title='bbox 115 1835 249 1899; x_wconf 82' lang='lat' dir='ltr'>prophetica</span> <span class='ocrx_word' id='word_1_212' title='bbox 263 1834 369 1886; x_wconf 88' lang='lat' dir='ltr'>revelatio</span> <span class='ocrx_word' id='word_1_213' title='bbox 377 1833 524 1885; x_wconf 84' lang='lat' dir='ltr'>diversificata</span> <span class='ocrx_word' id='word_1_214' title='bbox 534 1838 582 1896; x_wconf 89' lang='lat' dir='ltr'>est,</span> <span class='ocrx_word' id='word_1_215' title='bbox 591 1845 636 1883; x_wconf 91' lang='lat' dir='ltr'>non</span> <span class='ocrx_word' id='word_1_216' title='bbox 645 1832 769 1882; x_wconf 80' lang='lat' dir='ltr'>secundnm</span> <span class='ocrx_word' id='word_1_217' title='bbox 779 1837 836 1883; x_wconf 87' lang='lat' dir='ltr'>tem·</span> 
     </span>
     <span class='ocr_line' id='line_1_25' title="bbox 30 1903 837 1974; baseline -0.006 -14"><span class='ocrx_word' id='word_1_218' title='bbox 30 1909 97 1974; x_wconf 79' lang='lat' dir='ltr'>¹voris</span> <span class='ocrx_word' id='word_1_219' title='bbox 108 1918 241 1971; x_wconf 87' lang='lat' dir='ltr'>processum</span> <span class='ocrx_word' id='word_1_220' title='bbox 252 1905 437 1967; x_wconf 84' lang='lat' dir='ltr'>,sedecenndlrm</span> <span class='ocrx_word' id='word_1_221' title='bbox 447 1905 600 1956; x_wconf 73' lang='lat' dir='ltr'>cvrnditionem</span> <span class='ocrx_word' id='word_1_222' title='bbox 614 1903 770 1968; x_wconf 79' lang='lat' dir='ltr'>negotiornm3</span> <span class='ocrx_word' id='word_1_223' title='bbox 785 1905 837 1969; x_wconf 86' lang='lat' dir='ltr'>quia</span> 
     </span>
     <span class='ocr_line' id='line_1_26' title="bbox 31 1976 837 2048; baseline -0.005 -18"><span class='ocrx_word' id='word_1_224' title='bbox 31 1988 52 2048; x_wconf 69' lang='lat' dir='ltr'>rt</span> <span class='ocrx_word' id='word_1_225' title='bbox 64 1978 156 2031; x_wconf 90' lang='lat' dir='ltr'>dicitur</span> <span class='ocrx_word' id='word_1_226' title='bbox 169 1977 295 2033; x_wconf 75' lang='lat' dir='ltr'>Provert„</span> <span class='ocrx_word' id='word_1_227' title='bbox 309 1977 382 2027; x_wconf 84' lang='lat' dir='ltr'>lililll</span> <span class='ocrx_word' id='word_1_228' title='bbox 392 1992 398 2026; x_wconf 88' lang='lat'>:</span> <span class='ocrx_word' id='word_1_229' title='bbox 410 1993 424 2024; x_wconf 84' lang='lat' dir='ltr'>u</span> <span class='ocrx_word' id='word_1_230' title='bbox 434 1976 490 2027; x_wconf 85' lang='lat' dir='ltr'>Cum</span> <span class='ocrx_word' id='word_1_231' title='bbox 499 1976 609 2027; x_wconf 84' lang='lat' dir='ltr'>deiecerit</span> <span class='ocrx_word' id='word_1_232' title='bbox 622 1976 755 2040; x_wconf 79' lang='lat' dir='ltr'>prophetia,</span> <span class='ocrx_word' id='word_1_233' title='bbox 770 1976 837 2027; x_wconf 86' lang='lat' dir='ltr'>dissi-</span> 
     </span>
     <span class='ocr_line' id='line_1_27' title="bbox 31 2046 838 2117; baseline -0.01 -12"><span class='ocrx_word' id='word_1_234' title='bbox 31 2052 130 2117; x_wconf 72' lang='lat' dir='ltr'>pabitur</span> <span class='ocrx_word' id='word_1_235' title='bbox 148 2048 253 2112; x_wconf 89' lang='lat' dir='ltr'>populns.</span> <span class='ocrx_word' id='word_1_236' title='bbox 275 2048 331 2097; x_wconf 77' lang='lat' dir='ltr'>ulit</span> <span class='ocrx_word' id='word_1_237' title='bbox 345 2047 413 2110; x_wconf 89' lang='lat' dir='ltr'>ideo,</span> <span class='ocrx_word' id='word_1_238' title='bbox 427 2048 527 2111; x_wconf 79' lang='lat' dir='ltr'>quolibet</span> <span class='ocrx_word' id='word_1_239' title='bbox 545 2052 645 2111; x_wconf 90' lang='lat' dir='ltr'>tempore</span> <span class='ocrx_word' id='word_1_240' title='bbox 666 2046 770 2097; x_wconf 88' lang='lat' dir='ltr'>instructi</span> <span class='ocrx_word' id='word_1_241' title='bbox 785 2052 838 2098; x_wconf 89' lang='lat' dir='ltr'>sunt</span> 
     </span>
     <span class='ocr_line' id='line_1_28' title="bbox 34 2118 838 2185; baseline -0.001 -13"><span class='ocrx_word' id='word_1_242' title='bbox 34 2123 146 2177; x_wconf 67' lang='lat' dir='ltr'>rumines</span> <span class='ocrx_word' id='word_1_243' title='bbox 158 2119 266 2171; x_wconf 90' lang='lat' dir='ltr'>divinitus</span> <span class='ocrx_word' id='word_1_244' title='bbox 279 2121 307 2171; x_wconf 90' lang='lat' dir='ltr'>dc</span> <span class='ocrx_word' id='word_1_245' title='bbox 320 2119 427 2185; x_wconf 81' lang='lat' dir='ltr'>agendis,</span> <span class='ocrx_word' id='word_1_246' title='bbox 443 2118 568 2171; x_wconf 85' lang='lat' dir='ltr'>secundinm</span> <span class='ocrx_word' id='word_1_247' title='bbox 582 2118 702 2183; x_wconf 82' lang='lat' dir='ltr'>quoderat</span> <span class='ocrx_word' id='word_1_248' title='bbox 714 2120 838 2184; x_wconf 81' lang='lat' dir='ltr'>expediens</span> 
     </span>
     <span class='ocr_line' id='line_1_29' title="bbox 33 2192 321 2247; baseline -0.021 0"><span class='ocrx_word' id='word_1_249' title='bbox 33 2198 54 2247; x_wconf 85' lang='lat' dir='ltr'>nl</span> <span class='ocrx_word' id='word_1_250' title='bbox 72 2192 178 2244; x_wconf 84' lang='lat' dir='ltr'>salntem</span> <span class='ocrx_word' id='word_1_251' title='bbox 190 2193 321 2243; x_wconf 85' lang='lat' dir='ltr'>electorum.</span> 
     </span>
    </p>

    <p class='ocr_par' dir='ltr' id='par_1_6' title="bbox 65 2262 839 2329">
     <span class='ocr_line' id='line_1_30' title="bbox 65 2262 839 2329; baseline -0.005 -12"><span class='ocrx_word' id='word_1_252' title='bbox 65 2266 105 2317; x_wconf 82' lang='lat' dir='ltr'>nd</span> <span class='ocrx_word' id='word_1_253' title='bbox 125 2263 224 2329; x_wconf 88' lang='lat' dir='ltr'>primum</span> <span class='ocrx_word' id='word_1_254' title='bbox 237 2276 290 2327; x_wconf 79' lang='lat' dir='ltr'>ergo</span> <span class='ocrx_word' id='word_1_255' title='bbox 309 2262 444 2322; x_wconf 87' lang='lat' dir='ltr'>dicendum,</span> <span class='ocrx_word' id='word_1_256' title='bbox 460 2262 521 2329; x_wconf 82' lang='lat' dir='ltr'>qnod</span> <span class='ocrx_word' id='word_1_257' title='bbox 535 2263 618 2315; x_wconf 89' lang='lat' dir='ltr'>diotnm</span> <span class='ocrx_word' id='word_1_258' title='bbox 631 2263 733 2328; x_wconf 81' lang='lat' dir='ltr'>Gregorii</span> <span class='ocrx_word' id='word_1_259' title='bbox 751 2263 839 2314; x_wconf 90' lang='lat' dir='ltr'>intelli-</span> 
     </span>
    </p>
   </div>
   <div class='ocr_carea' id='block_1_6' title="bbox 34 2336 842 2759">
    <p class='ocr_par' dir='ltr' id='par_1_7' title="bbox 34 2336 838 2473">
     <span class='ocr_line' id='line_1_31' title="bbox 34 2336 838 2406; baseline -0.009 -14"><span class='ocrx_word' id='word_1_260' title='bbox 34 2340 139 2406; x_wconf 71' lang='lat' dir='ltr'>gcndum</span> <span class='ocrx_word' id='word_1_261' title='bbox 154 2338 190 2385; x_wconf 91' lang='lat' dir='ltr'>est</span> <span class='ocrx_word' id='word_1_262' title='bbox 203 2336 231 2386; x_wconf 92' lang='lat' dir='ltr'>de</span> <span class='ocrx_word' id='word_1_263' title='bbox 245 2340 344 2399; x_wconf 86' lang='lat' dir='ltr'>temporo</span> <span class='ocrx_word' id='word_1_264' title='bbox 358 2336 504 2387; x_wconf 78' lang='lat' dir='ltr'>antechristi</span> <span class='ocrx_word' id='word_1_265' title='bbox 520 2336 712 2400; x_wconf 84' lang='lat' dir='ltr'>incarnationem,</span> <span class='ocrx_word' id='word_1_266' title='bbox 731 2339 838 2400; x_wconf 76' lang='lat' dir='ltr'>qumtnm</span> 
     </span>
     <span class='ocr_line' id='line_1_32' title="bbox 35 2407 436 2473; baseline -0.015 -10"><span class='ocrx_word' id='word_1_267' title='bbox 35 2416 55 2463; x_wconf 83' lang='lat' dir='ltr'>nl</span> <span class='ocrx_word' id='word_1_268' title='bbox 71 2407 233 2473; x_wconf 83' lang='lat' dir='ltr'>cognitionem</span> <span class='ocrx_word' id='word_1_269' title='bbox 244 2407 313 2470; x_wconf 88' lang='lat' dir='ltr'>hujus</span> <span class='ocrx_word' id='word_1_270' title='bbox 326 2407 436 2472; x_wconf 75' lang='lat' dir='ltr'>mysterii.</span> 
     </span>
    </p>

    <p class='ocr_par' dir='ltr' id='par_1_8' title="bbox 36 2477 842 2759">
     <span class='ocr_line' id='line_1_33' title="bbox 62 2477 839 2543; baseline -0.005 -10"><span class='ocrx_word' id='word_1_271' title='bbox 62 2483 102 2533; x_wconf 77' lang='lat' dir='ltr'>nd</span> <span class='ocrx_word' id='word_1_272' title='bbox 115 2479 242 2530; x_wconf 89' lang='lat' dir='ltr'>secundum</span> <span class='ocrx_word' id='word_1_273' title='bbox 256 2479 388 2540; x_wconf 84' lang='lat' dir='ltr'>dicendum,</span> <span class='ocrx_word' id='word_1_274' title='bbox 401 2477 462 2543; x_wconf 79' lang='lat' dir='ltr'>qnod</span> <span class='ocrx_word' id='word_1_275' title='bbox 472 2479 532 2529; x_wconf 90' lang='lat' dir='ltr'>sient</span> <span class='ocrx_word' id='word_1_276' title='bbox 542 2481 683 2542; x_wconf 74' lang='lat' dir='ltr'>Augustinus</span> <span class='ocrx_word' id='word_1_277' title='bbox 690 2478 745 2529; x_wconf 92' lang='lat' dir='ltr'>dicit</span> <span class='ocrx_word' id='word_1_278' title='bbox 757 2477 829 2529; x_wconf 81' lang='lat' dir='ltr'>xliii</span> <span class='ocrx_word' id='word_1_279' title='bbox 833 2517 839 2529; x_wconf 88' lang='lat'><strong>.</strong></span> 
     </span>
     <span class='ocr_line' id='line_1_34' title="bbox 36 2550 841 2615; baseline -0.005 -9"><span class='ocrx_word' id='word_1_280' title='bbox 36 2562 71 2606; x_wconf 77' lang='lat' dir='ltr'>lle</span> <span class='ocrx_word' id='word_1_281' title='bbox 83 2552 205 2604; x_wconf 77' lang='lat' dir='ltr'>Givttule</span> <span class='ocrx_word' id='word_1_282' title='bbox 216 2552 263 2601; x_wconf 81' lang='lat' dir='ltr'>Det</span> <span class='ocrx_word' id='word_1_283' title='bbox 280 2554 337 2614; x_wconf 76' lang='lat' dir='ltr'>(cap.</span> <span class='ocrx_word' id='word_1_284' title='bbox 353 2551 410 2615; x_wconf 50' lang='grc' dir='ltr'>ἵης</span> <span class='ocrx_word' id='word_1_285' title='bbox 428 2568 441 2598; x_wconf 89' lang='lat' dir='ltr'>u</span> <span class='ocrx_word' id='word_1_286' title='bbox 451 2552 642 2610; x_wconf 83' lang='lat' dir='ltr'>Quemadmodum</span> <span class='ocrx_word' id='word_1_287' title='bbox 656 2551 721 2614; x_wconf 77' lang='lat' dir='ltr'>regni</span> <span class='ocrx_word' id='word_1_288' title='bbox 733 2550 841 2615; x_wconf 78' lang='lat' dir='ltr'>dssprio-</span> 
     </span>
     <span class='ocr_line' id='line_1_35' title="bbox 36 2622 842 2688; baseline -0.006 -10"><span class='ocrx_word' id='word_1_289' title='bbox 36 2641 84 2678; x_wconf 90' lang='lat' dir='ltr'>nm</span> <span class='ocrx_word' id='word_1_290' title='bbox 102 2623 179 2688; x_wconf 91' lang='lat' dir='ltr'>primo</span> <span class='ocrx_word' id='word_1_291' title='bbox 192 2627 292 2686; x_wconf 88' lang='lat' dir='ltr'>tempore</span> <span class='ocrx_word' id='word_1_292' title='bbox 302 2622 376 2673; x_wconf 79' lang='lat' dir='ltr'>extitit</span> <span class='ocrx_word' id='word_1_293' title='bbox 389 2624 514 2687; x_wconf 77' lang='lat' dir='ltr'>nimiam,</span> <span class='ocrx_word' id='word_1_294' title='bbox 525 2623 562 2673; x_wconf 90' lang='lat' dir='ltr'>cni</span> <span class='ocrx_word' id='word_1_295' title='bbox 574 2622 737 2684; x_wconf 75' lang='lat' dir='ltr'>promissiones</span> <span class='ocrx_word' id='word_1_296' title='bbox 746 2622 842 2687; x_wconf 88' lang='lat' dir='ltr'>apertis-</span> 
     </span>
     <span class='ocr_line' id='line_1_36' title="bbox 37 2693 841 2759; baseline 0.004 -16"><span class='ocrx_word' id='word_1_297' title='bbox 37 2702 104 2751; x_wconf 65' lang='lat' dir='ltr'>,imae</span> <span class='ocrx_word' id='word_1_298' title='bbox 118 2694 253 2756; x_wconf 55' lang='lat' dir='ltr'>devenere</span> <span class='ocrx_word' id='word_1_299' title='bbox 266 2695 291 2745; x_wconf 92' lang='lat' dir='ltr'>in</span> <span class='ocrx_word' id='word_1_300' title='bbox 304 2694 453 2746; x_wconf 86' lang='lat' dir='ltr'>Occidentalis</span> <span class='ocrx_word' id='word_1_301' title='bbox 466 2694 588 2759; x_wconf 67' lang='lat' dir='ltr'>Babylonis</span> <span class='ocrx_word' id='word_1_302' title='bbox 607 2693 648 2759; x_wconf 89' lang='lat' dir='ltr'>(id</span> <span class='ocrx_word' id='word_1_303' title='bbox 663 2698 715 2755; x_wconf 87' lang='lat' dir='ltr'>est,</span> <span class='ocrx_word' id='word_1_304' title='bbox 733 2695 841 2746; x_wconf 80' lang='lat' dir='ltr'>Romane</span> 
     </span>
    </p>
   </div>
   <div class='ocr_carea' id='block_1_7' title="bbox 38 2764 924 2830">
    <p class='ocr_par' dir='ltr' id='par_1_9' title="bbox 38 2764 924 2830">
     <span class='ocr_line' id='line_1_37' title="bbox 38 2764 924 2830; baseline -0.005 -7"><span class='ocrx_word' id='word_1_305' title='bbox 38 2768 117 2829; x_wconf 49' lang='lat' dir='ltr'>¹vbis)</span> <span class='ocrx_word' id='word_1_306' title='bbox 138 2765 231 2817; x_wconf 80' lang='lat' dir='ltr'>usomio</span> <span class='ocrx_word' id='word_1_307' title='bbox 248 2779 293 2830; x_wconf 85' lang='lat' dir='ltr'>qua</span> <span class='ocrx_word' id='word_1_308' title='bbox 314 2766 438 2830; x_wconf 81' lang='lat' dir='ltr'>imperante</span> <span class='ocrx_word' id='word_1_309' title='bbox 455 2766 530 2816; x_wconf 86' lang='lat' dir='ltr'>luerat</span> <span class='ocrx_word' id='word_1_310' title='bbox 548 2764 652 2817; x_wconf 74' lang='lat' dir='ltr'>cunutus</span> <span class='ocrx_word' id='word_1_311' title='bbox 672 2769 793 2829; x_wconf 89' lang='lat' dir='ltr'>venturus,</span> <span class='ocrx_word' id='word_1_312' title='bbox 815 2765 842 2817; x_wconf 88' lang='lat' dir='ltr'>iu</span> <span class='ocrx_word' id='word_1_313' title='bbox 920 2812 924 2819; x_wconf 93' lang='lat'>.</span> 
     </span>
    </p>
   </div>
   <div class='ocr_carea' id='block_1_8' title="bbox 38 2837 843 2981">
    <p class='ocr_par' dir='ltr' id='par_1_10' title="bbox 38 2837 843 2981">
     <span class='ocr_line' id='line_1_38' title="bbox 38 2837 843 2910; baseline -0.004 -20"><span class='ocrx_word' id='word_1_314' title='bbox 38 2858 81 2910; x_wconf 69' lang='lat' dir='ltr'>[uo</span> <span class='ocrx_word' id='word_1_315' title='bbox 98 2837 251 2902; x_wconf 83' lang='lat' dir='ltr'>implerentur</span> <span class='ocrx_word' id='word_1_316' title='bbox 264 2838 302 2888; x_wconf 93' lang='lat' dir='ltr'>illa</span> <span class='ocrx_word' id='word_1_317' title='bbox 310 2837 421 2901; x_wconf 89' lang='lat' dir='ltr'>promissa</span> <span class='ocrx_word' id='word_1_318' title='bbox 429 2838 518 2889; x_wconf 88' lang='lat' dir='ltr'>oracula</span> <span class='ocrx_word' id='word_1_319' title='bbox 528 2837 703 2901; x_wconf 81' lang='lat' dir='ltr'>pmplretnrnm,</span> <span class='ocrx_word' id='word_1_320' title='bbox 711 2851 757 2889; x_wconf 92' lang='lat' dir='ltr'>non</span> <span class='ocrx_word' id='word_1_321' title='bbox 768 2837 843 2889; x_wconf 82' lang='lat' dir='ltr'>solium</span> 
     </span>
     <span class='ocr_line' id='line_1_39' title="bbox 39 2908 843 2981; baseline -0.006 -16"><span class='ocrx_word' id='word_1_322' title='bbox 39 2909 196 2981; x_wconf 78' lang='lat' dir='ltr'>oquendum,</span> <span class='ocrx_word' id='word_1_323' title='bbox 206 2908 285 2961; x_wconf 80' lang='lat' dir='ltr'>varum</span> <span class='ocrx_word' id='word_1_324' title='bbox 296 2909 365 2961; x_wconf 88' lang='lat' dir='ltr'>etiam</span> <span class='ocrx_word' id='word_1_325' title='bbox 377 2908 523 2963; x_wconf 83' lang='lat' dir='ltr'>scribentium</span> <span class='ocrx_word' id='word_1_326' title='bbox 533 2909 559 2961; x_wconf 91' lang='lat' dir='ltr'>iu</span> <span class='ocrx_word' id='word_1_327' title='bbox 572 2912 642 2961; x_wconf 82' lang='lat' dir='ltr'>tantu</span> <span class='ocrx_word' id='word_1_328' title='bbox 654 2909 689 2981; x_wconf 77' lang='lat' dir='ltr'>rei</span> <span class='ocrx_word' id='word_1_329' title='bbox 704 2910 786 2961; x_wconf 77' lang='lat' dir='ltr'>futuru</span> <span class='ocrx_word' id='word_1_330' title='bbox 795 2912 843 2960; x_wconf 89' lang='lat' dir='ltr'>tes-</span> 
     </span>
    </p>
   </div>
   <div class='ocr_carea' id='block_1_9' title="bbox 0 0 990 3284">
    <p class='ocr_par' dir='ltr' id='par_1_11' title="bbox 0 0 990 3284">
     <span class='ocr_line' id='line_1_40' title="bbox 0 0 990 3284; baseline 0 0"><span class='ocrx_word' id='word_1_331' title='bbox 0 0 990 3284; x_wconf 95' lang='lat' dir='ltr'> </span> 
     </span>
    </p>
   </div>
  </div>
 </body>
</html>
