1934 3284
95 175 141 224 loo
208 185 315 223 succurra
331 185 461 231 munuum,
478 183 572 230 osmer.
589 183 659 233 crrx,
676 183 732 220 aar.
750 183 777 219 rr.

93 263 199 326 datione,
221 266 245 312 ct
257 263 353 313 deicere
364 261 389 311 iu
403 261 556 312 sollicitudine
569 259 706 310 divitiarum.
720 259 766 310 sou
777 259 820 308 troc
838 269 896 308 mn-

92 333 154 385 ximd
166 333 273 385 convenit
287 333 343 383 riris
351 333 469 397 perlectis,
479 331 694 397 implentibusquud
704 330 813 381 Dominus
821 329 893 391 dicit,

92 405 196 465 Morti„
207 407 237 456 Vl
251 419 257 454 :
269 405 366 457 «Nolite
380 405 472 456 solliciti
481 404 562 454 essein
571 402 692 454 crastinum
702 420 709 464 ;
719 417 733 449 u
747 405 771 453 ot
784 400 894 457 Multo„

91 478 160 528 xllt:
178 495 192 524 n
204 477 281 528 Vende
294 478 369 528 onnia
387 478 532 542 qualum,
554 480 578 526 ει
596 477 624 526 dn
641 475 815 540 pauperibus.»
832 474 897 538 Ergo

91 548 238 613 prodigalitas
251 553 345 601 nonest
357 552 485 614 peceatum.

90 650 93 661 ·
123 621 168 670 Sed
182 625 260 672 contra
272 626 320 686 εει,
333 621 393 686 qudd
403 622 465 671 lilius
474 620 583 685 prodigus
597 619 736 686 vituperator
750 619 778 670 de
788 631 830 670 sua
839 629 899 683 pro-

92 692 219 755 digalitate,
234 695 304 751 Luc,
319 695 379 744 xvi.

124 764 133 828 (
140 765 281 816 ιὶοεεεεειο.
290 794 322 804 -
332 765 387 817 Cim
402 765 482 816 uirtuti
495 764 636 816 liberalitatis
651 761 798 828 prodigalitas
811 761 900 811 adrer-

92 838 170 898 sctur,
184 836 235 900 ipsa
253 841 290 888 cst
302 838 430 890 ucoermmd
447 835 593 903 peccatum.)

123 907 258 971 llespoudeo
271 909 406 971 dicendum,
418 911 478 974 quod
492 910 550 962 sicut
563 907 691 958 dictumest
702 906 754 970 (art.
766 907 802 965 tl,
815 903 898 968 prodi-

92 977 174 1039 galitas
184 980 307 1044 oppouitur
317 981 418 1033 auaritia
432 981 556 1033 secuudum
568 979 734 1045 oppositionem
748 976 900 1040 superabun-

91 1049 176 1102 dantiae
195 1055 220 1102 et
233 1053 342 1104 detedds.
360 1055 458 1105 Medium
472 1057 548 1104 autem
559 1051 651 1102 uirtutis
665 1052 839 1114 peculiumque
853 1050 899 1099 lro-

92 1135 141 1172 mm
165 1125 330 1189 comompitur3
349 1137 378 1175 ex
400 1127 444 1177 lroc
466 1127 541 1176 numm
569 1127 604 1174 est
628 1121 713 1186 aliquid
735 1121 845 1170 vitiosum
872 1125 899 1171 et

91 1198 224 1258 mucetum,
239 1195 299 1259 qudd
320 1198 443 1262 corrumpit
458 1195 544 1248 bononi
562 1195 659 1247 virtutis.
676 1195 739 1245 Unde
757 1193 899 1257 relinquitur

91 1263 152 1326 qudd
164 1265 312 1330 prodigalitas
326 1267 355 1318 sit
367 1273 495 1335 peccatum.

124 1337 158 1386 ttd
180 1335 283 1400 primum*
299 1352 354 1402 ergo
369 1340 502 1403 dicendum,
516 1339 577 1403 qudd
600 1339 653 1388 illud
675 1337 769 1388 verlrum
789 1334 896 1400 llpostoli

91 1405 183 1470 quidum
193 1414 310 1472 exponunt
323 1423 369 1461 uon
380 1412 408 1461 de
419 1410 542 1476 cupiditate
554 1409 646 1472 actuali,
658 1410 698 1460 sad
709 1409 737 1458 de
746 1407 844 1470 quadam
852 1409 898 1458 ha-

91 1477 172 1526 bituali
181 1477 314 1544 eupiditate,
323 1491 373 1545 qua
381 1485 418 1532 εει
427 1481 610 1547 concupiscentia
620 1480 717 1540 tomitis,
727 1493 755 1530 ex
765 1491 809 1542 qua
820 1477 901 1528 omnia

92 1552 185 1612 peccata
200 1549 311 1602 oriuntur.
324 1553 368 1603 titii
382 1554 528 1604 veridicum
541 1552 712 1618 quonloquitur
726 1552 753 1602 do
772 1549 900 1613 cupiditate

91 1620 193 1682 generali
207 1626 311 1686 respectu
328 1625 493 1689 cujuscumque
506 1625 619 1675 lroui.'Et
638 1623 670 1673 sic
693 1620 839 1671 monilcstum
861 1623 900 1670 εει

92 1689 152 1770 qudd
175 1692 242 1742 etam
260 1695 406 1758 prodigalitas
424 1696 592 1760 excupiditate
612 1695 695 1756 oritur3
710 1691 819 1758 prodigus
831 1691 898 1742 enim

92 1761 181 1824 aliquod
196 1763 281 1814 bonum
292 1767 416 1831 temporalo
428 1767 492 1832 cupit
506 1767 616 1832 consequi
631 1763 774 1825 inordinato,
790 1763 828 1813 vel
843 1763 892 1826 pla·

92 1845 144 1882 cere
160 1832 226 1896 aliis,
239 1836 277 1886 vel
287 1838 368 1888 saltem
380 1838 511 1890 satisiacere
526 1852 573 1890 sua
586 1836 698 1888 uoluntati
712 1835 736 1885 in
752 1833 835 1884 dando.
851 1834 900 1885 Sed

93 1903 174 1966 siquis
187 1905 249 1956 rectd
258 1909 401 1972 consideret,
417 1911 538 1974 apostolus
557 1907 657 1973 loquitur
669 1907 702 1957 ilri
714 1908 742 1957 ad
754 1905 853 1955 litteram
869 1905 899 1956 de

93 1974 215 2038 cupiditate
236 1978 380 2044 dinitiarum
396 1995 449 2032 uum
464 1980 533 2046 snpra
548 1979 688 2044 promiserat
705 1993 710 2026 ε
728 1995 741 2026 u
759 1975 803 2036 Qui
815 1975 900 2028 uolunt

92 2045 175 2096 dintes
189 2047 248 2110 fieri,
261 2052 308 2099 etc.
320 2066 325 2099 r
338 2067 352 2097 rr
367 2056 391 2102 ει
401 2053 434 2102 εἰε
447 2052 529 2103 dicitur
543 2064 592 2102 esse
609 2050 705 2101 auaritia
718 2049 782 2099 radix
794 2047 897 2100 ominium

92 2117 215 2182 malornm,
231 2121 344 2184 nunquia
357 2123 434 2174 omnia
448 2123 508 2174 mala
525 2137 614 2188 semper
627 2137 655 2174 ex
674 2121 770 2172 auaritia
783 2119 896 2182 oriantur,

90 2189 132 2238 sed
145 2190 198 2252 quia
211 2191 298 2242 nullum
311 2193 393 2244 mulum
405 2199 441 2245 εει
450 2197 510 2258 qnod
520 2208 567 2246 non
576 2193 690 2244 interdum
705 2193 790 2244 oriatur
803 2203 830 2240 ex
840 2203 896 2242 ara·

91 2259 152 2310 uitia.
176 2263 240 2313 Unda
259 2266 283 2312 ει
301 2264 449 2328 prodigalitas
465 2266 600 2329 quandoque
619 2274 649 2314 ex
665 2263 761 2314 auaritia
779 2261 895 2324 nasmtlrr,

91 2330 152 2381 sicut
164 2331 217 2383 cim
231 2333 314 2398 aliquis
326 2335 422 2400 prodige
435 2338 506 2386 multu
520 2335 634 2387 consumit
647 2335 773 2386 intentione
787 2333 897 2396 captandi

91 2401 191 2454 fauorem
205 2406 345 2471 aliquorum,
362 2408 472 2472 aquibus
486 2408 577 2458 divitias
589 2407 694 2472 adcipiat.

123 2476 158 2524 ml
171 2477 296 2527 secuudum
313 2478 449 2544 dicendum,
464 2480 525 2544 quod
547 2480 666 2544 Apostolus
685 2481 763 2529 monet
776 2475 858 2527 diriter
871 2479 897 2526 ut

91 2543 161 2594 iacild
174 2546 289 2611 aliquant,
304 2553 328 2599 ει
340 2551 509 2602 communicent
522 2565 564 2602 sua
578 2549 702 2602 secundirm
720 2549 779 2613 quod
793 2549 893 2612 oportet3

92 2617 153 2678 quod
172 2630 219 2667 non
237 2617 325 2670 iaciunt
337 2621 442 2688 prodigi,
460 2624 529 2688 quia,
543 2627 569 2674 ut
589 2622 742 2686 Philosophus
761 2619 816 2670 dicit
829 2619 853 2668 in
866 2619 896 2668 lv

93 2688 190 2746 Ettric„
206 2690 334 2743 «dationes
349 2706 427 2744 eorum
439 2709 486 2746 nou
500 2698 553 2746 sunt
570 2696 648 2756 lronae,
662 2705 737 2757 neque
750 2689 895 2755 innigrata,

95 2832 191 2940 mag
200 2834 277 2881 ridere
289 2841 333 2896 εει,
342 2839 379 2885 νει
390 2840 414 2884 iu
423 2841 524 2897 antiquis
539 2851 591 2896 cap.
603 2839 660 2908 igal
673 2839 732 2896 apud
747 2841 770 2885 S.
782 2838 894 2901 'rhomam
956 2813 957 2850 ἦ
