1934 3284
98 129 144 176 354
230 136 339 181 suemus
354 136 483 187 mooun,
497 137 588 184 oumu.
607 137 669 187 auu,
682 138 737 176 aar.
751 138 769 174 1.

96 218 218 280 peccatum
235 213 343 275 mortale,
359 213 400 263 sed
413 214 550 278 quandoque
571 212 668 264 veniale.
690 213 755 272 Quod
775 212 896 274 dicendum

98 290 134 338 est
154 301 181 336 ex
199 285 251 336 line.
272 284 315 343 Qui
331 285 350 335 si
366 288 476 350 repugnat
494 283 598 340 charitati
611 283 652 334 ltei
672 285 708 335 uel
727 283 898 349 proximi,erit
963 279 964 318 ἕ

98 361 214 422 peccatum
233 357 339 417 mortale,
355 356 409 420 pull
426 356 479 406 cium
500 355 590 406 simulat
612 357 754 406 sanctitatem
774 361 799 406 ut
817 357 897 409 lulsam
963 361 964 382 ³

99 429 224 479 doctrinam
238 427 385 490 monloel,
397 429 435 478 uel
444 431 470 478 ut
483 427 619 490 adipiscatur
633 427 809 480 eeclesiasticam
820 429 897 492 digni-

98 503 169 549 tatem
178 499 294 563 indiguus,
305 499 343 550 uel
356 512 502 564 quaecumque
510 497 554 547 aliu
561 493 766 563 ¹temporalia'lnona
780 497 898 562 inquibus

101 571 168 622 [inem
182 571 306 622 constituit.
320 571 346 621 Si
357 570 411 621 uer'o
422 571 475 620 linis
488 570 593 620 intentus
602 583 648 620 non
658 574 769 634 repugnet
781 571 897 634 charitati,

99 643 142 693 erit
155 645 271 708 peccatum
280 643 382 706 veniale,
393 642 447 706 puta
461 641 513 692 edm
525 639 608 704 adqois
622 641 646 690 in
658 639 706 706 ipsa
718 641 808 692 fictione
823 642 898 694 delec-

100 719 172 777 tatur,
186 715 214 765 de
226 728 270 779 quo
287 714 370 765 dicitur
383 715 412 764 lll
428 713 525 770 Etde'o„
539 712 598 777 quod
613 731 627 762 u
640 713 712 776 magis
724 713 811 765 uidetur·
824 728 899 766 vanus

99 785 167 850 quam
180 785 267 848 malus;
283 802 297 832 u
311 787 390 836 eadem
403 785 465 835 enirn
477 787 513 836 est
527 785 583 836 ratio
598 786 625 836 de
638 783 757 836 mendacio
769 788 792 836 el
807 785 899 836 simula·

99 859 171 908 tione.
185 857 300 921 Contingit
313 861 389 907 tamen
398 857 533 921 quandoque
545 855 605 920 quod
619 855 699 919 aliquis
710 855 799 906 simulat
809 858 898 920 perfec

99 930 185 980 donem
199 930 336 992 sanctitatis,
347 943 397 993 qua
409 942 455 979 non
464 933 500 979 est
515 930 542 978 de
552 928 631 978 salutis
641 929 793 978 necessitate:
810 933 832 978 et
845 931 900 982 talis

99 1001 212 1053 simulatio
230 1016 272 1051 uec
286 1014 375 1065 semper
391 1004 426 1050 est
440 1003 558 1064 peccatum
573 999 681 1064 mortale,
696 1014 737 1051 uec
755 1013 846 1064 semper
859 1005 896 1052 est

100 1087 151 1122 com
165 1078 257 1137 peceato
272 1072 370 1123 mortali.

132 1146 160 1194 Et
173 1159 213 1209 per
222 1146 265 1196 hoc
277 1147 341 1209 patet
352 1143 468 1208 responsio
479 1143 508 1194 ad
523 1143 622 1207 objecta.

363 1489 524 1560 OUAESTIO
543 1489 634 1560 dxli.

234 1630 269 1675 De
277 1631 415 1688 joetoote‘o,
427 1633 456 1677 io
470 1633 530 1678 deos
542 1633 659 1679 articulos
672 1632 759 1680 diuiso.
817 1623 821 1626 ’

134 1780 217 1829 Postea
230 1779 417 1832 considerandum
434 1786 470 1832 est
488 1783 516 1832 de
528 1783 637 1848 jactantia
649 1786 671 1834 el
684 1784 771 1848 ironia,
784 1799 835 1850 quae
849 1791 905 1838 suot

102 1853 179 1915 partes
195 1851 307 1901 mendacii
320 1852 444 1903 secundino
459 1853 623 1918 Philosophum
635 1855 659 1906 iu
673 1857 701 1906 IV
716 1856 798 1906 Etdic.

133 1921 210 1972 Primd
220 1926 295 1974 autem
306 1924 366 1974 circa
375 1921 509 1988 jactantiam
520 1931 651 1990 quaeruntur
661 1929 704 1980 duo
719 1944 724 1977 :
737 1930 762 1976 1⁰
771 1928 813 1980 Cui
821 1929 904 1980 uirtuti
963 1895 964 1930 ἶ

103 1997 238 2060 opponatur.
254 1999 281 2044 2⁰
292 1993 370 2045 Utrdm
386 1996 417 2046 sit
428 2000 547 2060 peccatum
562 1999 666 2050 mortale.

404 2177 563 2227 sollertius
578 2179 597 2227 1.

206 2301 291 2346 Utrum
300 2303 425 2358 Joctautia
437 2306 573 2360 opponatur
586 2304 673 2350 virtuli
685 2305 801 2350 ueritatis.

134 2427 166 2476 td
175 2426 272 2490 primum
282 2428 315 2479 sic
328 2429 464 2494 proceditur.
475 2429 569 2481 Videtur
579 2431 637 2496 qudd
648 2431 760 2496 jactantia
769 2445 815 2482 nou
829 2447 903 2498 oppo-
963 2397 964 2420 ἶ

101 2501 169 2548 natur
187 2498 264 2549 virtuti
279 2501 393 2552 ueritatis.
411 2501 506 2562 veritati
524 2501 587 2552 enim
605 2503 727 2568 opponitur
748 2504 902 2557 mendacium.

101 2570 147 2620 Sed
159 2572 292 2635 quandoque
304 2577 379 2637 potest
387 2587 438 2625 esse
444 2575 554 2640 jactantia
563 2574 630 2626 etiam
641 2575 692 2626 sine
701 2575 831 2638 mendacio,
843 2576 904 2628 sicut

102 2639 155 2690 edm
165 2641 247 2705 aliquis
257 2657 321 2694 suam
328 2645 487 2696 excellentiam
496 2649 601 2709 ostentat,
611 2647 761 2698 diciturenim
771 2649 872 2706 Esther,
881 2647 901 2710 1,

101 2712 163 2777 quod
173 2731 187 2761 «
199 2715 311 2765 llssuerus
321 2717 375 2767 lecit
387 2721 470 2782 grande
481 2717 621 2778 convivium,
631 2722 657 2768 ut
666 2721 795 2771 ostenderet
808 2721 903 2772 diuitias

103 2783 179 2846 gloria
200 2799 246 2836 suae
266 2799 292 2834 ac
306 2788 369 2851 regni
386 2791 434 2852 sui,
450 2805 477 2842 ac
492 2790 671 2854 magnitudinem
689 2796 755 2855 atque
768 2793 903 2858 jactantiam

102 2855 210 2921 potentie
221 2871 275 2910 suae.
286 2874 300 2906 »
312 2859 369 2925 Ergo
381 2859 490 2923 jactantia
504 2875 550 2914 nou
562 2862 684 2927 opponitur
698 2863 776 2928 uoluti
787 2863 902 2916 veritatis.
