1934 3284
142 224 188 272 tlt
259 231 366 271 secunus
383 230 512 281 temnus,
525 230 616 276 ouem.
631 229 717 282 cnm,
730 231 792 270 ans.
805 234 824 269 r.

141 312 272 369 timonium,
284 310 429 360 solverentur
442 307 545 369 (scilicet
559 307 720 371 promissiones
738 309 840 361 Abrabae
852 311 914 360 tarta
922 310 938 364 l.

141 385 198 435 clim
213 383 273 433 enim
287 382 404 445 prophete
419 394 534 443 nunquam
547 379 596 431 ferd
613 380 741 430 defuissent
762 382 852 445 populo
865 384 938 439 lsrael,

141 470 169 506 es
183 469 227 519 quo
237 454 267 504 ibi
283 455 356 516 Reges
370 466 419 503 esse
433 456 559 515 coeperunt,
574 452 598 500 in
612 464 680 500 neum
694 451 860 504 tantummodb
873 468 941 503 eorum

140 529 216 585 tuere,
229 539 275 576 nou
295 526 401 575 Gentium
416 538 423 573 s
439 524 529 587 quando
541 527 618 572 autem
634 536 661 573 ea
680 525 798 586 scriptura
821 528 940 589 propbetua

141 597 283 648 manilestiirs
297 597 451 656 condebatur,
465 610 515 659 quse
534 595 639 656 gentibus
657 595 802 659 quandoque
820 599 940 661 prodesset,

140 674 195 721 tunc
207 670 326 735 oportebat
343 668 459 731 incipere,
470 669 561 729 quando
572 666 715 716 condebatur
724 667 781 717 bec
792 670 888 718 multus
898 669 942 732 (sri-

141 743 194 792 licet
207 741 321 801 Romanu)
336 752 387 802 que
400 740 506 799 sentibus
519 740 649 801 imperaret.
662 754 676 783 u
688 739 743 788 ldeo
758 744 841 790 antem
855 740 941 789 maximi
960 766 961 777 ι

142 817 242 877 tempore
256 813 344 872 Regum
363 811 462 873 oportuit
479 812 602 873 propbetas
617 808 642 857 iu
661 808 701 857 illo
716 810 806 873 populo
818 812 939 862 abundare:

141 886 193 948 quia
207 889 261 934 tunc
278 882 373 947 populus
388 894 433 931 nou
447 881 616 945 opprimebatur
629 879 658 929 ab
671 880 833 944 alienigenis.
845 887 886 933 sed
900 897 943 947 pru-

142 958 216 1020 prium
231 957 314 1017 Regem
331 953 437 1003 babebat.
453 954 481 1003 Et
493 953 544 1003 ideo
561 952 679 1016 oportebat
697 966 740 1015 per
759 956 890 1019 propbetas
902 970 942 1005 euru

141 1026 224 1077 instrui
238 1028 264 1076 de
280 1026 385 1089 agendis,
396 1025 460 1088 quiesi
472 1024 598 1074 libertatem
609 1024 744 1074 habentem.

175 1100 206 1147 td
220 1098 310 1147 tertium
323 1098 458 1157 dicendum,
469 1095 528 1160 qubd
543 1095 662 1158 prophete
673 1097 944 1157 praenuntientestris.

142 1171 279 1230 adrentum,
297 1183 341 1219 uon
354 1172 475 1232 potuerunt
492 1168 575 1216 durare
586 1166 631 1215 nisi
642 1180 718 1229 usqne
732 1169 764 1217 ad
784 1171 907 1228 loannem,
917 1186 943 1232 qu:

141 1240 315 1305 presentialiter
326 1242 436 1290 Christum
451 1239 521 1302 digito
531 1239 703 1288 demonstrarit.
719 1240 751 1289 Et
765 1244 851 1292 tamen
860 1248 886 1291 ut
896 1245 944 1292 lers-

142 1313 200 1361 nrias
210 1313 293 1361 ibidem
305 1311 371 1373 dicit,
392 1324 460 1361 cnon
472 1312 515 1360 boe
525 1310 608 1359 dicitur
616 1314 705 1374 utpost
721 1310 844 1363 loannem
856 1317 943 1365 erotus·

143 1385 283 1447 propbetas:
297 1383 392 1446 legimus
406 1382 431 1432 in
447 1382 537 1432 Actibus
551 1382 712 1445 Apostolorum
734 1386 760 1433 et
780 1386 892 1448 Agabum
907 1403 944 1449 prr

142 1456 247 1517 pbetasec
257 1491 264 1513 ,
276 1459 299 1504 et
311 1460 407 1517 qrratuor
422 1454 523 1517 virgines
540 1454 597 1502 lilius
613 1453 727 1516 Philippi.
745 1470 760 1501 e
772 1456 882 1509 Joannes
893 1465 943 1508 attur

142 1525 222 1575 librum
244 1526 399 1589 propheticum
415 1525 550 1588 conscripsit
564 1526 593 1574 de
607 1524 653 1573 tine
670 1524 798 1578 Ecclesise.
814 1530 845 1580 Et
865 1530 944 1590 singule

142 1597 281 1659 temporibus
295 1610 340 1647 uon
354 1596 475 1647 defuerunt
485 1595 555 1659 aliqui
564 1594 692 1659 pmpbetim
704 1599 825 1660 spiritum
834 1603 943 1651 babentes.

142 1680 189 1715 non
199 1668 290 1729 quidem
302 1668 330 1716 ad
343 1680 425 1717 nouam
441 1668 563 1717 doctrinam
582 1665 635 1716 lidei
653 1666 862 1737 depromendam,
877 1674 910 1723 sei
922 1685 943 1717 m

142 1738 292 1788 bumanorum
308 1743 397 1789 actuum
416 1738 578 1799 directionem3
592 1738 652 1788 sicut
674 1742 829 1801 augustinum
846 1747 910 1795 relert
921 1744 941 1789 l'.

143 1811 180 1859 De
199 1812 276 1859 Cr'ur't.
293 1811 340 1859 Dei
357 1814 423 1875 (cap.
445 1815 475 1859 sb
486 1814 504 1872 l,
518 1809 578 1873 qudd
595 1826 609 1855 u
627 1810 776 1862 Tbeodueius
795 1817 913 1879 Augustus
926 1815 943 1860 a}

142 1884 252 1933 loannem
273 1883 298 1933 iu
320 1883 411 1947 AEgppti
430 1895 507 1933 eremo
529 1882 695 1942 coustitutum,
710 1896 787 1945 quem
807 1891 945 1953 propnetam:

143 1955 223 2018 spiritu
232 1954 351 2018 praeditum
368 1953 429 2003 iuml
440 1954 595 2003 crebrescente
609 1952 739 2017 didicerat,
755 1957 828 2010 misit
839 1978 847 2025 3
859 1964 883 2013 ot
893 1961 941 2009 abe

143 2027 247 2075 nuntium
261 2026 362 2077 victorie
375 2025 527 2076 certissimum
540 2024 663 2087 accepit.»

365 2369 532 2439 obustis)
550 2368 692 2433 ttxxt.

305 2522 338 2567 lle
351 2520 443 2575 raptu,
456 2518 486 2565 te
499 2530 542 2563 rear
553 2514 673 2564 articulos
685 2516 785 2565 dicium.

175 2670 259 2720 lleinde
271 2670 457 2721 considerandum
470 2676 507 2721 est
521 2670 549 2721 de
559 2674 633 2734 raptu.

175 2740 204 2787 Et
217 2741 275 2791 cirea
285 2744 329 2792 boc
342 2748 473 2807 queruntur
485 2756 526 2793 sex
542 2759 547 2791 :
564 2746 591 2791 1ο
605 2742 684 2792 Utrdm
698 2743 780 2797 anima
800 2749 905 2801 bominis
915 2760 941 2796 ra·

144 2809 218 2887 piatur
228 2812 257 2861 ad
267 2812 351 2863 diviua.
368 2819 395 2863 uo
408 2814 488 2863 lltrbm
500 2818 577 2877 mutus
589 2815 705 2879 pertineat
723 2818 754 2867 ed
768 2820 821 2871 vim
834 2819 941 2886 cognosci·

143 2880 231 2957 trram,
245 2883 282 2931 vel
295 2886 323 2934 ad
340 2885 495 2949 appetitivam.
511 2891 537 2935 ³⁰
550 2887 631 2937 Utrrim
649 2886 734 2937 reum
747 2888 777 2940 in
791 2899 864 2959 raptu
876 2895 942 2943 sideru

144 2948 184 2996 bet
195 2952 326 3017 maantiasar.
340 2958 366 3004 tr
377 2954 456 3006 tltrdur
467 2957 538 3009 luerit
546 2957 681 3009 menutmt
691 2960 813 3015 sensibus.
833 2970 864 3017 t·
875 2963 940 3015 tttrbn
