1934 3284
118 129 165 182 eto
249 139 356 182 mourut
367 141 499 196 awaus,
513 141 606 191 optor.
619 142 674 193 cur,
685 142 744 184 aar.
757 140 785 182 n.

117 219 304 284 terpretatirum,
323 219 411 272 seilicet
428 219 525 284 simplex
539 221 633 272 verbum
645 220 733 285 paulati
749 220 804 284 ejus
815 219 925 272 indimus

118 291 269 354 voluntatem,
278 290 316 345 eui
326 291 402 342 obedit
417 292 660 358 promptusobedieue,
672 291 799 344 secundinus
811 293 869 343 iilud
884 295 924 344 od

55 369 61 386 ·
120 363 181 420 Tit„
193 364 224 414 111
239 379 271 411 :o
286 363 387 416 Admone
400 363 451 414 iilos
465 363 605 428 principibus
620 368 644 414 et
654 355 806 428 potestatioais
817 364 925 416 subditos

118 445 184 498 esse,
197 434 259 486 dioto
269 433 377 497 obedire,
389 438 459 488 eta.»
474 435 515 486 Est
527 438 603 485 auteur
617 435 690 486 uirtus
705 434 812 496 moralis.
827 434 882 486 edm
895 436 928 488 eit

117 518 173 570 pars
188 503 293 569 justitia,
303 508 370 558 otest
385 505 459 556 media
474 505 703 569 interruperfluam
716 510 739 556 et
749 505 924 558 diminutum.

118 576 249 628 Attenditur
271 580 347 628 autem
368 577 419 641 ejus
440 577 604 640 superfluam
622 590 671 628 nou
687 573 780 640 quidem
796 577 923 628 seeundum

119 650 243 712 quantum,
257 649 296 700 sod
310 646 433 700 seeundum
446 647 504 698 alias
513 647 704 707 circumstantias,
715 646 742 696 ia
758 650 869 710 quantum
878 649 926 700 sei-

120 717 174 770 licet
190 717 270 783 dionis
282 720 358 772 obedit
373 719 412 772 rel
422 719 460 770 oni
473 731 519 770 non
532 719 601 770 dedet
611 717 683 770 setin
694 717 778 782 odone
787 719 922 782 uoudebet,

120 788 181 842 deut
195 791 264 842 etiam
279 791 348 856 supri
365 791 394 842 de
415 790 524 854 religione
535 790 625 842 dictum
637 793 674 840 est
687 789 742 854 (qu.
764 791 810 853 72,
824 793 861 840 art
880 793 922 853 1).

120 863 200 914 Potest
213 863 280 914 edam
291 863 335 914 diei
346 861 406 928 qudd
422 863 481 914 siout
494 862 520 912 iu
530 861 621 933 justitia
630 862 794 926 remesinum
806 863 843 912 est
858 861 884 911 iu
894 876 924 914 eo

121 933 372 998 quinamentorum,
383 936 540 986 diminutam
552 935 661 985 antonin
672 947 700 986 eo
711 931 751 983 oui
762 945 810 983 non
819 933 924 984 redditur

121 1005 181 1068 prod
194 1005 295 1067 debetur,
305 1009 331 1057 ut
346 1005 495 1069 Philosophus
509 1005 565 1057 dicit
572 1004 602 1056 in
614 1006 634 1055 v
644 1004 730 1056 ittdio.
745 1005 779 1056 tta
792 1003 926 1057 obedientia
941 1002 947 1011 “

120 1077 221 1128 medium
236 1081 272 1128 est
287 1077 347 1128 iuter
359 1077 521 1142 superfluum
534 1077 595 1142 quod
608 1077 731 1128 attenditur
747 1091 777 1127 es
792 1081 857 1140 parte
870 1077 925 1142 ejus

121 1148 160 1213 qui
175 1147 287 1199 subtrahit
301 1147 410 1211 superiori
419 1148 556 1200 obedientie
567 1148 678 1209 debitum,
690 1149 746 1212 quia
753 1149 926 1212 superabundat

120 1217 145 1270 in
160 1218 275 1282 implendo
286 1217 399 1283 propriam
408 1218 561 1284 uoluntatem
573 1222 597 1272 et
607 1219 768 1270 diminutum
777 1219 838 1282 qued
846 1224 925 1272 attau-

120 1287 180 1340 ditur
195 1293 304 1352 exparte
321 1288 444 1354 superioris
462 1288 499 1342 cui
518 1304 565 1342 uon
580 1290 693 1342 obeditur.
712 1291 777 1340 Unde
796 1290 925 1342 seeundum

121 1362 181 1425 hue,
199 1360 328 1412 obedientia
341 1375 387 1412 nou
406 1361 450 1412 erit
468 1361 568 1413 mdium
580 1363 675 1412 duarum
691 1361 844 1427 malitiarum,
860 1363 927 1417 siem

120 1430 189 1498 eupr'a
202 1433 230 1482 de
243 1431 330 1496 justitia
344 1432 430 1484 dietum
448 1435 484 1484 est
499 1433 556 1498 (qu.
567 1438 607 1496 58,
621 1436 666 1487 art.
678 1436 734 1495 1⁰).

151 1505 186 1556 td
199 1505 291 1555 tertium
309 1503 429 1556 dicendum
436 1542 445 1569 ‚
469 1505 530 1570 qudd
542 1504 686 1567 obediontia,
701 1505 762 1556 siout
772 1510 798 1558 et
814 1506 925 1570 quudbet

120 1577 207 1640 virtus,
221 1576 287 1628 dehet
299 1575 383 1628 habere
393 1580 522 1641 promptam
535 1577 676 1629 uoluntatem
685 1576 711 1628 iu
719 1592 787 1631 suurn
804 1578 923 1642 proprium

120 1648 248 1713 obiectum,
260 1661 305 1699 uon
320 1650 398 1700 autem
410 1649 469 1700 inid
484 1650 546 1712 quod
559 1662 690 1714 repugnans
703 1653 741 1700 eet
750 1649 782 1701 ei.
799 1649 923 1713 Rroprium

119 1723 196 1770 autern
210 1720 322 1784 objectum
336 1719 470 1772 obediontia
485 1724 522 1772 eet
535 1724 686 1786 praereptum,
701 1721 868 1785 quodquidam
888 1735 922 1772 ex

120 1789 214 1842 alteriue
223 1790 340 1842 uoluntate
350 1791 453 1855 procedit
466 1808 473 1842 :
492 1793 553 1844 unde
565 1792 695 1844 obedientia
706 1793 781 1845 reddit
793 1796 925 1858 promptam

119 1859 219 1912 hominis
232 1861 372 1912 uoluntatem
393 1861 422 1912 ad
438 1862 579 1928 implendam
594 1863 734 1916 voluntatem
752 1863 860 1926 alterius,
877 1865 927 1914 eoi·

119 1928 174 1984 lieet
185 1932 351 1997 precipientis.
366 1932 390 1982 Si
405 1936 483 1984 autem
496 1934 520 1985 id
530 1935 590 2000 puod
607 1933 629 1984 ei
642 1935 772 2000 precipitur
784 1935 816 1986 ait
829 1940 926 1999 propter

120 2017 147 2058 ee
159 2003 181 2056 ei
194 2005 302 2068 volitum,
313 2004 381 2056 etiam
395 2006 479 2070 absque
490 2007 580 2059 ratione
593 2007 700 2071 precepti
715 2006 791 2071 (dont
799 2006 884 2058 accidit
898 2007 927 2059 in

120 2077 268 2144 prosperis),
281 2077 330 2142 jam
344 2090 373 2128 ex
387 2077 477 2143 propria
495 2078 612 2129 voluntate
628 2077 700 2130 tandit
715 2077 740 2128 in
751 2077 824 2139 iilud,
838 2081 862 2127 et
876 2092 925 2146 non

56 2199 59 2206 ,
121 2149 211 2202 videtur
226 2149 283 2200 iilud
298 2147 392 2216 impiere
406 2152 499 2214 propter
511 2153 666 2214 proseptum,
682 2150 721 2200 sed
732 2151 825 2214 propter
840 2149 925 2200 solun·

121 2224 193 2272 tatem
204 2219 326 2286 propriam.
337 2221 383 2272 Sed
390 2223 479 2286 quando
493 2221 549 2272 iilud
562 2223 622 2284 quod
632 2221 761 2286 prmdpitnr
775 2220 838 2273 unito
854 2223 924 2276 modo

121 2295 157 2344 est
175 2291 297 2344 secundiani
311 2304 336 2343 se
350 2290 457 2353 volitum,
470 2293 511 2343 sod
522 2295 556 2342 est
573 2290 699 2342 seeundum
708 2305 733 2342 se
743 2291 923 2355 consideratum,

118 2362 215 2428 propriu
232 2363 343 2414 voluntati
360 2376 490 2427 repugnans
506 2361 582 2428 (siem
595 2361 676 2414 accidit
693 2361 718 2412 iu
732 2361 851 2426 asperis),
866 2367 925 2415 tuuc

119 2432 212 2484 omnino
224 2434 369 2485 manifestum
382 2437 418 2486 est
431 2431 493 2498 quod
504 2447 549 2485 uon
558 2433 690 2498 impleretur
701 2433 748 2489 uisi
756 2437 849 2498 propter
861 2448 925 2498 prae-

118 2505 258 2568 captumst
273 2504 324 2556 ideo
336 2505 457 2568 Gregorius
474 2504 531 2556 dicit
542 2505 566 2555 in
577 2504 619 2556 lio.
634 2505 736 2562 doro„
750 2501 812 2571 quod
833 2521 848 2552 a
860 2506 925 2556 ebe·
959 2538 962 2573 5

119 2574 204 2626 dioutia
217 2589 268 2640 qun
281 2577 351 2628 habet
363 2575 446 2641 aliquid
466 2577 495 2627 de
512 2591 553 2629 suo
568 2577 594 2628 in
610 2575 737 2642 prosperis,
749 2578 785 2628 esi
800 2576 838 2627 ret
856 2577 924 2628 nulia
960 2578 961 2649 j

118 2647 156 2696 vei
171 2645 259 2710 minor3
271 2664 284 2694 »
299 2647 351 2712 quia
365 2647 452 2698 scilicet
464 2649 570 2700 uoluntas
585 2649 676 2713 propria
689 2661 735 2699 non
751 2647 842 2698 ridetur
855 2648 920 2712 prin·
960 2662 961 2685 r

119 2716 223 2782 oipaiiter
236 2719 328 2770 taudme
338 2720 366 2770 ad
380 2718 520 2784 implendum
537 2725 690 2785 prereptum,
701 2719 742 2770 sed
753 2719 782 2770 ad
796 2731 924 2783 assequen-

119 2789 173 2840 dum
186 2788 301 2854 proprium
310 2791 421 2842 volitum:
439 2792 733 2844 «inadversisautemvel
743 2790 925 2843 difficilibusest
959 2810 960 2817 ¹

120 2860 201 2928 major,
218 2877 231 2909 o
245 2859 300 2928 ‹puia
315 2861 419 2916 voluutas
432 2863 525 2930 propria
537 2863 563 2916 iu
579 2862 638 2914 nihil
647 2861 709 2915 aliud
721 2862 796 2916 tondit
812 2861 882 2927 quan
897 2863 925 2914 in
