1934 3284
117 142 162 194 titt
229 152 337 194 smnnns
352 152 479 202 manns,
494 145 587 198 oum.
604 152 690 203 univ,
707 151 763 191 usn.
779 154 799 190 r.

115 232 175 283 daca
184 231 328 282 amaseam
338 228 417 283 lllrhm
429 228 606 293 magnanimitas
619 228 651 280 sit
664 227 736 279 solim
746 226 809 279 circa
820 240 916 293 magnas

115 304 222 353 honores.
238 306 265 351 t·
277 301 357 353 Ulrdm
376 300 406 353 sit
420 300 501 351 uirtus.
522 304 548 350 t⁰
567 300 650 352 Utrdm
663 300 694 351 sit
711 298 782 351 virtus
797 300 915 365 specialis.

116 378 143 425 t·
155 372 235 425 lltrdm
248 373 279 424 sit
291 386 343 437 pars
356 372 504 424 tortitudinis.
517 364 549 423 θ’
555 373 672 433 Quomodo
683 384 708 423 se
719 372 802 422 habeat
817 372 846 421 ad
862 371 918 421 lida

115 446 182 496 ciam
198 450 224 496 7⁰
239 445 354 506 Quomodo
368 458 392 495 se
406 445 489 495 habeat
501 444 529 495 ad
547 442 701 496 securitatem.
718 447 744 494 8⁰
755 442 880 503 Quomodo
893 454 917 492 sc

114 518 197 569 habeat
208 517 237 568 ad
247 518 307 569 bona
319 516 424 568 iortamc.

420 699 580 753 subrelictis
594 699 614 749 l.

252 822 337 869 Uirium
346 821 536 881 magnanimitas
545 823 577 869 ait
590 822 656 869 circo
671 822 778 869 honores.

147 951 179 1001 hd
193 950 290 1015 primunr
301 949 334 1001 sia
344 950 480 1015 proceditur.
496 948 592 999 lhdetur
602 946 662 1013 qadd
678 948 853 1013 magnanimitas
869 963 918 1001 uon

115 1022 145 1073 sit
160 1023 219 1073 circa
236 1023 344 1074 honores.
361 1021 534 1084 magnanimitas
547 1021 607 1071 enim
622 1024 659 1072 est
677 1021 702 1071 in
714 1020 839 1083 irascibili,
853 1023 914 1086 qaod

115 1108 144 1146 en
152 1095 203 1159 ipso
213 1094 303 1145 nomine
310 1096 383 1159 patet,
393 1106 446 1144 uam
455 1110 469 1142 a
477 1088 652 1157 magnanimitas
660 1108 674 1139 a
681 1092 763 1143 dicitur
770 1092 835 1156 quasi
842 1110 857 1141 a
866 1106 913 1143 ma·

114 1165 208 1229 gnitudo
222 1165 299 1215 animi.
317 1181 331 1213 a
349 1165 443 1215 Animus
455 1169 532 1215 antem
548 1177 589 1228 pro
606 1164 630 1213 ri
649 1162 758 1214 irascibili
777 1164 878 1230 ponitur,
893 1169 919 1215 nt

113 1240 176 1302 patet
185 1238 209 1289 in
223 1238 260 1287 lii.
272 1238 307 1287 De
316 1239 408 1287 Animo
419 1238 491 1301 (mat.
507 1240 536 1286 th
544 1236 564 1299 l,
573 1235 612 1285 ubi
623 1236 775 1300 Philosophus
783 1234 840 1287 dicit
851 1236 916 1301 quhd

88 1300 95 1319 ‘
116 1309 165 1361 uin
180 1310 290 1361 sensitiva
303 1310 404 1375 appetitu
424 1314 460 1361 est
480 1309 617 1360 desiderium
636 1310 660 1359 el
674 1308 776 1368 animus3
795 1323 811 1355 a
823 1306 849 1357 id
864 1312 915 1372 est,

117 1381 322 1446 «concupiscibilis
331 1385 355 1432 et
363 1380 494 1433 irascibilis.
505 1397 520 1429 a
529 1381 571 1431 Sed
582 1380 654 1430 honor
663 1382 699 1430 est
709 1379 820 1442 quoddam
828 1379 915 1430 bonnm

115 1453 305 1517 concupiscibile,
319 1450 372 1504 ciam
387 1453 417 1503 sit
430 1453 550 1517 premium
566 1450 667 1502 mutatis.
683 1452 742 1515 Ergo
752 1449 843 1501 videtur
854 1451 914 1516 qudd

115 1525 287 1589 magnanimitas
301 1524 387 1577 nonsit
401 1524 459 1575 circa
477 1526 586 1587 honores.

147 1603 171 1648 2.
186 1600 312 1661 Praeterea,
327 1597 500 1662 magnanimitas
511 1596 563 1647 edm
578 1596 608 1647 sit
619 1596 693 1647 airus
706 1596 811 1660 morabs,
825 1599 916 1660 oportet

114 1669 175 1736 qudd
188 1670 218 1721 sit
233 1670 318 1721 «circa
331 1668 505 1733 passiones‘rel
520 1668 671 1734 operationes.
690 1684 704 1715 a
724 1668 775 1719 Non
786 1670 865 1718 autem
880 1672 916 1718 est

115 1742 173 1793 circa
189 1741 350 1807 operationes,
364 1741 417 1805 quia
432 1740 464 1792 sic
483 1744 545 1791 esset
556 1752 610 1803 pars
623 1738 736 1803 justitie:
754 1742 777 1789 et
795 1738 828 1788 sic
841 1738 915 1790 aehn-

115 1813 191 1877 paitnr
203 1810 263 1877 quhd
281 1814 313 1863 sit
325 1813 382 1863 circa
394 1813 523 1877 passiones.
536 1809 613 1862 nonar
629 1813 706 1861 autem
719 1822 764 1861 noa
779 1813 814 1860 est
825 1811 911 1873 passio.

114 1886 174 1948 Ergo
185 1883 358 1949 magnanimitas
370 1897 415 1934 nou
429 1888 464 1935 est
478 1884 538 1933 ciam
555 1884 664 1933 bonores.

147 1962 170 2007 3,
190 1958 303 2008 Praeterea
311 1993 319 2020 ‚
334 1955 391 2006 ratio
405 1952 597 2019 magnanimitatis
610 1952 700 2003 ridetur
711 1950 826 2017 pertinere
842 1952 913 2017 magis

114 2030 144 2082 ad
157 2028 337 2096 prosecutionem
355 2027 422 2093 quim
438 2027 564 2090 adingam.
582 2024 668 2076 Dicitur
683 2024 744 2075 euim
763 2026 913 2088 «magnani-

114 2114 182 2164 mus,
194 2117 208 2149 a
220 2100 273 2165 quia
284 2100 312 2151 ad
326 2112 408 2163 magua
424 2098 507 2149 tendit.
519 2098 563 2147 Sed
579 2095 676 2148 mutuosi
688 2109 735 2147 nou
751 2096 872 2146 laudantur
884 2110 913 2147 ex

115 2176 159 2224 boc
173 2172 232 2237 pndd
243 2171 339 2237 cupiant
348 2173 464 2233 honores,
476 2170 515 2220 sed
527 2168 600 2233 inagis
608 2180 638 2219 ex
649 2181 677 2220 eo
690 2167 751 2233 qubd
764 2180 805 2218 cos
813 2168 911 2233 fugiant.

115 2246 173 2309 Ergo
188 2242 361 2308 magnanimitas
373 2253 419 2294 nou
433 2245 468 2292 est
484 2240 545 2291 cirea
556 2242 664 2292 bonores.

51 2334 57 2344 ·
145 2316 188 2367 Sed
198 2320 276 2367 contra
289 2318 333 2378 est,
344 2315 404 2379 qnod
417 2313 569 2378 Philosophus
582 2312 637 2364 dicit
647 2311 671 2362 ia
687 2311 727 2362 iv.
741 2310 837 2365 Ellis„
852 2312 911 2375 qnod

116 2404 130 2436 u
141 2386 314 2451 magnanimitas
326 2390 362 2438 est
376 2386 436 2437 circa
449 2388 549 2436 honores
562 2387 585 2435 et
597 2383 791 2435 inhonorationes.
805 2399 821 2431 a

149 2460 312 2523 (Conuuusro.
327 2486 357 2497 -
366 2458 424 2509 Ciani
434 2458 457 2507 in
469 2457 536 2507 rebus
550 2456 638 2520 magnis
650 2460 753 2507 rersetrm
766 2455 910 2519 magnanimi·

115 2534 163 2594 tas,
175 2530 282 2594 atipsins
290 2542 373 2581 nomeu
382 2527 479 2592 iudicat,
494 2530 592 2579 honores
603 2533 679 2577 amem
687 2526 747 2577 inter
757 2539 795 2577 res
807 2532 908 2577 externas

117 2600 215 2652 manimd
226 2602 352 2666 emineant3
363 2601 426 2653 recte
433 2600 517 2652 dicitur
529 2598 738 2663 magnanimitatem
747 2597 808 2648 circa
818 2599 909 2649 honoros

117 2670 229 2735 saraam.)

148 2742 285 2806 despondeo
303 2744 434 2809 dicendum,
449 2742 510 2808 qubd
531 2741 705 2808 magnanimihs
721 2753 751 2792 es
763 2754 806 2793 sao
825 2741 911 2793 nomine

118 2814 223 2877 importat
235 2816 353 2876 quamdam
365 2816 522 2866 extensionem
534 2812 606 2865 animi
615 2815 643 2864 ad
654 2825 743 2877 magna.
753 2812 909 2865 consideratur

119 2886 195 2935 autem
203 2883 310 2936 habitudo
318 2884 444 2938 mrmbsad
453 2886 498 2938 duo
507 2876 603 2954 ipsimo,
611 2886 640 2938 ad
649 2884 837 2938 mammamcirca
846 2897 907 2951 gnam
