1934 3284
122 157 170 204 itt
249 163 356 204 sodorol
373 163 501 217 socordis,
515 160 610 212 opnor.
627 164 683 214 cur,
697 164 752 204 aar.
769 164 795 202 ιι.

122 243 217 308 pulchro
227 244 254 291 ut
268 240 435 308 moduletur,
449 241 572 294 mundum
586 241 641 292 illud
652 241 803 301 norw:
817 241 932 307 ulloque

122 315 248 366 amendant
268 313 383 364 lucernam
397 315 422 364 ot
444 317 532 378 ponunt
554 326 606 364 caro
627 313 671 364 sao
689 313 779 372 modio,
793 313 835 364 ssd
855 327 934 378 sopor

123 385 295 449 caudelabrum,
311 387 337 434 ut
348 385 423 435 luccat
435 386 540 436 opimius
548 385 589 449 qui
604 384 630 437 iu
645 386 712 436 domo
729 389 792 437 suot.
808 400 822 433 ι
839 385 871 436 lit
883 399 932 450 pro

122 459 185 508 tauto
202 457 342 522 promtum
355 457 462 508 virtutis
474 455 556 507 dicitur
567 458 649 507 lrooor.

153 529 187 580 Ad
198 528 290 579 tortium
305 527 434 591 dicendum,
446 527 506 592 qaod
519 527 570 578 laos
581 528 731 592 distinguitur
743 529 772 578 ali
782 529 870 580 honoro
880 530 933 581 ‘du-

122 600 218 666 plicitcr.
227 601 277 651 Uno
289 601 364 662 modo,
375 601 428 663 quia
435 599 487 651 laus
495 600 631 650 consutilia
640 600 697 651 solis
704 599 779 664 siguis
788 600 927 666 vorborum,

124 675 196 724 horror
213 675 288 723 aulem
304 671 516 735 inquibuscuroquo
529 671 684 724 exterioribus
697 671 785 735 sipois3
799 675 823 722 ot
841 684 933 722 socun-

125 742 178 794 ddm
188 744 231 794 lroc
244 742 294 792 laos
305 742 329 792 in
340 743 426 793 honoro
440 741 568 792 includitur.
584 742 634 794 llio
645 743 726 806 modo,
737 743 792 807 quia
803 756 846 807 pcr
859 744 929 794 oxiri-

124 814 234 866 hitioueus
252 814 345 865 honoris
358 813 513 866 testimouium
531 813 647 864 reddimus
665 815 693 864 do
711 814 845 865 excellentia
855 815 930 866 boui-

125 887 179 938 tatis
194 886 419 952 alicujusmodi,
433 887 476 937 sod
492 899 535 951 por
548 887 638 938 laadcru
651 885 799 938 tosddwmur
812 889 841 937 dc
855 887 931 938 boni-

125 962 171 1010 tate
182 960 278 1020 alicujus
288 958 397 1010 inordiuo
408 959 437 1008 ad
446 958 523 1020 mem,
534 957 718 1009 oioatlaudaorus
725 957 784 1010 boni
792 960 932 1022 operantom

126 1035 218 1096 propter
231 1031 318 1094 iiocm;
332 1031 405 1082 louor
419 1033 495 1080 autom
506 1033 541 1080 ost
553 1029 622 1080 ctiam
644 1030 796 1095 optimorum,
812 1042 863 1093 qaae
879 1044 932 1082 uon

127 1103 259 1153 ordinantur
270 1103 298 1151 ad
314 1102 391 1162 froom,
406 1102 446 1151 scd
455 1101 505 1166 jum
516 1103 571 1152 sunt
583 1101 671 1163 iudae,
681 1104 707 1151 ut
719 1104 784 1166 patet
795 1110 836 1164 per
846 1101 929 1152 Philo·

128 1175 224 1238 sopliam
234 1173 259 1222 iu
272 1175 282 1222 l
295 1171 376 1222 otoo.
390 1173 437 1237 (ubi
450 1173 538 1236 sopri).
551 1171 626 1223 Gloria
644 1177 720 1224 autem
729 1172 872 1224 cstoiioctus
885 1176 931 1226 uo-

127 1245 191 1297 noris
203 1245 226 1295 ot
241 1243 327 1306 laudis,
341 1244 394 1308 quia
408 1257 436 1295 ox
448 1245 492 1294 lroo
502 1244 563 1310 quod
575 1243 723 1295 testidcamir
731 1245 760 1294 de
772 1244 876 1296 bonlido
884 1247 932 1296 ali-

127 1317 208 1380 cujus,
225 1316 328 1366 clarescit
343 1315 431 1366 bordas
449 1315 501 1380 ojus
521 1316 546 1367 iu
565 1314 644 1367 notitia
661 1314 824 1396 plurimorum,
838 1319 862 1367 et
883 1319 932 1369 lroc

127 1389 234 1450 importat
247 1400 330 1438 nomen
341 1387 437 1452 plo-aior.
447 1400 499 1439 uam
511 1388 580 1451 gloria
591 1387 676 1438 dicitur
684 1387 748 1452 quasi
760 1386 858 1450 olorio;
867 1391 931 1440 uude

128 1459 163 1508 od
183 1460 264 1518 Rom„
275 1459 301 1520 l,
320 1459 376 1509 dioit
392 1460 496 1523 quodam
511 1461 589 1511 olom
606 1459 729 1524 amussi,
751 1458 812 1549 qodd
828 1460 931 1525 «gloria

128 1532 164 1580 ost
176 1530 236 1580 clara
246 1543 298 1580 oum
307 1530 373 1582 laudo
391 1532 505 1585 notitia.»

427 1710 585 1765 acriculus
597 1712 628 1762 11.
730 1763 746 1800 ·

236 1834 321 1882 Uirium
331 1837 406 1883 horror
414 1835 510 1894 proprii
519 1837 633 1882 detector
641 1833 810 1893 acutioribus.
840 1842 843 1845 '

163 1963 197 2014 lid
210 1964 335 2015 woradum
345 1963 378 2014 sio
394 1963 532 2030 proceditur,
550 1963 645 2014 Videtur
661 1963 722 2028 quod
733 1964 807 2014 horror
820 1974 867 2013 ooo
878 1976 932 2028 pro·

130 2035 179 2100 prid
194 2035 301 2086 dabutur
311 2035 469 2100 superioribus.
483 2036 583 2099 ungulus
593 2034 654 2086 cuim
668 2037 703 2085 cst
715 2033 818 2100 superior
827 2033 933 2098 quolibet

130 2107 222 2158 homino
233 2107 335 2170 viatore,
347 2107 469 2158 scouodirm
480 2107 537 2157 illud
551 2106 652 2164 Mattio,
666 2107 696 2157 lli
708 2121 715 2156 :
731 2123 745 2154 (ι
755 2105 800 2165 Qui
810 2105 886 2158 minor
894 2111 932 2158 ost

131 2180 236 2246 iaroguo
250 2179 366 2242 coriorum,
385 2183 456 2239 mator
471 2183 508 2229 ost
526 2178 611 2228 toauuo
621 2178 732 2242 Baptista.
746 2195 760 2226 ι)
772 2177 818 2228 Sed
834 2179 933 2242 augelus

130 2252 246 2315 prohibuit
257 2252 366 2302 loannem
382 2251 496 2301 volentem
513 2251 678 2313 solodorum,
691 2254 717 2300 ut
733 2254 798 2314 patet
815 2250 931 2313 Apocol„

36 2315 41 2328 '
129 2323 171 2372 ult.
186 2324 245 2386 Ergo
261 2325 332 2374 honor
345 2335 391 2373 noa
401 2321 496 2372 dobotur
508 2321 669 2385 superioribus.

161 2399 184 2444 ι.
200 2397 326 2456 procrea,
343 2396 416 2445 honor
429 2393 523 2444 debetur
541 2392 610 2443 alicui
623 2392 649 2444 io
661 2393 818 2444 ostimonium
829 2393 930 2460 onata,

130 2469 155 2516 ut
164 2465 250 2517 dictum
262 2469 306 2516 ost.
321 2467 365 2516 ssd
378 2465 514 2529 quandoque
529 2464 642 2528 contingit
661 2464 723 2530 quod
734 2464 866 2528 superiores
885 2479 931 2517 non

130 2540 184 2587 suat
201 2536 305 2587 virtuosi.
323 2537 382 2600 Ergo
393 2536 426 2587 eis
439 2549 486 2586 uon
495 2537 589 2586 dobotor
600 2537 682 2600 honor,
691 2536 750 2587 sicut
761 2549 805 2586 occ
817 2537 929 2588 damoni-

130 2609 182 2668 bus,
192 2607 231 2671 qui
243 2610 319 2660 tamen
329 2609 458 2672 superiores
468 2607 533 2659 nobis
545 2610 598 2658 suut
610 2607 692 2659 vordino
704 2610 800 2659 naturu-

163 2683 186 2729 3.
199 2681 321 2740 Praetoroa,
331 2679 451 2743 apostolus
463 2679 527 2742 dicit,
538 2678 575 2728 od
586 2679 668 2739 Rom„
685 2681 725 2730 llll
743 2695 749 2728 ε
765 2680 879 2732 allouoro
892 2682 933 2732 irr-

130 2750 205 2802 rioom
216 2749 420 2814 praercoiootos3o
435 2753 459 2800 ot
474 2752 575 2806 locor..
587 2749 609 2798 li
624 2764 630 2799 :
648 2766 663 2798 a
680 2752 765 2801 omncs
779 2752 900 2803 honorate.
915 2767 930 2800 s

131 2821 176 2871 scd
196 2821 240 2870 hoc
252 2829 299 2870 non
314 2821 531 2881 acroceraunium,
544 2819 565 2870 si
576 2818 631 2869 solis
641 2820 797 2884 superioribus
805 2823 879 2875 laouor
887 2824 931 2876 do·

132 2891 230 2944 leretur.
244 2891 305 2959 liupo
317 2891 389 2944 liouor
402 2904 449 2944 nora
461 2893 558 2946 doictor
572 2889 664 2959 proprio
677 2893 839 2961 cupidorilras.
