1934 3284
121 205 168 254 ild
231 211 338 254 enconnl
353 212 477 276 sncpnmnn
494 210 589 261 onam.
605 208 682 261 xmo,
698 209 754 252 ιιι.
772 207 808 251 ιιι

121 291 161 344 ulii
172 289 225 342 dicit
238 291 317 342 Glossa
327 288 494 342 interlinearis.
506 307 522 339 <r
530 288 575 350 Qui
585 289 674 340 scilicet
682 293 774 340 tentans
785 289 856 340 deum
867 290 918 341 orat

121 365 180 428 qnod
193 361 283 426 docuit,
298 363 395 413 sednon
411 362 467 412 lacit
480 363 542 428 quod
552 362 631 426 Jnssit
642 377 656 408 n
669 359 714 413 Sed
728 363 772 412 noc
782 360 880 425 pertinet
891 360 920 410 ad

118 436 334 500 presumptionem,
345 447 396 499 qne
411 435 531 500 opponitur
544 433 603 498 spei.
618 434 677 499 lingo
697 433 785 484 uidetur
798 432 857 498 quod
870 437 924 484 ten·

118 507 176 558 tutio
190 507 228 556 liei
245 505 275 556 sit
289 507 405 570 peccatum
420 506 548 570 oppositum
563 505 622 568 spei.

155 581 179 629 3.
195 579 308 628 preterea
316 615 322 637 ‚
331 588 399 640 super
407 577 460 626 illud
474 575 572 626 Psalrn.
584 573 683 626 lxxvii
695 591 701 626 :
714 576 765 626 «lit
775 580 926 626 tentaverunt

119 646 192 698 Deum
205 648 228 697 in
240 648 343 699 cordibus
352 647 430 710 suis»
444 647 499 697 dicit
505 646 595 705 mosea,
605 647 665 710 qnod
676 664 691 694 ιι
702 649 791 700 tentam
805 646 879 696 ileum
891 651 928 698 est

122 717 200 770 dolose
211 719 323 783 postulare
333 757 340 780 ‚
350 722 375 769 nt
388 719 413 768 in
424 718 539 768 remissit
550 717 700 780 simplicitas,
714 717 766 768 edm
778 718 808 768 sit
820 716 846 767 ιιι
856 718 927 768 corde

123 789 220 840 malitia.
237 806 250 837 n
266 790 311 840 sed
326 788 390 840 dolos
403 788 526 854 opponitur
539 789 619 838 uirtuti
631 789 740 839 ueritatis.
758 789 817 852 liupo
827 786 927 838 tentatio

123 859 165 909 Dei
177 873 222 910 non
237 859 361 926 opponitur
377 860 497 923 religioni,
511 862 550 910 sed
561 857 661 909 reritnd.

155 931 200 982 Sed
209 935 286 982 corrtra
293 936 329 982 est
339 931 410 994 ,pn'od
420 930 479 981 siout
487 944 515 981 en
526 932 632 995 predicta
642 931 722 981 Glossa
730 931 838 992 habetur,
850 935 929 982 eten-

127 1005 174 1053 tare
187 1003 256 1053 ileum
274 1006 309 1052 ost
321 1001 450 1052 inordinate
462 1002 608 1066 postulare.»
622 1001 667 1052 Sed
676 1000 752 1052 debito
767 1001 833 1051 modo
845 1006 931 1066 posto·

127 1073 182 1137 lure,
195 1078 231 1125 est
242 1078 305 1124 actus
315 1071 479 1136 religionis,ut
488 1071 665 1136 snprilnalnitnm
676 1076 710 1122 ost
721 1072 770 1136 (qn.
780 1075 819 1136 nt,
829 1076 874 1122 nrt.
889 1072 926 1136 3).

125 1145 184 1208 lingo
197 1149 286 1194 tentare
301 1147 370 1194 iteum
384 1149 418 1194 est
432 1147 550 1208 peccalum
562 1141 665 1204 religioni
680 1142 821 1207 oppositum.
865 1147 868 1150 ’

161 1215 324 1280 (concepero.
335 1239 368 1252 -
377 1213 473 1265 Tenmre
487 1213 557 1264 ltemn
569 1212 646 1262 uirtuti
660 1213 929 1277 ιιιιιιοιιιιιιιιιιιιιιιιιι,

126 1286 178 1336 cim
197 1287 224 1336 ad
238 1287 278 1337 llei
292 1286 460 1336 irreverentiam
477 1283 590 1349 spectet.)

157 1357 292 1420 despondeo
310 1357 443 1421 dicendum,
463 1357 525 1420 qnod
548 1356 608 1406 uicut
634 1369 664 1406 ex
683 1354 752 1420 sopri
775 1353 842 1406 dictis
862 1361 933 1422 patet

92 1483 93 1493 p
124 1427 164 1493 (qu
186 1433 229 1489 ιιι,
245 1431 312 1478 artt
325 1431 437 1492 elmon.)
449 1467 454 1488 ,
469 1427 521 1478 linis
531 1427 647 1490 religionis
659 1430 695 1477 est
712 1428 758 1476 lino
770 1430 932 1478 reuerentiam

126 1500 233 1550 exhihere
247 1515 253 1548 ε
269 1501 328 1550 unde
340 1499 467 1552 omoiaillu
479 1513 529 1563 qne
542 1496 627 1550 directe
636 1497 751 1563 pertinent
759 1499 787 1547 ad
797 1497 932 1552 irreveren·

125 1571 181 1621 tiam
198 1571 251 1633 liei,
271 1571 374 1633 religioni
389 1574 543 1636 opponuntur.
556 1569 698 1619 ldaniloatnm
719 1572 755 1619 est
771 1572 850 1619 nutem
865 1571 933 1635 qnod

126 1644 215 1690 tentare
229 1641 327 1704 aliquem
345 1643 373 1692 ad
386 1641 558 1692 irreverentiam
572 1641 624 1704 ejus
638 1641 753 1705 pertinet3
766 1639 845 1690 nullus
862 1643 934 1694 enim

126 1713 242 1777 presumit
261 1718 347 1764 tentare
361 1725 413 1763 enm
428 1713 456 1764 de
472 1714 541 1774 orins
553 1712 686 1763 excellentia
698 1715 774 1763 certus
790 1717 826 1764 est
846 1730 852 1764 :
867 1717 936 1766 nnde

127 1785 272 1834 manifestum
295 1784 410 1849 estquod
431 1789 518 1836 tentare
536 1785 606 1834 Deam
627 1788 665 1852 eat
684 1788 802 1848 pennatam
819 1786 940 1851 religioni

127 1857 264 1920 oppositum.

159 1927 193 1976 ιιι
211 1927 308 1990 primum
327 1939 382 1990 ergo
402 1927 540 1989 dicendum,
556 1925 616 1989 quod
633 1925 692 1976 sicut
707 1926 775 1990 supr'a
790 1925 880 1979 dictum
901 1935 940 1981 est

129 1999 137 2063 (
145 2012 184 2062 qu.
202 2001 241 2060 at,
257 2004 300 2048 art.
319 2003 358 2062 ι),
371 1998 400 2049 ad
410 1997 543 2062 religionem
562 1998 662 2062 pertinet
674 1996 795 2062 protestari
809 1999 881 2052 ddem
895 2017 943 2067 per

129 2069 202 2133 aliqua
223 2069 288 2134 signa
304 2070 333 2119 ad
346 2070 446 2120 divinam
466 2071 616 2120 reuerentiam
631 2069 781 2134 pertinentia3
795 2083 819 2121 et
834 2074 892 2124 ideo
910 2078 942 2125 ad

128 2142 318 2206 irreligiositatem
333 2141 431 2206 pertinet
444 2141 504 2204 quod
522 2155 551 2190 ex
561 2141 721 2192 incertitudine
736 2141 788 2192 lidei
802 2144 875 2194 homo
894 2148 942 2196 ali·

128 2227 172 2276 qna
186 2213 255 2263 laciat
263 2227 313 2277 qnae
328 2213 356 2263 ad
367 2213 468 2262 divinam
477 2211 646 2262 irreverentiam
658 2214 787 2277 pertinent,
797 2215 944 2278 cujusmodi

129 2290 163 2334 est
177 2289 264 2334 tentare
277 2285 348 2336 Deum
360 2299 367 2332 ι
386 2287 409 2332 ct
422 2283 473 2334 ideo
487 2287 525 2332 eat
535 2283 710 2346 irreligiositatis
722 2284 821 2348 speeies.

160 2357 192 2406 td
208 2357 332 2406 seeundum
345 2355 479 2416 dicendam,
498 2353 558 2418 qudd
571 2353 609 2404 ille
618 2354 657 2417 qui
670 2360 723 2405 ante
737 2355 868 2407 orationem
883 2361 947 2412 ani-

129 2437 191 2488 mam
204 2439 267 2475 suam
276 2439 322 2476 nou
333 2430 443 2490 praepnrat
456 2424 593 2476 dimittendo
601 2425 683 2489 sipario
695 2423 816 2477 adversim
829 2428 946 2494 aliquem

129 2497 251 2557 habet,rel
267 2498 322 2550 aliis
338 2497 367 2547 ad
382 2497 526 2548 devotionern
540 2509 564 2546 se
579 2508 625 2545 nou
642 2496 794 2561 disponendo,
807 2512 857 2549 non
877 2503 947 2554 lacit

129 2568 189 2630 quod
201 2567 226 2615 in
241 2581 266 2617 se
278 2573 329 2630 est,
344 2573 369 2617 ut
381 2569 516 2618 exaudiatur
529 2567 543 2617 ιι
556 2569 618 2629 lton,
630 2572 654 2618 et
666 2568 719 2618 ideo
730 2569 797 2631 quasi
807 2570 947 2637 interpre-

127 2637 199 2687 tativd
213 2642 285 2688 tentat
299 2639 378 2690 Deum.
393 2641 420 2690 tit
430 2639 535 2704 quamuis
548 2639 678 2702 hujusmodi
693 2637 869 2702 interpretativa
883 2651 952 2697 ten

130 2709 186 2758 tatio
204 2709 306 2758 videatur
320 2723 348 2760 en
362 2712 539 2776 presumptione
553 2723 594 2760 sen
609 2711 773 2761 indiscretione
788 2716 952 2784 prevenire

130 2782 206 2829 ιιιιιιιι
220 2780 285 2829 lonc
280 2794 354 2844 ipsum
368 2784 396 2831 ad
416 2781 586 2834 irreverentiam
603 2783 644 2832 ltel
657 2781 770 2846 pertinet,
783 2780 846 2845 quand
867 2786 955 2842 homo

129 2851 310 2916 presumptuose
323 2857 345 2903 et
354 2854 405 2904 sine
420 2855 495 2905 delita
508 2854 625 2919 diligentia
634 2852 830 2904 montenonis
843 2867 907 2920 qum
920 2867 957 2915 ad

131 2923 202 2974 Deum
216 2924 368 2992 pertinent3d
369 2925 447 2976 initur
446 2928 510 2977 enirn
521 2926 531 2976 l
544 2925 624 2985 Pete,
637 2925 677 2974 V
672 2963 678 2976 .
694 2943 710 2974 a
719 2924 886 2981 nuntiemini
901 2938 957 2987 sub
