1934 3284
361 176 392 212 na
407 174 544 213 uamroua.
806 144 856 215 511

48 252 108 315 Ergo
124 250 220 301 ambitio
235 264 281 302 non
294 253 329 302 est
340 254 471 316 peccatum,
484 253 524 303 sed
534 252 607 315 magis
620 252 704 319 aliquid
721 252 848 319 laudabile,

47 322 174 373 1111111111
188 320 249 387 qudd
261 322 347 373 bonum
356 320 497 375 laudabiliter
507 324 630 387 appetitur.

79 397 104 441 3.
113 394 238 455 Praeterea,
249 392 343 457 quilibet
356 394 441 457 absque
450 394 507 445 uitio
519 397 594 458 potest
610 398 718 460 appetere
728 394 782 446 illud
791 396 852 461 quod

48 464 91 516 sibi
105 464 206 515 debetur
219 478 260 528 pro
270 465 371 529 premio.
385 465 430 516 Sed
443 468 517 517 honor
530 469 565 516 est
577 467 694 531 praemium
709 467 812 532 virtutis,
825 470 853 518 ut

48 534 207 601 Philosophus
223 536 278 587 dicit
288 538 306 587 l.
322 540 346 589 et
358 536 579 601 1111111111111
593 538 685 590 ambitio
698 538 792 591 honoris
805 552 852 591 nou

49 611 83 657 est
97 610 230 672 peceatum.

80 682 104 729 a.
121 682 253 743 Praeterea,
265 679 320 731 illud
331 694 372 744 per
388 680 448 750 qpod
460 680 530 732 homo
543 680 706 745 prouocaturad
716 680 815 745 bonum,
828 685 852 734 ot

48 754 172 802 revocatur
186 751 200 802 d
213 752 288 816 malo,
303 765 349 803 uon
367 756 403 803 ost
418 756 547 817 peecatum.
562 753 604 803 Sed
621 765 662 818 per
678 755 788 805 honorem
806 755 851 812 ho-

49 824 127 874 mines
140 826 296 887 provocantur
309 824 337 875 ad
349 824 409 875 bona
422 824 527 875 facienda
535 827 558 875 et
567 824 595 874 ad
610 824 668 875 mala
676 824 783 887 vitanda,
795 824 853 877 sicut

49 898 208 962 Philosophus
226 897 281 948 dicit
294 897 319 949 in
339 897 379 949 111.
400 896 495 955 utute„
508 898 569 963 qudd
587 897 732 949 «fortissimi
747 897 853 950 uidentur

49 982 101 1020 ease
111 968 177 1032 apud
184 980 242 1033 quos
252 968 327 1019 timidi
337 972 391 1019 sunt
399 970 538 1033 inhonorati,
550 971 620 1020 fortes
631 972 706 1019 autem
715 970 851 1029 honorati.»

48 1041 76 1090 ut
92 1039 184 1091 Tullius
197 1039 252 1090 didit
263 1039 289 1089 in
301 1039 341 1091 lib.
363 1042 401 1090 De
420 1040 566 1091 Tusculanis
584 1040 778 1106 questionibus,
794 1040 854 1106 quod

51 1113 150 1163 «honor
163 1110 204 1161 alit
218 1113 287 1161 artes.
301 1111 383 1174 »Ergo
392 1111 485 1162 ambitio
496 1123 542 1162 111
555 1113 589 1163 111
601 1114 727 1177 peecatum.

79 1184 126 1235 Sed
140 1185 221 1233 contra
232 1184 275 1244 est,
287 1184 346 1247 quod
355 1182 445 1233 dieitur,
455 1183 491 1233 ori
503 1184 574 1243 Com,
588 1183 649 1247 illll,
659 1182 718 1247 qubd
731 1200 745 1233 u
757 1184 855 1236 charitas

51 1267 95 1306 111
111 1259 151 1307 ost
164 1254 298 1317 ambitiosa,
311 1268 358 1306 nou
373 1255 454 1320 quaml
470 1268 575 1319 quasue
592 1258 654 1306 sunt.
668 1271 683 1303 o
698 1254 760 1307 Nihil
777 1260 853 1307 autem

51 1329 166 1391 repugnat
179 1325 284 1376 charitati
296 1326 343 1377 nisi
356 1329 482 1394 peceatum.
496 1328 554 1391 Ergo
571 1326 662 1377 ambitio
674 1330 708 1377 est
725 1330 853 1391 peceatum.

83 1400 250 1460 (concussio.
270 1426 302 1435 -
315 1397 414 1450 Ambitio
432 1402 549 1463 peecatum
569 1401 605 1449 est
626 1412 670 1464 quo
685 1397 736 1463 quis
753 1398 855 1451 ordinate

50 1470 164 1523 honorem
179 1468 307 1532 desiderat,
319 1470 357 1520 vel
370 1482 438 1535 quem
458 1482 504 1520 111
518 1473 626 1532 meretur,
639 1470 677 1521 vel
692 1482 759 1534 quem
771 1483 816 1523 uon
828 1469 854 1521 iu

50 1541 122 1593 111111
137 1542 179 1593 sed
189 1542 218 1591 ad
229 1540 265 1591 sui
277 1541 351 1605 ipsius
364 1540 454 1591 tantum
467 1541 587 1592 utilitatem
600 1541 697 1605 refert.)

81 1613 222 1679 Respondeo
236 1612 353 1682 dicendum
362 1650 369 1675 ,
377 1613 439 1677 quod
448 1612 508 1663 sium
517 1612 585 1679 suprh
595 1613 681 1663 dietum
689 1612 739 1679 est(
746 1628 784 1678 qu.
798 1616 854 1677 103,

52 1690 94 1735 art.
105 1686 150 1750 1),
161 1686 236 1735 honor
246 1684 352 1747 importat
361 1686 481 1749 quamdam
490 1685 642 1736 reuerentiam
652 1682 720 1736 alicui
730 1685 855 1737 exhibitam

51 1755 252 1809 intestimonium
275 1756 416 1807 excellentie
437 1754 497 1821 ejus.
520 1755 583 1807 Circa
601 1756 760 1809 excellentiam
778 1761 855 1809 autem

51 1828 154 1879 hominis
167 1828 213 1879 duo
228 1831 282 1877 sunt
296 1827 432 1879 attendenda
446 1843 452 1876 ι
469 1828 543 1892 primb
554 1828 661 1892 quidem,
673 1829 733 1893 qudd
747 1829 803 1881 illud
819 1844 855 1881 se-

53 1900 154 1952 eundum
170 1898 232 1963 quod
247 1901 315 1950 homo
334 1899 437 1962 euoehit,
457 1912 504 1949 111
521 1900 589 1951 habet
605 1901 672 1951 homo
686 1898 700 1951 d
713 1900 804 1965 seipso,
816 1901 857 1952 sed

54 1974 87 2021 est
101 1972 171 2036 quasi
185 1968 293 2035 quiddam
304 1969 406 2021 divinum
415 1969 440 2019 in
451 1982 478 2021 eo
489 1984 495 2019 ε
507 1972 530 2021 11
543 1971 594 2022 ideo
604 1984 633 2022 ox
642 1973 687 2021 hoo
700 1984 746 2023 nou
760 1972 856 2023 debetur

53 2041 73 2091 ei
87 2042 245 2107 principaliter
258 2042 344 2102 honor,
359 2041 400 2091 sed
413 2042 468 2092 lieo.
485 2041 604 2106 Secundo,
620 2042 807 2093 considerandum
822 2045 859 2093 est

54 2114 112 2177 qudd
126 2114 182 2165 illud
201 2114 226 2163 in
239 2127 285 2178 quo
299 2114 368 2164 homo
381 2112 485 2175 excellit,
498 2114 563 2163 detur
579 2114 668 2165 homini
681 2113 693 2163 1
707 2114 768 2175 lieo,
786 2116 812 2163 ut
826 2126 856 2164 ox

55 2198 81 2236 eo
96 2187 150 2238 aliia
164 2186 239 2251 prosit
249 2202 256 2236 ε
268 2187 329 2236 unde
342 2184 466 2235 intumum
478 2187 546 2237 debet
554 2185 642 2237 homini
654 2187 744 2250 plaeere
753 2186 858 2237 testimo·

42 2257 119 2320 ‘nium
131 2272 181 2310 suae
192 2257 332 2310 excellentiae
345 2258 406 2322 quod
419 2258 447 2308 ab
459 2258 510 2309 aliie
524 2258 652 2322 exhibetur,
667 2258 692 2309 in
706 2261 815 2321 quantum
828 2270 858 2307 ex

57 2328 99 2380 boo
112 2332 208 2395 paratur
221 2329 265 2380 sibi
275 2330 311 2379 ria
325 2331 353 2380 ad
365 2330 409 2380 hoo
418 2326 477 2393 qnbd
488 2330 537 2381 aliis
551 2330 631 2395 prosit.
640 2328 769 2393 Triplioiter
781 2332 858 2379 autem

56 2403 186 2465 appetitum
199 2401 292 2453 honoris
306 2400 417 2463 contingit
430 2414 481 2452 esse
492 2400 646 2453 inordinatum
658 2416 664 2449 z
677 2412 724 2450 uno
737 2399 803 2451 modo
817 2413 858 2466 per

57 2472 101 2524 hoo
111 2474 174 2539 qubd
188 2472 270 2537 aliquis
281 2473 367 2539 appetit
378 2473 534 2540 testimonium
544 2474 571 2525 de
585 2472 721 2525 excellentia
731 2483 798 2535 quam
811 2484 858 2523 uon

58 2544 142 2609 bebet3
153 2544 216 2609 quod
229 2548 264 2595 est
273 2548 381 2610 appetere
393 2546 503 2596 honorem
517 2558 586 2609 supra
602 2558 667 2595 suam
679 2544 856 2609 proportionem,
948 2608 949 2611 Ἴ

60 2617 107 2670 hlio
123 2619 206 2680 modo,
219 2630 260 2680 por
276 2618 320 2667 hoo
336 2616 396 2680 quod
408 2618 518 2668 honorem
538 2616 581 2669 sibi
596 2616 666 2681 cupit,
681 2628 727 2667 non
740 2615 857 2667 relereudo

59 2686 82 2737 in
95 2690 177 2739 heum
188 2688 277 2751 Tertio,
292 2701 333 2752 per
341 2690 386 2740 hoo
398 2687 459 2751 quod
474 2690 591 2754 appetitus
607 2688 658 2753 ejus
670 2687 695 2739 iu
708 2688 758 2754 ipso
773 2690 857 2739 honore

60 2760 173 2821 umescit,
190 2770 238 2809 non
256 2758 358 2810 referens
376 2761 486 2810 honorem
503 2761 531 2810 ad
550 2759 672 2811 utilitatem
686 2759 790 2813 aliorum.
805 2762 858 2811 hm·

60 2829 116 2882 bitio
133 2835 211 2882 autem
229 2830 336 2896 importat
354 2830 507 2882 inordinatum
526 2832 652 2898 appetitum
670 2830 859 2883 horroris1unde
948 2860 949 2877 r

64 2903 212 2956 manifestum
226 2906 261 2954 eet
277 2902 337 2967 quod
352 2902 445 2954 ambitio
457 2916 548 2969 semper
562 2906 597 2957 est
609 2906 735 2971 peecatum.
