1934 3284
270 221 312 282 ¹ns
325 220 441 264 emmaus
455 223 632 266 ronrnuonus.
809 219 856 268 tes
953 197 954 204 '

91 300 113 350 a.
125 297 253 362 hemma,
267 297 375 352 tortitudo
394 301 448 352 iacit
461 300 578 354 hominem
590 301 648 354 bene
663 317 688 356 se
700 305 784 358 habere
794 305 856 358 eiam

60 369 168 432 pericula.
182 371 227 422 Sed
238 371 404 436 magnificentia
415 377 439 426 et
452 374 534 426 iduma
547 388 593 426 non
604 375 728 442 important
739 379 764 428 ia
775 379 811 429 sui
820 392 856 430 ra-

58 439 117 492 tione
135 441 236 505 aliquam
249 443 406 496 habitudinem
425 446 454 497 ad
474 447 583 512 pericula.
602 447 662 512 Ergo
680 462 727 500 uon
743 455 857 516 ponuntur
934 445 936 450 ’

58 513 221 565 convenienter
231 518 309 580 partes
322 517 471 570 tortitudinis.

85 589 111 637 t.
125 587 255 650 Praeterea,
272 588 382 652 patientia
396 591 521 644 seeundum
535 591 632 643 lulium
646 592 754 658 importat
765 611 779 644 o
790 595 855 646 diiii-

57 657 134 710 eilium
147 658 333 723 perpessionem
346 677 361 708 u
378 663 438 726 quod
451 663 522 717 etiam
536 663 586 728 ipse
599 664 703 715 attribuit
720 665 855 719 tortitudini

54 731 114 794 Ergo
126 731 241 796 parientia
253 735 289 782 est
301 733 363 792 idem
378 733 515 799 fortitudini,
529 739 552 788 et
566 747 613 786 non
626 738 727 800 estpars
740 737 801 802 ejus.

84 807 110 854 5.
125 805 256 865 Preterea,
271 803 327 855 illud
343 806 403 870 quod
415 806 537 870 requiritm
549 807 575 857 iu
588 807 689 872 qualibet
702 807 796 872 virtute,
810 823 857 862 non

54 875 122 926 debet
139 876 197 939 poni
214 888 268 941 pars
280 877 377 943 alicujus
390 879 497 943 specialis
509 879 610 930 unuln.
626 879 670 930 Sed
687 879 856 944 perseverantia

54 948 178 1012 requiritur
192 947 218 998 iu
232 949 333 1012 utralibet
345 950 429 1002 virtute
443 967 450 1002 :
465 952 545 1004 dieitur
561 951 622 1003 enim
642 952 744 1010 Marti„
760 953 830 1004 xxiv
848 969 855 1006 :

55 1036 69 1068 u
82 1020 127 1078 Qui
138 1021 323 1085 perseveraverit
341 1036 412 1092 usque
422 1023 447 1074 in
464 1024 548 1086 tinem,
560 1023 598 1075 hie
611 1023 688 1074 saluus
705 1023 757 1075 erit.
770 1041 784 1074 e
797 1026 857 1091 Ergo
904 1066 909 1078 .

53 1092 226 1155 perseverantie
237 1093 362 1145 maletot
374 1094 429 1159 poni
439 1108 492 1159 pere
506 1094 654 1146 tortitudinis.

85 1169 108 1214 6.
118 1166 252 1229 vPreterea,
262 1164 387 1217 Macrobius
400 1165 453 1228 (lili.
468 1168 487 1230 l,
499 1168 580 1230 Super
592 1167 721 1219 somatum
733 1165 855 1233 Scipionis,

55 1247 108 1299 cap,
122 1239 137 1286 8
151 1235 178 1300 ),
191 1235 258 1300 ponit
266 1240 354 1302 septem
367 1241 443 1301 partes
455 1236 606 1302 tortitudinis3
622 1238 717 1300 scilieet,
730 1255 744 1288 o
759 1251 858 1303 magna-

55 1307 199 1372 nimitatem,
213 1307 337 1371 flduemm,
351 1309 511 1374 securitatem,
525 1307 731 1374 magnificentiam,
747 1313 858 1362 constan-

55 1380 123 1443 tiam,
137 1380 296 1445 tolerantiam,
310 1380 448 1432 firmitatem.
463 1397 477 1430 e
489 1381 630 1432 Andronicus
643 1381 713 1432 etiam
725 1380 791 1445 ponit
804 1394 858 1446 sep

55 1453 101 1502 tom
117 1452 217 1505 virtutes
226 1464 327 1502 annexas
334 1449 478 1515 tortitudini,
490 1465 540 1516 quae
550 1455 604 1502 sunt
615 1467 629 1499 ι(
640 1451 763 1517 eupspehia
769 1489 779 1517 ,
789 1451 858 1516 lenia,

55 1523 247 1588 magnanimitas,
261 1523 371 1587 virilitas,
386 1522 571 1588 perseverantia,
586 1522 767 1588 magnificentia,
780 1524 859 1576 audre-

55 1595 142 1657 patlria.
157 1609 173 1642 »
183 1595 244 1658 ligo
256 1593 345 1644 ridetur
356 1593 418 1658 quod
429 1593 593 1646 insufficienter
606 1593 694 1646 lulius
707 1597 783 1659 partes
793 1593 859 1646 torti·

55 1667 141 1720 tudinis
154 1669 284 1718 enumeret.

86 1743 109 1789 7.
121 1739 248 1799 Praeterea,
258 1736 388 1790 imatores
400 1736 425 1788 iu
438 1738 477 1790 ΙΙΙ.
488 1738 585 1798 litote,
594 1735 658 1802 ponit
671 1735 772 1802 quinque
781 1742 861 1801 partes

54 1809 212 1873 tortitudinis,
221 1822 318 1873 piarum
328 1809 402 1874 prima
409 1812 444 1860 est
453 1826 467 1858 o
478 1808 581 1874 politica,
590 1822 641 1873 pree
652 1807 742 1860 iortiter
752 1810 858 1872 operatur

56 1886 149 1948 propter
159 1881 267 1932 timorem
277 1882 315 1932 vel
327 1881 524 1944 exhonorationis,
535 1881 573 1932 uel
584 1893 674 1944 poene,
685 1895 699 1928 r>
710 1879 811 1930 secunda
822 1881 861 1930 est

58 1953 205 2015 «militaris,
220 1966 272 2016 que
288 1953 376 2005 fortiter
388 1957 495 2016 operatur
508 1955 599 2016 propter
612 1955 683 2002 artem
696 1952 720 2002 et
737 1949 861 2014 experien-

56 2026 107 2076 tiam
119 2024 268 2087 nilotica,
280 2040 295 2071 n
309 2024 379 2076 ¹tertia
391 2026 427 2076 est
442 2023 580 2088 «tortitudo,
591 2035 642 2086 que
651 2021 739 2072 fortiter
755 2024 861 2085 operatur

56 2111 83 2149 ex
95 2098 216 2164 passione,
230 2113 245 2145 n
259 2094 376 2161 proripui
391 2097 444 2160 ire3
457 2097 536 2160 quarta
552 2097 588 2144 est
599 2109 613 2142 ιι
628 2092 735 2144 tortitudo
751 2105 801 2154 que
811 2091 860 2144 for-

57 2168 107 2220 titer
126 2171 237 2234 operatur
258 2169 352 2232 propter
367 2165 555 2218 consuetudinem
570 2163 684 2226 uictoria,
699 2177 713 2208 u
730 2160 809 2225 quinta
825 2165 863 2214 est

57 2256 70 2290 r
82 2240 193 2293 tortitudo
205 2252 258 2304 que
272 2239 364 2290 fortiter
373 2243 480 2304 operatur
491 2239 583 2302 propter
594 2232 783 2298 inexperientiam
797 2231 859 2295 peri·
953 2247 954 2254 ¹

57 2313 167 2366 oulomm.
179 2327 194 2360 n
207 2312 254 2362 llas
269 2315 346 2362 autem
358 2309 503 2362 tortitudines
522 2307 584 2358 nulla
597 2304 754 2370 predictarum
767 2317 861 2356 enume-

56 2385 169 2438 rationum
182 2382 294 2434 corunel-
303 2382 364 2446 Ergo
374 2381 490 2446 predicta
505 2376 686 2431 enumerationes
699 2374 799 2441 paruum
812 2374 859 2426 lor-
953 2395 954 2398 ¹

57 2457 159 2508 titudinis
172 2469 220 2506 non
237 2453 344 2505 ridentur
358 2466 407 2504 esse
423 2451 596 2504 conuenientes.

88 2527 400 2598 tenemusne-Quarum
413 2528 467 2576 suat
477 2520 616 2574 fortitudinis
632 2517 754 2582 integrales
768 2521 860 2583 partes,

57 2615 150 2666 marum
163 2597 248 2650 fiducie
260 2609 288 2648 au
307 2595 474 2659 magnificentia
491 2594 520 2644 al
539 2593 615 2643 aetum
635 2590 685 2655 ejus
701 2589 863 2654 aggrediendi,
953 2633 954 2636 ,

59 2672 167 2738 patientia
182 2669 240 2721 uero
254 2671 278 2722 et
288 2666 457 2732 perseuerantia
470 2666 498 2716 ad
513 2661 639 2715 sustinendi
653 2664 730 2711 actum
742 2663 861 2726 spectant;

59 2746 109 2809 quia
125 2743 224 2794 virtutes
236 2744 302 2792 extra
317 2739 457 2789 fortitudinis
472 2735 589 2788 materiam
605 2730 719 2798 extense,
733 2733 803 2784 etiam
819 2745 859 2797 po·

58 2816 162 2868 orfimes
172 2809 317 2865 fortitudinis
329 2806 407 2874 parte's
418 2806 481 2859 reete
495 2806 540 2858 diei
553 2805 677 2871 possunt.)

88 2883 229 2952 Respondeo
241 2879 438 2950 &condamnati
450 2878 509 2930 sieut
519 2877 587 2942 supra
600 2877 685 2929 dictum
698 2879 733 2928 est
744 2875 794 2944 (qu.
810 2875 860 2936 tt),
953 2921 954 2926 ,

63 2957 158 3023 aienius
172 2954 268 3008 virtutis
281 2953 379 3020 possunt
395 2963 446 3004 esse
459 2949 559 3016 triplices
568 2951 664 3015 partes,
678 2946 766 3000 seilicet
779 2960 794 2994 o
806 2945 863 2998 sub·
953 2957 954 3034 p
