1934 3284
241 223 275 264 nn
290 221 456 266 omnvtnrte
471 223 600 266 cremnon
614 225 651 266 ει.
799 219 846 270 tte

37 301 124 354 cultum
140 303 168 352 et
180 302 292 354 honorem
306 314 351 352 non
360 302 468 354 debemus
476 303 583 356 omnibns
597 305 622 355 in
635 304 746 370 dignitate
755 307 847 358 cooet-

38 374 107 435 tutis,
124 363 169 424 ead
184 371 259 424 eolbrn
275 373 314 424 bis
325 373 365 436 nui
377 386 497 437 supernos
510 375 769 438 pretabonennubent.
787 379 847 443 Ergo

38 444 232 497 inconvenienter
243 444 406 496 determinatur
417 445 478 509 quod
490 446 525 497 eie
535 446 680 499 observantia
693 450 788 501 exhibet
799 451 848 501 oui·

39 520 86 567 tum
97 520 125 568 et
144 517 266 568 bonorem,

68 594 93 639 e.
108 591 246 651 preterea,
267 587 423 652 superioribus
446 590 530 642 noetm
550 591 575 641 in
591 591 701 656 dignitus
715 593 849 648 comtitntis

41 675 85 712 non
100 659 180 712 solium
196 660 305 712 debemus
319 661 440 725 bonorem,
454 663 495 713 esd
507 661 577 714 otiam
590 663 693 716 timenem
707 669 731 716 et
749 666 848 731 atiqutm

42 745 163 784 munerum
177 731 329 795 largitionem,
341 732 467 784 secundnm
480 733 537 784 iliud
545 735 581 785 od
591 737 673 794 item..
683 737 749 788 xtlt:
762 739 846 799 cited:

43 805 85 856 dite
99 802 211 855 omuibus
229 801 323 854 debite:
340 803 378 854 oni
395 805 504 856 tributum
509 843 519 870 ‚
538 805 661 871 tributum
675 807 713 859 cui
728 811 844 875 vectigal,

43 875 158 940 uectiga13
173 873 212 924 cui
230 872 348 936 timorem,
363 875 481 940 timorem;
495 877 534 928 oui
551 879 675 942 bonorem,
689 881 816 943 bonorem3
829 899 844 929 c

43 947 151 998 debemus
168 945 239 996 etium
253 945 289 996 eis
306 947 457 998 reuerentiam
477 951 503 1002 et
522 949 704 1013 subjectionem.
719 951 845 1003 seonndbm

44 1018 97 1068 iilud
110 1017 200 1074 Hedr„
215 1017 267 1068 iiiii
283 1032 288 1065 :
305 1033 319 1066 u
333 1017 426 1069 obedite
440 1020 569 1083 prepositis
581 1020 678 1084 restris,
692 1025 716 1071 ct
727 1022 845 1086 subiacete

45 1090 83 1140 eis.
100 1105 114 1137 s
130 1090 185 1140 Non
200 1101 256 1152 ergo
273 1088 433 1142 conuenienter
451 1090 613 1144 determinatur
626 1092 687 1156 qnod
702 1093 846 1144 obseruantia

44 1161 135 1214 exhibet
146 1161 235 1211 cultum
251 1163 275 1211 et
289 1162 409 1212 hommem.

72 1234 117 1285 Sed
132 1236 216 1284 contre
228 1235 276 1296 est,
290 1235 349 1298 quod
360 1233 446 1284 Tullius
456 1235 511 1286 dictt
526 1234 579 1299 (bn.
591 1236 627 1286 De
641 1236 744 1302 iuvent,
759 1241 785 1287 ut
796 1237 845 1301 jam

44 1305 130 1370 sopri),
143 1303 208 1368 qubd
217 1321 231 1352 o
240 1303 382 1355 obseruantia
392 1309 428 1355 est
436 1319 476 1370 per
484 1319 552 1370 quam
565 1303 672 1358 homines
684 1307 760 1371 aliqud
771 1309 845 1372 digui-

45 1379 87 1428 trte
100 1376 279 1437 antecedentes,
289 1377 387 1440 quodam
402 1377 465 1428 cultu
477 1379 597 1429 ethonore
607 1379 736 1442 euoenon
753 1398 767 1429 u
909 1415 913 1421 ·

2 1465 3 1476 ²
73 1449 236 1514 (corausto.
248 1474 280 1484 —
294 1447 386 1500 Curltum
398 1452 422 1498 ct
434 1449 545 1500 bonorem
563 1450 599 1500 bis
613 1450 721 1502 exhibere
733 1451 772 1516 qni
793 1455 846 1504 sunt

44 1520 191 1585 indignitate
204 1518 335 1582 constituti,
349 1519 500 1571 observantie
511 1533 594 1571 munus
603 1521 662 1585 est.)

71 1591 213 1656 Respondeo
232 1589 366 1654 dicendum,
379 1591 440 1656 qubd
462 1593 492 1644 ad
509 1592 602 1656 eosqui
618 1596 672 1644 suot
689 1592 715 1644 iu
733 1593 846 1658 dignitate

2 1675 3 1739 p
44 1663 178 1726 constituti,
193 1664 294 1727 pertinet
308 1663 432 1728 gubernare
450 1663 561 1724 subditos.
574 1665 703 1716 Gubaruare
717 1669 793 1718 numm
810 1671 846 1720 eet

44 1749 135 1788 movere
145 1734 237 1799 aliquos
248 1733 272 1786 iu
285 1734 385 1786 debitum
395 1735 474 1800 tinem,
482 1736 541 1788 siem
552 1739 620 1788 nauta
629 1737 738 1801 gubernat
751 1751 843 1804 narem,

3 1855 4 1860 ,
43 1808 145 1860 ducendo
167 1819 218 1858 eam
231 1807 260 1858 ad
275 1809 381 1871 portnm;
395 1820 463 1858 omne
478 1811 555 1859 antem
575 1821 670 1860 mouens
683 1809 750 1860 babet
769 1813 846 1862 encei-

3 1915 4 1942 i

43 1878 134 1930 tentiam
148 1878 271 1942 quamdam
284 1880 308 1928 et
324 1877 430 1930 virtutem
444 1892 512 1943 supra
525 1878 549 1930 id
565 1880 625 1942 quod
644 1886 765 1932 moretur:
782 1883 843 1933 unde

43 1953 131 2016 oportet
144 1948 207 2014 quod
221 1948 244 2000 in
257 1949 333 2012 ecqui
345 1953 379 2000 eet
391 1949 537 2014 indignitate
547 1951 693 2015 constitutus,
705 1952 778 2016 primo
789 1967 845 2006 oom-

3 2019 4 2036 ¹
43 2023 153 2073 rideretur
164 2019 302 2072 excedentia
314 2019 387 2072 status
400 2034 452 2072 oum
461 2023 558 2085 quedam
569 2025 681 2086 potestate
691 2021 717 2072 in
730 2024 840 2088 subditos,

44 2092 142 2146 seeundo
158 2093 236 2156 meum
248 2091 419 2157 gubernationis
437 2093 547 2144 offimum.
563 2094 658 2144 Ratione
676 2094 745 2158 igitur
763 2096 843 2146 excel-

43 2165 118 2218 lentia
136 2164 234 2216 debetur
251 2162 274 2213 ei
291 2164 377 2228 bonor,
392 2164 432 2228 qni
454 2167 489 2215 est
507 2165 608 2228 quedam
628 2166 752 2229 recognitio
770 2167 846 2217 encei-

45 2237 118 2288 lentiae
134 2235 247 2300 aiicujus;
263 2235 350 2285 retione
362 2239 438 2286 autem
451 2235 521 2286 officii
537 2235 707 2299 gubernationis
719 2236 812 2287 debetur
821 2239 844 2288 ei

45 2309 129 2372 cultus,
140 2306 181 2372 qui
194 2306 219 2357 iu
229 2306 327 2370 quodam
343 2306 451 2370 obsequio
463 2307 581 2371 comistit,
597 2307 651 2358 duro
664 2306 749 2358 scilicet
762 2307 845 2372 aliquis

3 2385 4 2412 t
45 2377 123 2432 obedit
134 2391 214 2430 eorum
225 2377 330 2442 imperio,
340 2382 363 2428 et
372 2377 446 2430 ricem
455 2378 573 2430 beneficiis
583 2391 662 2430 eorum
675 2391 716 2444 pro
725 2392 767 2430 suo
778 2380 846 2432 modo

44 2449 155 2516 rependit.

73 2523 108 2574 nd
124 2519 223 2587 primum
234 2533 288 2585 ergo
302 2520 438 2583 dicendum,
451 2520 511 2585 quon
521 2522 546 2572 in
555 2523 616 2573 cultu
629 2535 676 2573 non
687 2522 762 2574 solium
773 2522 847 2575 intei-

44 2595 120 2658 ligitur
141 2595 228 2656 bonor,
247 2592 372 2644 sedetiam
392 2607 540 2657 quaecumque
556 2594 601 2644 alia
617 2608 669 2658 quae
685 2595 800 2659 pertinent
817 2595 846 2646 ad

46 2666 151 2718 decentes
162 2668 227 2718 ectus
241 2663 325 2729 quibus
340 2664 408 2715 bomo
421 2664 532 2716 edulium
544 2665 668 2716 ordinatur.

75 2738 108 2788 td
117 2737 244 2788 secundum
251 2735 382 2800 dicendum,
393 2734 454 2801 quod
461 2735 595 2800 sicutsupr'a
602 2735 687 2788 dictum
694 2741 730 2788 est
738 2739 786 2802 (qn.
796 2736 846 2802 80),

3 2813 4 2854 i
46 2809 127 2874 duplex
137 2807 312 2860 estdebitom:
323 2820 393 2864 uuum
405 2807 497 2873 quidem
508 2807 589 2871 legale,
601 2809 628 2858 ad
637 2809 698 2872 quod
707 2807 846 2858 reddendum

46 2880 110 2932 bomo
127 2880 179 2944 lege
190 2877 350 2946 compellitur,
364 2881 387 2932 et
397 2877 431 2932 sio
446 2878 589 2930 debetbomo
599 2879 709 2931 bonorem
723 2880 747 2929 et
759 2877 845 2929 cultum

47 2951 79 3005 bis
89 2951 130 3020 qni
146 2949 234 3006 suntin
249 2947 360 3020 ugone
374 2949 508 3024 constituti,
521 2949 676 3018 pretationem
689 2961 757 3016 super
771 2947 847 3012 ipsum
