<?xml version="1.0" encoding="UTF-8"?>
<!DOCTYPE html PUBLIC "-//W3C//DTD XHTML 1.0 Transitional//EN"
    "http://www.w3.org/TR/xhtml1/DTD/xhtml1-transitional.dtd">
<html xmlns="http://www.w3.org/1999/xhtml" xml:lang="en" lang="en">
 <head>
  <title>
</title>
<meta http-equiv="Content-Type" content="text/html;charset=utf-8" />
  <meta name='ocr-system' content='tesseract 3.04.00' />
  <meta name='ocr-capabilities' content='ocr_page ocr_carea ocr_par ocr_line ocrx_word'/>
</head>
<body>
  <div class='ocr_page' id='page_1' title='image "./summatheologica05nicogoog_0644.png"; bbox 0 0 1934 3284; ppageno 0'>
   <div class='ocr_carea' id='block_1_1' title="bbox 370 244 522 287">
    <p class='ocr_par' dir='ltr' id='par_1_1' title="bbox 370 244 522 287">
     <span class='ocr_line' id='line_1_1' title="bbox 370 244 522 287; baseline 0.007 -2"><span class='ocrx_word' id='word_1_1' title='bbox 370 245 402 286; x_wconf 75' lang='lat' dir='ltr'><strong>lt!</strong></span> <span class='ocrx_word' id='word_1_2' title='bbox 417 244 522 287; x_wconf 65' lang='lat' dir='ltr'><strong>mimo.</strong></span> 
     </span>
    </p>
   </div>
   <div class='ocr_carea' id='block_1_2' title="bbox 323 429 560 486">
    <p class='ocr_par' dir='ltr' id='par_1_2' title="bbox 323 429 560 486">
     <span class='ocr_line' id='line_1_2' title="bbox 323 429 560 486; baseline 0.008 -4"><span class='ocrx_word' id='word_1_3' title='bbox 323 429 482 486; x_wconf 65' lang='lat' dir='ltr'><strong>nullumne</strong></span> <span class='ocrx_word' id='word_1_4' title='bbox 500 431 560 484; x_wconf 79' lang='lat' dir='ltr'><strong>llll.</strong></span> 
     </span>
    </p>
   </div>
   <div class='ocr_carea' id='block_1_3' title="bbox 45 561 848 680">
    <p class='ocr_par' dir='ltr' id='par_1_3' title="bbox 45 561 848 680">
     <span class='ocr_line' id='line_1_3' title="bbox 45 561 848 617; baseline 0 -9"><span class='ocrx_word' id='word_1_5' title='bbox 45 561 137 608; x_wconf 75' lang='lat' dir='ltr'><strong>istrione</strong></span> <span class='ocrx_word' id='word_1_6' title='bbox 156 561 319 607; x_wconf 80' lang='lat' dir='ltr'><strong>convenienter</strong></span> <span class='ocrx_word' id='word_1_7' title='bbox 335 561 506 617; x_wconf 65' lang='lat' dir='ltr'><strong>intimantibus</strong></span> <span class='ocrx_word' id='word_1_8' title='bbox 527 561 650 607; x_wconf 79' lang='lat' dir='ltr'><strong>iudicatas·</strong></span> <span class='ocrx_word' id='word_1_9' title='bbox 668 561 814 608; x_wconf 64' lang='lat' dir='ltr'><strong>abstinentia</strong></span> <span class='ocrx_word' id='word_1_10' title='bbox 832 563 848 608; x_wconf 83' lang='grc' dir='ltr'><em>ὰ</em></span> 
     </span>
     <span class='ocr_line' id='line_1_4' title="bbox 234 624 661 680; baseline 0 -10"><span class='ocrx_word' id='word_1_11' title='bbox 234 625 346 670; x_wconf 81' lang='lat' dir='ltr'><strong>carnibus</strong></span> <span class='ocrx_word' id='word_1_12' title='bbox 365 630 389 670; x_wconf 86' lang='lat' dir='ltr'><strong>et</strong></span> <span class='ocrx_word' id='word_1_13' title='bbox 405 625 468 680; x_wconf 80' lang='lat' dir='ltr'><strong>cute,</strong></span> <span class='ocrx_word' id='word_1_14' title='bbox 483 628 506 670; x_wconf 88' lang='lat' dir='ltr'><strong>et</strong></span> <span class='ocrx_word' id='word_1_15' title='bbox 525 624 661 670; x_wconf 73' lang='lat' dir='ltr'><strong>lacticiniis.</strong></span> 
     </span>
    </p>
   </div>
   <div class='ocr_carea' id='block_1_4' title="bbox 38 754 847 2186">
    <p class='ocr_par' dir='ltr' id='par_1_4' title="bbox 38 754 847 1397">
     <span class='ocr_line' id='line_1_5' title="bbox 73 754 847 821; baseline 0 -12"><span class='ocrx_word' id='word_1_16' title='bbox 73 757 112 809; x_wconf 82' lang='lat' dir='ltr'><strong>nd</strong></span> <span class='ocrx_word' id='word_1_17' title='bbox 132 759 238 807; x_wconf 81' lang='lat' dir='ltr'><strong>octauum</strong></span> <span class='ocrx_word' id='word_1_18' title='bbox 253 755 286 806; x_wconf 89' lang='lat' dir='ltr'><strong>sic</strong></span> <span class='ocrx_word' id='word_1_19' title='bbox 306 755 446 821; x_wconf 74' lang='lat' dir='ltr'><strong>proceditur.</strong></span> <span class='ocrx_word' id='word_1_20' title='bbox 464 756 560 806; x_wconf 86' lang='lat' dir='ltr'><strong>Videtur</strong></span> <span class='ocrx_word' id='word_1_21' title='bbox 579 755 640 818; x_wconf 83' lang='lat' dir='ltr'><strong>quod</strong></span> <span class='ocrx_word' id='word_1_22' title='bbox 656 754 847 809; x_wconf 73' lang='lat' dir='ltr'><strong>inconvenienter</strong></span> 
     </span>
     <span class='ocr_line' id='line_1_6' title="bbox 38 827 847 896; baseline -0.001 -15"><span class='ocrx_word' id='word_1_23' title='bbox 38 827 202 896; x_wconf 78' lang='lat' dir='ltr'><strong>jejunantibus</strong></span> <span class='ocrx_word' id='word_1_24' title='bbox 216 827 328 878; x_wconf 86' lang='lat' dir='ltr'><strong>indicatur</strong></span> <span class='ocrx_word' id='word_1_25' title='bbox 344 827 479 878; x_wconf 69' lang='lat' dir='ltr'><strong>abstinentia</strong></span> <span class='ocrx_word' id='word_1_26' title='bbox 491 827 505 878; x_wconf 78' lang='lat' dir='ltr'><strong>l</strong></span> <span class='ocrx_word' id='word_1_27' title='bbox 515 827 635 888; x_wconf 69' lang='lat' dir='ltr'><strong>nimbus,</strong></span> <span class='ocrx_word' id='word_1_28' title='bbox 644 831 669 878; x_wconf 89' lang='lat' dir='ltr'><strong>et</strong></span> <span class='ocrx_word' id='word_1_29' title='bbox 686 827 737 878; x_wconf 84' lang='lat' dir='ltr'><strong>oris</strong></span> <span class='ocrx_word' id='word_1_30' title='bbox 747 831 771 879; x_wconf 88' lang='lat' dir='ltr'><strong>et</strong></span> <span class='ocrx_word' id='word_1_31' title='bbox 784 828 847 880; x_wconf 77' lang='lat' dir='ltr'><strong>lacti</strong></span> 
     </span>
     <span class='ocr_line' id='line_1_7' title="bbox 41 898 845 964; baseline -0.002 -12"><span class='ocrx_word' id='word_1_32' title='bbox 41 901 121 952; x_wconf 88' lang='lat' dir='ltr'><strong>ciniis.</strong></span> <span class='ocrx_word' id='word_1_33' title='bbox 134 899 222 949; x_wconf 82' lang='lat' dir='ltr'><strong>Dictum</strong></span> <span class='ocrx_word' id='word_1_34' title='bbox 234 902 269 950; x_wconf 88' lang='lat' dir='ltr'><strong>cst</strong></span> <span class='ocrx_word' id='word_1_35' title='bbox 279 899 339 950; x_wconf 89' lang='lat' dir='ltr'><strong>enim</strong></span> <span class='ocrx_word' id='word_1_36' title='bbox 352 899 420 964; x_wconf 75' lang='lat' dir='ltr'><strong>supet</strong></span> <span class='ocrx_word' id='word_1_37' title='bbox 435 898 495 964; x_wconf 87' lang='lat' dir='ltr'><strong>(art.</strong></span> <span class='ocrx_word' id='word_1_38' title='bbox 507 902 551 960; x_wconf 82' lang='grc'><strong>6),</strong></span> <span class='ocrx_word' id='word_1_39' title='bbox 562 898 622 964; x_wconf 79' lang='lat' dir='ltr'><strong>publ</strong></span> <span class='ocrx_word' id='word_1_40' title='bbox 633 899 749 963; x_wconf 85' lang='lat' dir='ltr'><strong>jejunium</strong></span> <span class='ocrx_word' id='word_1_41' title='bbox 763 905 798 952; x_wconf 86' lang='lat' dir='ltr'><strong>eat</strong></span> <span class='ocrx_word' id='word_1_42' title='bbox 808 900 845 951; x_wconf 89' lang='lat' dir='ltr'><strong>in-</strong></span> 
     </span>
     <span class='ocr_line' id='line_1_8' title="bbox 40 970 847 1036; baseline -0.004 -11"><span class='ocrx_word' id='word_1_43' title='bbox 40 973 152 1025; x_wconf 87' lang='lat' dir='ltr'><strong>stitutum</strong></span> <span class='ocrx_word' id='word_1_44' title='bbox 173 972 199 1021; x_wconf 89' lang='lat' dir='ltr'><strong>ad</strong></span> <span class='ocrx_word' id='word_1_45' title='bbox 218 970 416 1034; x_wconf 77' lang='lat' dir='ltr'><strong>concupiscentias</strong></span> <span class='ocrx_word' id='word_1_46' title='bbox 435 971 509 1022; x_wconf 79' lang='lat' dir='ltr'><strong>mauis</strong></span> <span class='ocrx_word' id='word_1_47' title='bbox 527 971 690 1022; x_wconf 77' lang='lat' dir='ltr'><strong>refrenandas.</strong></span> <span class='ocrx_word' id='word_1_48' title='bbox 708 971 755 1022; x_wconf 83' lang='lat' dir='ltr'><strong>Sed</strong></span> <span class='ocrx_word' id='word_1_49' title='bbox 774 971 847 1036; x_wconf 78' lang='lat' dir='ltr'><strong>magis</strong></span> 
     </span>
     <span class='ocr_line' id='line_1_9' title="bbox 41 1043 847 1108; baseline 0 -12"><span class='ocrx_word' id='word_1_50' title='bbox 41 1043 252 1108; x_wconf 78' lang='lat' dir='ltr'><strong>concupiscentiam</strong></span> <span class='ocrx_word' id='word_1_51' title='bbox 262 1045 372 1108; x_wconf 83' lang='lat' dir='ltr'><strong>prouocat</strong></span> <span class='ocrx_word' id='word_1_52' title='bbox 387 1048 455 1108; x_wconf 90' lang='lat' dir='ltr'><strong>potus</strong></span> <span class='ocrx_word' id='word_1_53' title='bbox 473 1043 522 1093; x_wconf 84' lang='lat' dir='ltr'><strong>vini</strong></span> <span class='ocrx_word' id='word_1_54' title='bbox 536 1043 603 1108; x_wconf 77' lang='lat' dir='ltr'><strong>quam</strong></span> <span class='ocrx_word' id='word_1_55' title='bbox 617 1057 672 1094; x_wconf 85' lang='lat' dir='ltr'><strong>esus</strong></span> <span class='ocrx_word' id='word_1_56' title='bbox 681 1043 799 1106; x_wconf 90' lang='lat' dir='ltr'><strong>carnium,</strong></span> <span class='ocrx_word' id='word_1_57' title='bbox 811 1057 847 1096; x_wconf 76' lang='lat' dir='ltr'><strong>se</strong></span> 
     </span>
     <span class='ocr_line' id='line_1_10' title="bbox 41 1114 845 1181; baseline -0.005 -13"><span class='ocrx_word' id='word_1_58' title='bbox 41 1114 142 1168; x_wconf 77' lang='lat' dir='ltr'><strong>cundum</strong></span> <span class='ocrx_word' id='word_1_59' title='bbox 156 1114 212 1164; x_wconf 86' lang='lat' dir='ltr'><strong>illud</strong></span> <span class='ocrx_word' id='word_1_60' title='bbox 229 1115 356 1176; x_wconf 69' lang='lat' dir='ltr'><strong>Prouerb,</strong></span> <span class='ocrx_word' id='word_1_61' title='bbox 370 1116 411 1166; x_wconf 85' lang='lat' dir='ltr'><strong>XX</strong></span> <span class='ocrx_word' id='word_1_62' title='bbox 428 1131 434 1166; x_wconf 76' lang='grc' dir='ltr'><strong>ε</strong></span> <span class='ocrx_word' id='word_1_63' title='bbox 456 1131 468 1161; x_wconf 82' lang='lat' dir='ltr'><strong>a</strong></span> <span class='ocrx_word' id='word_1_64' title='bbox 486 1115 612 1165; x_wconf 83' lang='lat' dir='ltr'><strong>Luxuriosa</strong></span> <span class='ocrx_word' id='word_1_65' title='bbox 622 1129 659 1166; x_wconf 86' lang='lat' dir='ltr'><strong>res</strong></span> <span class='ocrx_word' id='word_1_66' title='bbox 672 1119 709 1167; x_wconf 85' lang='lat' dir='ltr'><strong>est</strong></span> <span class='ocrx_word' id='word_1_67' title='bbox 720 1115 815 1181; x_wconf 80' lang='lat' dir='ltr'><strong>rinum3</strong></span> <span class='ocrx_word' id='word_1_68' title='bbox 830 1132 845 1164; x_wconf 76' lang='lat' dir='ltr'><strong>a</strong></span> 
     </span>
     <span class='ocr_line' id='line_1_11' title="bbox 42 1187 844 1252; baseline -0.007 -10"><span class='ocrx_word' id='word_1_69' title='bbox 42 1193 66 1242; x_wconf 90' lang='lat' dir='ltr'><strong>et</strong></span> <span class='ocrx_word' id='word_1_70' title='bbox 79 1187 117 1238; x_wconf 87' lang='lat' dir='ltr'><strong>ad</strong></span> <span class='ocrx_word' id='word_1_71' title='bbox 126 1187 228 1252; x_wconf 68' lang='lat' dir='ltr'><strong>neree,</strong></span> <span class='ocrx_word' id='word_1_72' title='bbox 239 1188 259 1236; x_wconf 89' lang='lat' dir='ltr'><strong>ll</strong></span> <span class='ocrx_word' id='word_1_73' title='bbox 269 1203 275 1237; x_wconf 93' lang='lat'><strong>:</strong></span> <span class='ocrx_word' id='word_1_74' title='bbox 285 1187 380 1238; x_wconf 83' lang='lat' dir='ltr'><strong>«Nolite</strong></span> <span class='ocrx_word' id='word_1_75' title='bbox 391 1187 499 1238; x_wconf 85' lang='lat' dir='ltr'><strong>inebriari</strong></span> <span class='ocrx_word' id='word_1_76' title='bbox 510 1187 574 1248; x_wconf 88' lang='lat' dir='ltr'><strong>vino,</strong></span> <span class='ocrx_word' id='word_1_77' title='bbox 584 1187 608 1237; x_wconf 90' lang='lat' dir='ltr'><strong>iu</strong></span> <span class='ocrx_word' id='word_1_78' title='bbox 620 1201 665 1251; x_wconf 84' lang='lat' dir='ltr'><strong>quo</strong></span> <span class='ocrx_word' id='word_1_79' title='bbox 676 1191 712 1239; x_wconf 89' lang='lat' dir='ltr'><strong>cst</strong></span> <span class='ocrx_word' id='word_1_80' title='bbox 723 1188 844 1239; x_wconf 72' lang='lat' dir='ltr'><strong>bauria.»</strong></span> 
     </span>
     <span class='ocr_line' id='line_1_12' title="bbox 42 1257 847 1323; baseline -0.001 -11"><span class='ocrx_word' id='word_1_81' title='bbox 42 1261 102 1312; x_wconf 86' lang='lat' dir='ltr'><strong>Cium</strong></span> <span class='ocrx_word' id='word_1_82' title='bbox 120 1271 175 1322; x_wconf 74' lang='lat' dir='ltr'><strong>erpo</strong></span> <span class='ocrx_word' id='word_1_83' title='bbox 192 1272 238 1310; x_wconf 90' lang='lat' dir='ltr'><strong>non</strong></span> <span class='ocrx_word' id='word_1_84' title='bbox 257 1258 401 1309; x_wconf 86' lang='lat' dir='ltr'><strong>interdicatur</strong></span> <span class='ocrx_word' id='word_1_85' title='bbox 418 1257 576 1323; x_wconf 83' lang='lat' dir='ltr'><strong>jejunantibus</strong></span> <span class='ocrx_word' id='word_1_86' title='bbox 593 1262 664 1323; x_wconf 90' lang='lat' dir='ltr'><strong>potus</strong></span> <span class='ocrx_word' id='word_1_87' title='bbox 677 1259 740 1322; x_wconf 85' lang='lat' dir='ltr'><strong>uini,</strong></span> <span class='ocrx_word' id='word_1_88' title='bbox 755 1260 847 1311; x_wconf 80' lang='lat' dir='ltr'><strong>ridetur</strong></span> 
     </span>
     <span class='ocr_line' id='line_1_13' title="bbox 42 1329 570 1397; baseline -0.006 -15"><span class='ocrx_word' id='word_1_89' title='bbox 42 1331 104 1397; x_wconf 86' lang='lat' dir='ltr'><strong>qubd</strong></span> <span class='ocrx_word' id='word_1_90' title='bbox 118 1343 166 1381; x_wconf 88' lang='lat' dir='ltr'><strong>non</strong></span> <span class='ocrx_word' id='word_1_91' title='bbox 182 1331 262 1380; x_wconf 87' lang='lat' dir='ltr'><strong>debeat</strong></span> <span class='ocrx_word' id='word_1_92' title='bbox 275 1329 380 1380; x_wconf 88' lang='lat' dir='ltr'><strong>interdici</strong></span> <span class='ocrx_word' id='word_1_93' title='bbox 393 1343 446 1380; x_wconf 90' lang='lat' dir='ltr'><strong>esus</strong></span> <span class='ocrx_word' id='word_1_94' title='bbox 459 1329 570 1380; x_wconf 89' lang='lat' dir='ltr'><strong>earnium.</strong></span> 
     </span>
    </p>

    <p class='ocr_par' dir='ltr' id='par_1_5' title="bbox 39 1401 847 1815">
     <span class='ocr_line' id='line_1_14' title="bbox 75 1401 847 1467; baseline 0.003 -13"><span class='ocrx_word' id='word_1_95' title='bbox 75 1409 100 1454; x_wconf 77' lang='lat' dir='ltr'><strong>a.</strong></span> <span class='ocrx_word' id='word_1_96' title='bbox 112 1403 233 1465; x_wconf 83' lang='lat' dir='ltr'><strong>Praterea,</strong></span> <span class='ocrx_word' id='word_1_97' title='bbox 244 1401 315 1466; x_wconf 81' lang='lat' dir='ltr'><strong>aliqui</strong></span> <span class='ocrx_word' id='word_1_98' title='bbox 324 1403 398 1467; x_wconf 86' lang='lat' dir='ltr'><strong>pisces</strong></span> <span class='ocrx_word' id='word_1_99' title='bbox 407 1403 438 1453; x_wconf 90' lang='lat' dir='ltr'><strong>ita</strong></span> <span class='ocrx_word' id='word_1_100' title='bbox 446 1401 610 1453; x_wconf 79' lang='lat' dir='ltr'><strong>delectabiliter</strong></span> <span class='ocrx_word' id='word_1_101' title='bbox 618 1404 776 1466; x_wconf 88' lang='lat' dir='ltr'><strong>comeduntur,</strong></span> <span class='ocrx_word' id='word_1_102' title='bbox 785 1405 847 1457; x_wconf 83' lang='lat' dir='ltr'><strong>sicut</strong></span> 
     </span>
     <span class='ocr_line' id='line_1_15' title="bbox 42 1474 847 1542; baseline 0.001 -14"><span class='ocrx_word' id='word_1_103' title='bbox 42 1477 148 1542; x_wconf 74' lang='lat' dir='ltr'><strong>quasdam</strong></span> <span class='ocrx_word' id='word_1_104' title='bbox 162 1474 294 1525; x_wconf 85' lang='lat' dir='ltr'><strong>animalium</strong></span> <span class='ocrx_word' id='word_1_105' title='bbox 314 1488 403 1526; x_wconf 87' lang='lat' dir='ltr'><strong>carnes.</strong></span> <span class='ocrx_word' id='word_1_106' title='bbox 418 1475 461 1525; x_wconf 85' lang='lat' dir='ltr'><strong>Sed</strong></span> <span class='ocrx_word' id='word_1_107' title='bbox 477 1474 664 1538; x_wconf 84' lang='lat' dir='ltr'><strong>concupiscentia</strong></span> <span class='ocrx_word' id='word_1_108' title='bbox 680 1478 716 1526; x_wconf 89' lang='lat' dir='ltr'><strong>est</strong></span> <span class='ocrx_word' id='word_1_109' title='bbox 731 1477 847 1541; x_wconf 83' lang='lat' dir='ltr'><strong>appetitus</strong></span> 
     </span>
     <span class='ocr_line' id='line_1_16' title="bbox 42 1547 847 1613; baseline 0 -13"><span class='ocrx_word' id='word_1_110' title='bbox 42 1547 194 1608; x_wconf 84' lang='lat' dir='ltr'><strong>delectabilis,</strong></span> <span class='ocrx_word' id='word_1_111' title='bbox 203 1550 229 1596; x_wconf 87' lang='lat' dir='ltr'><strong>ut</strong></span> <span class='ocrx_word' id='word_1_112' title='bbox 241 1547 308 1610; x_wconf 81' lang='lat' dir='ltr'><strong>supra</strong></span> <span class='ocrx_word' id='word_1_113' title='bbox 317 1547 419 1597; x_wconf 86' lang='lat' dir='ltr'><strong>habitum</strong></span> <span class='ocrx_word' id='word_1_114' title='bbox 429 1549 465 1596; x_wconf 88' lang='lat' dir='ltr'><strong>est</strong></span> <span class='ocrx_word' id='word_1_115' title='bbox 476 1547 516 1610; x_wconf 91' lang='lat' dir='ltr'><strong>(l,</strong></span> <span class='ocrx_word' id='word_1_116' title='bbox 532 1552 556 1610; x_wconf 77' lang='lat' dir='ltr'><strong>a,</strong></span> <span class='ocrx_word' id='word_1_117' title='bbox 568 1560 609 1611; x_wconf 80' lang='lat' dir='ltr'><strong>uu.</strong></span> <span class='ocrx_word' id='word_1_118' title='bbox 625 1550 667 1610; x_wconf 77' lang='lat' dir='ltr'><strong>tlt,</strong></span> <span class='ocrx_word' id='word_1_119' title='bbox 679 1550 722 1598; x_wconf 86' lang='lat' dir='ltr'><strong>art.</strong></span> <span class='ocrx_word' id='word_1_120' title='bbox 733 1551 747 1598; x_wconf 88' lang='lat' dir='ltr'><strong>l</strong></span> <span class='ocrx_word' id='word_1_121' title='bbox 758 1549 777 1610; x_wconf 90' lang='grc'><strong>).</strong></span> <span class='ocrx_word' id='word_1_122' title='bbox 786 1549 847 1613; x_wconf 76' lang='lat' dir='ltr'><strong>Ergo</strong></span> 
     </span>
     <span class='ocr_line' id='line_1_17' title="bbox 39 1618 847 1684; baseline 0 -14"><span class='ocrx_word' id='word_1_123' title='bbox 39 1626 71 1675; x_wconf 81' lang='lat' dir='ltr'><strong>iu</strong></span> <span class='ocrx_word' id='word_1_124' title='bbox 84 1619 190 1684; x_wconf 70' lang='lat' dir='ltr'><strong>ieiunio,</strong></span> <span class='ocrx_word' id='word_1_125' title='bbox 205 1618 266 1680; x_wconf 87' lang='lat' dir='ltr'><strong>quod</strong></span> <span class='ocrx_word' id='word_1_126' title='bbox 276 1622 313 1669; x_wconf 89' lang='lat' dir='ltr'><strong>est</strong></span> <span class='ocrx_word' id='word_1_127' title='bbox 326 1618 453 1670; x_wconf 88' lang='lat' dir='ltr'><strong>institutum</strong></span> <span class='ocrx_word' id='word_1_128' title='bbox 463 1619 491 1669; x_wconf 89' lang='lat' dir='ltr'><strong>ad</strong></span> <span class='ocrx_word' id='word_1_129' title='bbox 502 1618 710 1684; x_wconf 81' lang='lat' dir='ltr'><strong>concupiscentiam</strong></span> <span class='ocrx_word' id='word_1_130' title='bbox 723 1621 847 1671; x_wconf 75' lang='lat' dir='ltr'><strong>refraenan-</strong></span> 
     </span>
     <span class='ocr_line' id='line_1_18' title="bbox 41 1688 847 1755; baseline 0 -12"><span class='ocrx_word' id='word_1_131' title='bbox 41 1695 110 1755; x_wconf 88' lang='lat' dir='ltr'><strong>dam,</strong></span> <span class='ocrx_word' id='word_1_132' title='bbox 123 1691 184 1742; x_wconf 87' lang='lat' dir='ltr'><strong>sicut</strong></span> <span class='ocrx_word' id='word_1_133' title='bbox 201 1703 247 1740; x_wconf 92' lang='lat' dir='ltr'><strong>non</strong></span> <span class='ocrx_word' id='word_1_134' title='bbox 260 1688 404 1742; x_wconf 86' lang='lat' dir='ltr'><strong>interdicitur</strong></span> <span class='ocrx_word' id='word_1_135' title='bbox 418 1703 470 1740; x_wconf 88' lang='lat' dir='ltr'><strong>esus</strong></span> <span class='ocrx_word' id='word_1_136' title='bbox 484 1689 590 1754; x_wconf 84' lang='lat' dir='ltr'><strong>piscium,</strong></span> <span class='ocrx_word' id='word_1_137' title='bbox 599 1689 630 1740; x_wconf 87' lang='lat' dir='ltr'><strong>ita</strong></span> <span class='ocrx_word' id='word_1_138' title='bbox 640 1704 687 1742; x_wconf 88' lang='lat' dir='ltr'><strong>non</strong></span> <span class='ocrx_word' id='word_1_139' title='bbox 699 1691 767 1743; x_wconf 87' lang='lat' dir='ltr'><strong>debet</strong></span> <span class='ocrx_word' id='word_1_140' title='bbox 775 1692 847 1744; x_wconf 86' lang='lat' dir='ltr'><strong>inter·</strong></span> 
     </span>
     <span class='ocr_line' id='line_1_19' title="bbox 42 1761 284 1815; baseline -0.021 0"><span class='ocrx_word' id='word_1_141' title='bbox 42 1764 91 1815; x_wconf 87' lang='lat' dir='ltr'><strong>dici</strong></span> <span class='ocrx_word' id='word_1_142' title='bbox 104 1776 159 1814; x_wconf 88' lang='lat' dir='ltr'><strong>esus</strong></span> <span class='ocrx_word' id='word_1_143' title='bbox 172 1761 284 1812; x_wconf 86' lang='lat' dir='ltr'><strong>cam-ium.</strong></span> 
     </span>
    </p>

    <p class='ocr_par' dir='ltr' id='par_1_6' title="bbox 43 1831 847 2040">
     <span class='ocr_line' id='line_1_20' title="bbox 76 1831 847 1899; baseline 0.003 -15"><span class='ocrx_word' id='word_1_144' title='bbox 76 1840 99 1884; x_wconf 83' lang='lat' dir='ltr'><strong>t.</strong></span> <span class='ocrx_word' id='word_1_145' title='bbox 109 1835 222 1884; x_wconf 75' lang='lat' dir='ltr'><strong>Preterea</strong></span> <span class='ocrx_word' id='word_1_146' title='bbox 230 1868 238 1895; x_wconf 90' lang='lat'><strong>,</strong></span> <span class='ocrx_word' id='word_1_147' title='bbox 247 1832 271 1882; x_wconf 93' lang='lat' dir='ltr'><strong>iu</strong></span> <span class='ocrx_word' id='word_1_148' title='bbox 287 1831 421 1896; x_wconf 84' lang='lat' dir='ltr'><strong>quibusdam</strong></span> <span class='ocrx_word' id='word_1_149' title='bbox 435 1831 577 1896; x_wconf 85' lang='lat' dir='ltr'><strong>jejuniorum</strong></span> <span class='ocrx_word' id='word_1_150' title='bbox 586 1834 666 1886; x_wconf 88' lang='lat' dir='ltr'><strong>diebus</strong></span> <span class='ocrx_word' id='word_1_151' title='bbox 676 1834 746 1899; x_wconf 80' lang='lat' dir='ltr'><strong>aliqui</strong></span> <span class='ocrx_word' id='word_1_152' title='bbox 757 1835 808 1886; x_wconf 87' lang='lat' dir='ltr'><strong>oris</strong></span> <span class='ocrx_word' id='word_1_153' title='bbox 822 1839 847 1886; x_wconf 90' lang='lat' dir='ltr'><strong>et</strong></span> 
     </span>
     <span class='ocr_line' id='line_1_21' title="bbox 43 1903 846 1971; baseline -0.004 -11"><span class='ocrx_word' id='word_1_154' title='bbox 43 1919 112 1960; x_wconf 86' lang='lat' dir='ltr'><strong>caseo</strong></span> <span class='ocrx_word' id='word_1_155' title='bbox 132 1908 234 1956; x_wconf 81' lang='lat' dir='ltr'><strong>uturulor.</strong></span> <span class='ocrx_word' id='word_1_156' title='bbox 254 1905 313 1968; x_wconf 79' lang='lat' dir='ltr'><strong>lingo</strong></span> <span class='ocrx_word' id='word_1_157' title='bbox 333 1903 383 1968; x_wconf 88' lang='lat' dir='ltr'><strong>pari</strong></span> <span class='ocrx_word' id='word_1_158' title='bbox 398 1903 488 1955; x_wconf 86' lang='lat' dir='ltr'><strong>ratione</strong></span> <span class='ocrx_word' id='word_1_159' title='bbox 507 1904 532 1953; x_wconf 90' lang='lat' dir='ltr'><strong>in</strong></span> <span class='ocrx_word' id='word_1_160' title='bbox 550 1905 641 1969; x_wconf 78' lang='lat' dir='ltr'><strong>jejunio</strong></span> <span class='ocrx_word' id='word_1_161' title='bbox 659 1907 846 1971; x_wconf 73' lang='lat' dir='ltr'><strong>uuamagesimali</strong></span> 
     </span>
     <span class='ocr_line' id='line_1_22' title="bbox 43 1976 358 2040; baseline -0.016 -10"><span class='ocrx_word' id='word_1_162' title='bbox 43 1979 128 2030; x_wconf 91' lang='lat' dir='ltr'><strong>talibus</strong></span> <span class='ocrx_word' id='word_1_163' title='bbox 141 1979 210 2027; x_wconf 89' lang='lat' dir='ltr'><strong>bomo</strong></span> <span class='ocrx_word' id='word_1_164' title='bbox 228 1976 263 2026; x_wconf 86' lang='lat' dir='ltr'><strong>uti</strong></span> <span class='ocrx_word' id='word_1_165' title='bbox 276 1979 358 2040; x_wconf 89' lang='lat' dir='ltr'><strong>potest.</strong></span> 
     </span>
    </p>

    <p class='ocr_par' dir='ltr' id='par_1_7' title="bbox 77 2047 694 2111">
     <span class='ocr_line' id='line_1_23' title="bbox 77 2047 694 2111; baseline -0.002 -10"><span class='ocrx_word' id='word_1_166' title='bbox 77 2051 124 2102; x_wconf 86' lang='lat' dir='ltr'><strong>Sed</strong></span> <span class='ocrx_word' id='word_1_167' title='bbox 136 2051 216 2099; x_wconf 88' lang='lat' dir='ltr'><strong>contra</strong></span> <span class='ocrx_word' id='word_1_168' title='bbox 229 2051 277 2111; x_wconf 90' lang='lat' dir='ltr'><strong>est,</strong></span> <span class='ocrx_word' id='word_1_169' title='bbox 292 2047 418 2098; x_wconf 84' lang='lat' dir='ltr'><strong>communis</strong></span> <span class='ocrx_word' id='word_1_170' title='bbox 432 2047 532 2099; x_wconf 83' lang='lat' dir='ltr'><strong>fidelium</strong></span> <span class='ocrx_word' id='word_1_171' title='bbox 545 2049 694 2100; x_wconf 86' lang='lat' dir='ltr'><strong>consuetudo.</strong></span> 
     </span>
    </p>

    <p class='ocr_par' dir='ltr' id='par_1_8' title="bbox 78 2118 845 2186">
     <span class='ocr_line' id='line_1_24' title="bbox 78 2118 845 2186; baseline -0.005 -13"><span class='ocrx_word' id='word_1_172' title='bbox 78 2125 241 2186; x_wconf 77' lang='lat' dir='ltr'><strong>(Conmusro.</strong></span> <span class='ocrx_word' id='word_1_173' title='bbox 252 2145 285 2158; x_wconf 87' lang='lat'><em>-</em></span> <span class='ocrx_word' id='word_1_174' title='bbox 297 2119 352 2171; x_wconf 77' lang='lat' dir='ltr'><strong>Clam</strong></span> <span class='ocrx_word' id='word_1_175' title='bbox 364 2119 478 2184; x_wconf 86' lang='lat' dir='ltr'><strong>jejunium</strong></span> <span class='ocrx_word' id='word_1_176' title='bbox 492 2119 520 2169; x_wconf 88' lang='lat' dir='ltr'><strong>ud</strong></span> <span class='ocrx_word' id='word_1_177' title='bbox 533 2118 691 2182; x_wconf 87' lang='lat' dir='ltr'><strong>reprimendas</strong></span> <span class='ocrx_word' id='word_1_178' title='bbox 702 2118 778 2170; x_wconf 85' lang='lat' dir='ltr'><strong>cernis</strong></span> <span class='ocrx_word' id='word_1_179' title='bbox 791 2131 845 2170; x_wconf 88' lang='lat' dir='ltr'><strong>con·</strong></span> 
     </span>
    </p>
   </div>
   <div class='ocr_carea' id='block_1_5' title="bbox 43 2190 937 2266">
    <p class='ocr_par' dir='ltr' id='par_1_9' title="bbox 43 2190 937 2266">
     <span class='ocr_line' id='line_1_25' title="bbox 43 2190 937 2266; baseline -0.009 -19"><span class='ocrx_word' id='word_1_180' title='bbox 43 2193 199 2260; x_wconf 86' lang='lat' dir='ltr'><strong>cupiscentias</strong></span> <span class='ocrx_word' id='word_1_181' title='bbox 213 2191 243 2242; x_wconf 90' lang='lat' dir='ltr'><strong>sit</strong></span> <span class='ocrx_word' id='word_1_182' title='bbox 257 2193 285 2242; x_wconf 89' lang='lat' dir='ltr'><strong>ab</strong></span> <span class='ocrx_word' id='word_1_183' title='bbox 302 2191 402 2242; x_wconf 82' lang='lat' dir='ltr'><strong>llcclesiu</strong></span> <span class='ocrx_word' id='word_1_184' title='bbox 411 2190 558 2252; x_wconf 87' lang='lat' dir='ltr'><strong>institutum,</strong></span> <span class='ocrx_word' id='word_1_185' title='bbox 572 2194 626 2239; x_wconf 89' lang='lat' dir='ltr'><strong>sunt</strong></span> <span class='ocrx_word' id='word_1_186' title='bbox 638 2190 802 2242; x_wconf 81' lang='lat' dir='ltr'><strong>convenienter</strong></span> <span class='ocrx_word' id='word_1_187' title='bbox 812 2191 848 2253; x_wconf 76' lang='lat' dir='ltr'><strong>jc-</strong></span> <span class='ocrx_word' id='word_1_188' title='bbox 934 2261 937 2266; x_wconf 19' lang='grc' dir='ltr'>ι</span> 
     </span>
    </p>
   </div>
   <div class='ocr_carea' id='block_1_6' title="bbox 43 2260 906 3046">
    <p class='ocr_par' dir='ltr' id='par_1_10' title="bbox 43 2260 665 2334">
     <span class='ocr_line' id='line_1_26' title="bbox 43 2260 665 2334; baseline -0.014 -16"><span class='ocrx_word' id='word_1_189' title='bbox 43 2265 181 2334; x_wconf 71' lang='lat' dir='ltr'><strong>iuuantibus</strong></span> <span class='ocrx_word' id='word_1_190' title='bbox 196 2275 291 2325; x_wconf 86' lang='lat' dir='ltr'><strong>carnes,</strong></span> <span class='ocrx_word' id='word_1_191' title='bbox 306 2261 419 2313; x_wconf 77' lang='lat' dir='ltr'><strong>lacticinia</strong></span> <span class='ocrx_word' id='word_1_192' title='bbox 433 2267 457 2320; x_wconf 87' lang='lat' dir='ltr'><strong>et</strong></span> <span class='ocrx_word' id='word_1_193' title='bbox 467 2275 511 2312; x_wconf 85' lang='lat' dir='ltr'><strong>ora</strong></span> <span class='ocrx_word' id='word_1_194' title='bbox 523 2260 665 2326; x_wconf 83' lang='lat' dir='ltr'><strong>prohibita.)</strong></span> 
     </span>
    </p>

    <p class='ocr_par' dir='ltr' id='par_1_11' title="bbox 44 2331 906 3046">
     <span class='ocr_line' id='line_1_27' title="bbox 75 2331 906 2402; baseline -0.007 -14"><span class='ocrx_word' id='word_1_195' title='bbox 75 2336 213 2402; x_wconf 84' lang='lat' dir='ltr'><strong>Respondes</strong></span> <span class='ocrx_word' id='word_1_196' title='bbox 221 2333 356 2396; x_wconf 87' lang='lat' dir='ltr'><strong>dicendum,</strong></span> <span class='ocrx_word' id='word_1_197' title='bbox 366 2333 426 2397; x_wconf 82' lang='lat' dir='ltr'><strong>qnbd</strong></span> <span class='ocrx_word' id='word_1_198' title='bbox 437 2334 498 2384; x_wconf 87' lang='lat' dir='ltr'><strong>sicul</strong></span> <span class='ocrx_word' id='word_1_199' title='bbox 508 2332 577 2396; x_wconf 79' lang='lat' dir='ltr'><strong>suprt</strong></span> <span class='ocrx_word' id='word_1_200' title='bbox 589 2333 675 2384; x_wconf 89' lang='lat' dir='ltr'><strong>dictum</strong></span> <span class='ocrx_word' id='word_1_201' title='bbox 685 2337 721 2385; x_wconf 88' lang='lat' dir='ltr'><strong>est</strong></span> <span class='ocrx_word' id='word_1_202' title='bbox 731 2333 790 2398; x_wconf 89' lang='lat' dir='ltr'><strong>(art.</strong></span> <span class='ocrx_word' id='word_1_203' title='bbox 800 2337 815 2382; x_wconf 81' lang='lat' dir='ltr'><strong>t</strong></span> <span class='ocrx_word' id='word_1_204' title='bbox 827 2331 848 2397; x_wconf 90' lang='lat'><strong>)‚</strong></span> <span class='ocrx_word' id='word_1_205' title='bbox 904 2360 906 2370; x_wconf 45' lang='grc' dir='ltr'><strong><em>ι</em></strong></span> 
     </span>
     <span class='ocr_line' id='line_1_28' title="bbox 44 2403 853 2476; baseline -0.006 -17"><span class='ocrx_word' id='word_1_206' title='bbox 44 2410 159 2476; x_wconf 82' lang='lat' dir='ltr'><strong>jejunium</strong></span> <span class='ocrx_word' id='word_1_207' title='bbox 171 2408 200 2458; x_wconf 84' lang='lat' dir='ltr'><strong>ab</strong></span> <span class='ocrx_word' id='word_1_208' title='bbox 216 2406 317 2457; x_wconf 87' lang='lat' dir='ltr'><strong>Ecclesia</strong></span> <span class='ocrx_word' id='word_1_209' title='bbox 332 2409 367 2456; x_wconf 87' lang='lat' dir='ltr'><strong>est</strong></span> <span class='ocrx_word' id='word_1_210' title='bbox 377 2405 508 2456; x_wconf 86' lang='lat' dir='ltr'><strong>institutum</strong></span> <span class='ocrx_word' id='word_1_211' title='bbox 525 2405 554 2455; x_wconf 92' lang='lat' dir='ltr'><strong>ad</strong></span> <span class='ocrx_word' id='word_1_212' title='bbox 567 2406 722 2470; x_wconf 87' lang='lat' dir='ltr'><strong>reprimendas</strong></span> <span class='ocrx_word' id='word_1_213' title='bbox 732 2403 853 2468; x_wconf 86' lang='lat' dir='ltr'><strong>eoncupis-</strong></span> 
     </span>
     <span class='ocr_line' id='line_1_29' title="bbox 45 2475 850 2542; baseline -0.01 -9"><span class='ocrx_word' id='word_1_214' title='bbox 45 2481 134 2533; x_wconf 85' lang='lat' dir='ltr'><strong>centias</strong></span> <span class='ocrx_word' id='word_1_215' title='bbox 150 2479 286 2542; x_wconf 77' lang='lat' dir='ltr'><strong>carnisque</strong></span> <span class='ocrx_word' id='word_1_216' title='bbox 300 2478 391 2541; x_wconf 88' lang='lat' dir='ltr'><strong>quidem</strong></span> <span class='ocrx_word' id='word_1_217' title='bbox 411 2481 465 2528; x_wconf 87' lang='lat' dir='ltr'><strong>sunt</strong></span> <span class='ocrx_word' id='word_1_218' title='bbox 478 2476 646 2528; x_wconf 85' lang='lat' dir='ltr'><strong>delectabilium</strong></span> <span class='ocrx_word' id='word_1_219' title='bbox 663 2475 787 2527; x_wconf 78' lang='lat' dir='ltr'><strong>secundnm</strong></span> <span class='ocrx_word' id='word_1_220' title='bbox 803 2479 850 2525; x_wconf 88' lang='lat' dir='ltr'><strong>tac·</strong></span> 
     </span>
     <span class='ocr_line' id='line_1_30' title="bbox 45 2546 851 2614; baseline -0.009 -11"><span class='ocrx_word' id='word_1_221' title='bbox 45 2557 113 2613; x_wconf 88' lang='lat' dir='ltr'><strong>tum,</strong></span> <span class='ocrx_word' id='word_1_222' title='bbox 129 2563 179 2614; x_wconf 78' lang='lat' dir='ltr'><strong>uuae</strong></span> <span class='ocrx_word' id='word_1_223' title='bbox 198 2549 326 2600; x_wconf 86' lang='lat' dir='ltr'><strong>consistunt</strong></span> <span class='ocrx_word' id='word_1_224' title='bbox 342 2549 366 2598; x_wconf 90' lang='lat' dir='ltr'><strong>iu</strong></span> <span class='ocrx_word' id='word_1_225' title='bbox 380 2549 436 2600; x_wconf 90' lang='lat' dir='ltr'><strong>cibis</strong></span> <span class='ocrx_word' id='word_1_226' title='bbox 453 2553 476 2599; x_wconf 84' lang='lat' dir='ltr'><strong>el</strong></span> <span class='ocrx_word' id='word_1_227' title='bbox 489 2548 603 2598; x_wconf 79' lang='lat' dir='ltr'><strong>venereis.</strong></span> <span class='ocrx_word' id='word_1_228' title='bbox 617 2548 646 2596; x_wconf 81' lang='lat' dir='ltr'><strong>nt</strong></span> <span class='ocrx_word' id='word_1_229' title='bbox 659 2547 711 2598; x_wconf 89' lang='lat' dir='ltr'><strong>ideo</strong></span> <span class='ocrx_word' id='word_1_230' title='bbox 726 2547 777 2597; x_wconf 88' lang='lat' dir='ltr'><strong>illos</strong></span> <span class='ocrx_word' id='word_1_231' title='bbox 787 2546 851 2596; x_wconf 89' lang='lat' dir='ltr'><strong>eibos</strong></span> 
     </span>
     <span class='ocr_line' id='line_1_31' title="bbox 45 2615 852 2686; baseline -0.011 -11"><span class='ocrx_word' id='word_1_232' title='bbox 45 2623 150 2676; x_wconf 84' lang='lat' dir='ltr'><strong>Ecclesia</strong></span> <span class='ocrx_word' id='word_1_233' title='bbox 165 2621 321 2686; x_wconf 87' lang='lat' dir='ltr'><strong>jejunantibus</strong></span> <span class='ocrx_word' id='word_1_234' title='bbox 330 2621 457 2682; x_wconf 82' lang='lat' dir='ltr'><strong>interdixit,</strong></span> <span class='ocrx_word' id='word_1_235' title='bbox 468 2619 508 2684; x_wconf 87' lang='lat' dir='ltr'><strong>qni</strong></span> <span class='ocrx_word' id='word_1_236' title='bbox 522 2622 546 2668; x_wconf 89' lang='lat' dir='ltr'><strong>et</strong></span> <span class='ocrx_word' id='word_1_237' title='bbox 560 2619 584 2668; x_wconf 93' lang='lat' dir='ltr'><strong>iu</strong></span> <span class='ocrx_word' id='word_1_238' title='bbox 602 2619 741 2669; x_wconf 82' lang='lat' dir='ltr'><strong>comedendo</strong></span> <span class='ocrx_word' id='word_1_239' title='bbox 753 2615 852 2667; x_wconf 77' lang='lat' dir='ltr'><strong>maxime</strong></span> 
     </span>
     <span class='ocr_line' id='line_1_32' title="bbox 46 2689 852 2754; baseline -0.011 -7"><span class='ocrx_word' id='word_1_240' title='bbox 46 2697 133 2747; x_wconf 85' lang='lat' dir='ltr'><strong>babent</strong></span> <span class='ocrx_word' id='word_1_241' title='bbox 152 2692 338 2754; x_wconf 87' lang='lat' dir='ltr'><strong>delectationem,</strong></span> <span class='ocrx_word' id='word_1_242' title='bbox 357 2695 380 2742; x_wconf 91' lang='lat' dir='ltr'><strong>et</strong></span> <span class='ocrx_word' id='word_1_243' title='bbox 399 2691 482 2742; x_wconf 86' lang='lat' dir='ltr'><strong>lterum</strong></span> <span class='ocrx_word' id='word_1_244' title='bbox 503 2689 602 2740; x_wconf 81' lang='lat' dir='ltr'><strong>maxime</strong></span> <span class='ocrx_word' id='word_1_245' title='bbox 626 2690 741 2740; x_wconf 88' lang='lat' dir='ltr'><strong>bominem</strong></span> <span class='ocrx_word' id='word_1_246' title='bbox 762 2689 790 2738; x_wconf 88' lang='lat' dir='ltr'><strong>ud</strong></span> <span class='ocrx_word' id='word_1_247' title='bbox 806 2701 852 2738; x_wconf 82' lang='lat' dir='ltr'><strong>ue-</strong></span> 
     </span>
     <span class='ocr_line' id='line_1_33' title="bbox 46 2757 852 2828; baseline -0.012 -12"><span class='ocrx_word' id='word_1_248' title='bbox 46 2777 116 2816; x_wconf 85' lang='lat' dir='ltr'><strong>neroa</strong></span> <span class='ocrx_word' id='word_1_249' title='bbox 131 2768 263 2828; x_wconf 74' lang='lat' dir='ltr'><strong>provocant</strong></span> <span class='ocrx_word' id='word_1_250' title='bbox 277 2761 411 2827; x_wconf 74' lang='lat' dir='ltr'><strong>Huiusmodi</strong></span> <span class='ocrx_word' id='word_1_251' title='bbox 430 2765 506 2811; x_wconf 84' lang='lat' dir='ltr'><strong>autem</strong></span> <span class='ocrx_word' id='word_1_252' title='bbox 522 2764 575 2809; x_wconf 87' lang='lat' dir='ltr'><strong>suut</strong></span> <span class='ocrx_word' id='word_1_253' title='bbox 586 2773 666 2811; x_wconf 83' lang='lat' dir='ltr'><strong>carues</strong></span> <span class='ocrx_word' id='word_1_254' title='bbox 680 2757 812 2810; x_wconf 83' lang='lat' dir='ltr'><strong>animalium</strong></span> <span class='ocrx_word' id='word_1_255' title='bbox 826 2758 852 2807; x_wconf 89' lang='lat' dir='ltr'><strong>iu</strong></span> 
     </span>
     <span class='ocr_line' id='line_1_34' title="bbox 45 2832 848 2899; baseline -0.012 -12"><span class='ocrx_word' id='word_1_256' title='bbox 45 2842 105 2888; x_wconf 70' lang='lat' dir='ltr'><strong>mura</strong></span> <span class='ocrx_word' id='word_1_257' title='bbox 119 2834 301 2899; x_wconf 72' lang='lat' dir='ltr'><strong>mitescentium,</strong></span> <span class='ocrx_word' id='word_1_258' title='bbox 313 2837 337 2884; x_wconf 90' lang='lat' dir='ltr'><strong>et</strong></span> <span class='ocrx_word' id='word_1_259' title='bbox 349 2833 518 2896; x_wconf 85' lang='lat' dir='ltr'><strong>respirantium,</strong></span> <span class='ocrx_word' id='word_1_260' title='bbox 530 2836 554 2882; x_wconf 88' lang='lat' dir='ltr'><strong>ct</strong></span> <span class='ocrx_word' id='word_1_261' title='bbox 563 2845 613 2894; x_wconf 80' lang='lat' dir='ltr'><strong>une</strong></span> <span class='ocrx_word' id='word_1_262' title='bbox 627 2845 655 2883; x_wconf 83' lang='lat' dir='ltr'><strong>er</strong></span> <span class='ocrx_word' id='word_1_263' title='bbox 665 2832 699 2883; x_wconf 90' lang='lat' dir='ltr'><strong>eis</strong></span> <span class='ocrx_word' id='word_1_264' title='bbox 712 2832 848 2896; x_wconf 88' lang='lat' dir='ltr'><strong>procedunt,</strong></span> 
     </span>
     <span class='ocr_line' id='line_1_35' title="bbox 47 2902 851 2970; baseline -0.01 -12"><span class='ocrx_word' id='word_1_265' title='bbox 47 2911 108 2959; x_wconf 90' lang='lat' dir='ltr'><strong>sicut</strong></span> <span class='ocrx_word' id='word_1_266' title='bbox 123 2907 235 2958; x_wconf 83' lang='lat' dir='ltr'><strong>lacticuuia</strong></span> <span class='ocrx_word' id='word_1_267' title='bbox 250 2921 277 2958; x_wconf 87' lang='lat' dir='ltr'><strong>er</strong></span> <span class='ocrx_word' id='word_1_268' title='bbox 292 2906 457 2970; x_wconf 80' lang='lat' dir='ltr'><strong>gressibilibus,</strong></span> <span class='ocrx_word' id='word_1_269' title='bbox 474 2909 498 2956; x_wconf 89' lang='lat' dir='ltr'><strong>et</strong></span> <span class='ocrx_word' id='word_1_270' title='bbox 510 2917 553 2955; x_wconf 82' lang='lat' dir='ltr'><strong>ova</strong></span> <span class='ocrx_word' id='word_1_271' title='bbox 571 2917 600 2955; x_wconf 86' lang='lat' dir='ltr'><strong>er</strong></span> <span class='ocrx_word' id='word_1_272' title='bbox 614 2907 693 2956; x_wconf 88' lang='lat' dir='ltr'><strong>avibus</strong></span> <span class='ocrx_word' id='word_1_273' title='bbox 705 2922 711 2954; x_wconf 91' lang='lat'><strong>:</strong></span> <span class='ocrx_word' id='word_1_274' title='bbox 722 2906 774 2970; x_wconf 72' lang='lat' dir='ltr'><strong>quita</strong></span> <span class='ocrx_word' id='word_1_275' title='bbox 790 2902 851 2952; x_wconf 88' lang='lat' dir='ltr'><strong>enim</strong></span> 
     </span>
     <span class='ocr_line' id='line_1_36' title="bbox 47 2976 848 3046; baseline -0.012 -14"><span class='ocrx_word' id='word_1_276' title='bbox 47 2980 181 3046; x_wconf 80' lang='lat' dir='ltr'><strong>hujusmodi</strong></span> <span class='ocrx_word' id='word_1_277' title='bbox 192 2978 435 3044; x_wconf 69' lang='lat' dir='ltr'><strong>mepscoutornamur</strong></span> <span class='ocrx_word' id='word_1_278' title='bbox 443 2981 544 3030; x_wconf 85' lang='lat' dir='ltr'><strong>humano</strong></span> <span class='ocrx_word' id='word_1_279' title='bbox 552 2980 651 3044; x_wconf 86' lang='lat' dir='ltr'><strong>corpori,</strong></span> <span class='ocrx_word' id='word_1_280' title='bbox 663 2978 715 3044; x_wconf 85' lang='lat' dir='ltr'><strong>plus</strong></span> <span class='ocrx_word' id='word_1_281' title='bbox 725 2976 848 3035; x_wconf 84' lang='lat' dir='ltr'><strong>delectant,</strong></span> 
     </span>
    </p>
   </div>
   <div class='ocr_carea' id='block_1_7' title="bbox 0 0 982 3284">
    <p class='ocr_par' dir='ltr' id='par_1_12' title="bbox 0 0 982 3284">
     <span class='ocr_line' id='line_1_37' title="bbox 0 0 982 3284; baseline 0 0"><span class='ocrx_word' id='word_1_282' title='bbox 0 0 982 3284; x_wconf 95' lang='lat' dir='ltr'><strong> </strong></span> 
     </span>
    </p>
   </div>
  </div>
 </body>
</html>
