1934 3284
307 172 339 212 os
353 172 465 214 amunia
482 172 606 214 anemos.
807 163 855 214 tte

91 250 254 316 (Concessio.
264 277 294 288 —
304 251 350 302 Sex
366 256 420 302 scrut
437 252 533 302 luxuria
552 251 654 316 species;
668 251 787 304 fomicatiu
800 253 854 305 eim

58 324 124 388 ples,
139 307 274 374 ddulterium
286 361 293 386 ,
306 323 420 387 incestus,
440 327 556 389 stuprum,
571 328 661 388 raptus,
677 325 759 374 sitium
777 329 855 377 contra

59 396 191 458 matrinam.)

90 469 225 532 Respondeo
239 467 367 531 dicendum,
378 467 439 532 qudd
448 469 508 519 sicut
516 469 600 518 dictum
612 472 647 518 est
655 468 709 532 (qu.
720 470 774 526 153,
785 473 855 519 artu

58 548 82 594 et
92 546 105 590 3
115 541 139 604 l,
155 543 271 604 peccatum
283 538 377 590 luxuriae
392 541 496 590 consistit
509 541 533 590 iu
546 543 588 590 troc
601 539 661 601 qudd
672 540 753 601 ationis
764 553 809 589 uon
818 553 856 590 se·

59 611 157 663 cumdium
181 614 264 660 rectam
285 611 394 660 rationem
418 612 566 662 delectatione
585 624 680 660 venerea
700 611 778 662 utitur.
793 613 856 671 ouod

59 685 150 748 quidem
165 682 272 744 contingit
287 681 404 746 dupliciter
415 697 420 732 :
431 695 476 732 uuo
489 683 556 732 inodo
569 681 694 732 secuudum
705 684 820 732 materiam
830 684 856 734 in

58 771 101 819 qua
116 755 246 818 hujusmodi
269 753 441 804 delectationem
457 753 537 817 quaerit
557 771 563 804 :
584 753 628 803 alio
645 755 712 803 modo
733 754 856 804 sccundium

58 827 118 891 quiid
137 825 228 876 materid
244 823 319 876 debut
340 826 452 876 existente
471 840 517 876 uon
534 827 685 876 observantur
706 826 757 876 aliae
776 826 856 876 debila

58 898 206 949 conditiones.
219 898 246 946 lit
260 897 311 960 quia
323 897 490 947 circumstantia
505 898 648 961 inquantum
662 897 801 959 hujusmodi,
812 911 857 949 uuo

58 971 96 1021 dat
112 971 209 1034 speciem
224 971 285 1019 ectui
297 969 388 1028 rporali,
400 971 439 1018 scd
451 971 501 1034 ejus
512 971 600 1034 species
610 969 705 1018 sumitur
715 969 743 1018 ab
754 968 855 1032 objecto,

59 1041 118 1106 quod
132 1045 166 1090 est
176 1043 267 1090 materia
283 1039 359 1100 actds3
371 1039 423 1090 ideo
435 1041 534 1104 oportuit
543 1040 633 1105 species
643 1039 737 1090 luxurie
745 1040 859 1102 assignari

59 1125 87 1162 ex
107 1115 170 1176 parte
190 1109 288 1161 materiae
307 1110 399 1173 objecti.
414 1112 469 1170 Qum
484 1112 574 1174 quidem
589 1116 664 1175 polest
678 1123 724 1160 non
735 1112 855 1162 convenire

59 1181 141 1232 rationi
157 1186 223 1231 recto
238 1181 357 1246 dupliciter
368 1195 373 1228 :
383 1193 429 1230 uuo
444 1183 527 1245 modo,
538 1183 591 1246 quia
602 1183 671 1232 halet
683 1182 857 1244 repugnantiam

58 1254 86 1302 ad
102 1253 169 1302 tinem
183 1253 273 1302 venerei
287 1252 351 1302 actds
367 1267 372 1300 :
388 1259 411 1301 et
424 1250 469 1312 sic,
485 1254 509 1303 iu
528 1259 637 1316 quantum
651 1253 773 1316 impeditur
787 1266 856 1315 geue-

58 1324 115 1376 ratiu
131 1325 214 1390 prolis,
225 1328 260 1375 est
274 1327 368 1376 ollium
386 1330 473 1376 contro
484 1329 623 1388 notorum
638 1327 697 1388 quod
712 1330 747 1375 est
759 1325 782 1374 io
796 1325 857 1374 omui

60 1400 111 1446 actu
124 1410 236 1458 venereo,
251 1410 279 1446 ex
293 1411 337 1459 orio
351 1399 466 1461 generatio
477 1398 542 1461 sequi
553 1411 600 1448 uon
612 1401 695 1462 potest.
710 1399 736 1446 ln
747 1401 857 1460 quantum

57 1472 134 1518 autem
149 1469 272 1532 impeditur
282 1469 357 1518 debita
371 1471 475 1520 educatio
486 1474 509 1520 et
520 1469 631 1533 promotio
644 1469 715 1533 prolis
731 1473 805 1528 natae,
822 1472 858 1518 est

58 1541 194 1604 fornicatio
215 1539 338 1604 stinpleo,
357 1556 407 1605 qum
423 1547 458 1592 est
476 1542 544 1592 soluti
560 1556 611 1592 cum
626 1543 707 1592 soluta.
723 1541 772 1591 illio
790 1541 857 1591 modo

59 1611 154 1661 materia
175 1611 259 1676 inqua
277 1619 395 1664 exercetur
415 1619 480 1664 actus
500 1627 629 1675 venereos,
643 1616 720 1678 potest
741 1625 793 1665 esse
811 1625 857 1662 uon

60 1685 202 1735 couveniens
217 1683 297 1734 rationi
315 1690 382 1735 rectae
403 1699 443 1749 per
457 1686 647 1748 couiparatiouem
668 1687 697 1735 ad
715 1685 771 1736 alios
784 1685 859 1734 homi·

61 1769 103 1806 nes
122 1771 127 1804 :
146 1759 168 1806 et
181 1757 224 1805 hoc
241 1756 371 1817 dupliciter.
386 1756 464 1807 Primo
478 1758 571 1818 quidem
583 1771 613 1807 ex
626 1762 690 1821 parte
699 1756 859 1817 loeuuiuae‚cui

60 1829 143 1892 aliquis
157 1827 331 1890 commiscetur3
344 1829 396 1892 quie
412 1829 434 1879 ei
452 1829 540 1879 debitus
555 1831 629 1879 honor
643 1843 689 1880 uon
702 1836 805 1879 servatur
818 1832 860 1879 :et

61 1901 95 1950 sic
110 1903 278 1954 estimetur,
294 1899 334 1962 qui
350 1900 453 1950 consistit
466 1901 491 1949 in
502 1902 572 1952 abusu
591 1901 709 1950 mulierum
725 1900 860 1963 consangui-

61 1973 133 2022 nitate
144 1972 178 2021 vel
190 1971 298 2020 uiduitate
308 1970 448 2034 junctarum.
461 1971 576 2033 Secundo,
585 1985 615 2020 ex
624 1975 686 2035 parte
696 1971 749 2034 ejus
760 1972 785 2020 in
794 1971 860 2035 cujus

60 2048 173 2110 potestate
187 2047 222 2094 est
239 2041 329 2092 loemiua
345 2057 350 2091 :
365 2043 417 2105 quia
430 2043 450 2092 si
460 2048 495 2092 est
509 2042 533 2092 iu
543 2048 656 2106 potestate
669 2042 725 2104 uiri,
734 2047 771 2093 est
785 2042 862 2092 odul-

63 2115 156 2167 leuium
171 2130 179 2162 .·
192 2114 211 2164 si
225 2118 300 2165 aulem
317 2113 390 2164 estin
405 2117 517 2178 potestate
538 2113 624 2178 patris,
638 2119 675 2164 cst
690 2114 861 2179 stuprum,si

61 2282 157 2326 illicito
174 2279 315 2338 defloratio,
332 2277 428 2335 quoodo
447 2278 561 2324 videlicet
574 2290 625 2324 ooo
643 2279 792 2336 moredeoto
805 2288 861 2323 eoo·

58 2345 145 2403 §opali
164 2343 291 2400 pontone,
310 2343 438 2399 utriusque
451 2342 575 2387 volumtate
588 2343 658 2398 otrpo
674 2342 860 2398 corromptteer,

58 2414 131 2466 patre
151 2405 276 2461 injuriam
289 2404 320 2448 od
339 2406 449 2448 animem
466 2406 548 2450 statim
562 2410 617 2464 post
635 2405 798 2462 copatittooem
810 2417 861 2449 uuo

60 2473 197 2515 reooeoole.
210 2467 367 2512 Adulterium
379 2469 436 2512 oerd
451 2472 482 2512 est
495 2468 573 2512 alieni
587 2468 653 2512 ttore'
665 2468 767 2512 violatio
776 2480 785 2513 .·
795 2466 861 2512 uode

61 2530 214 2578 adulterium
228 2529 323 2575 dicitur
335 2531 404 2588 quare
417 2529 448 2574 od
466 2531 569 2575 ulterius
583 2531 680 2574 ttorerm
691 2530 802 2574 accessio.
818 2531 860 2575 Io·

61 2600 139 2641 coeloe
163 2598 195 2638 eet
218 2596 454 2650 cooeoopotoeorum
473 2593 510 2637 oet
527 2594 639 2652 affinium
657 2593 745 2638 aloem
768 2613 775 2636 .·
795 2590 861 2638 ωιᾶι

58 2656 194 2704 incestuosi
207 2655 327 2700 dicontur
340 2657 384 2712 quei
394 2654 583 2712 cooeoopoc'oea'r
595 2661 617 2701 et
629 2656 741 2714 affinibus
755 2655 860 2700 eloren-
921 2663 923 2667 ·

61 2725 114 2766 tor.
132 2721 223 2776 Raptus
242 2719 397 2766 admittitur.
412 2719 467 2763 com
478 2718 564 2776 puello
575 2719 721 2764 otoleoterct
735 2719 804 2764 domo
814 2730 860 2776 po⁴

60 2784 109 2828 tris
120 2782 262 2829 obducitur,
271 2783 298 2826 ιιι
309 2782 462 2838 corruptela
472 2791 574 2825 umorem
581 2781 706 2836 linteatum
713 2783 764 2828 aloe
770 2782 861 2840 puello

59 2844 283 2893 incommodumve
294 2843 438 2908 percutitur
447 2845 557 2896 tostum,
566 2846 779 2905 etveetropeeo
788 2845 860 2892 illoto

60 2910 158 2972 [uerit.
171 2910 214 2956 etc.
