1934 3284
355 193 388 229 nrt
404 192 535 233 nimio.
800 185 844 259 iod

57 267 194 330 sumptione
209 265 264 332 (ηπ
282 267 378 319 «Recte
389 268 485 319 dixerim
498 267 559 332 quod
574 268 615 320 lloi
630 269 725 334 g'enitrin
739 269 809 336 Virgo
822 275 844 322 et

56 340 132 402 manpr
149 337 209 401 luit,
220 339 325 402 quamvis
338 341 363 390 in
380 353 436 404 pare
446 340 517 390 uitam
532 340 646 405 finiverit3
661 359 674 390 n
690 345 713 392 et
725 342 846 406 Gregorius

53 408 100 458 dicit
114 425 120 458 :
139 427 154 457 c
166 411 275 469 Quamvis
292 412 381 462 occasio
395 411 563 476 persecutionis
574 411 645 474 desit,
656 414 723 463 habet
732 417 809 464 tamen
822 419 846 464 et

52 485 179 541 pernostra
192 482 325 546 martyrium
339 496 419 546 suum,
436 483 489 547 quia
504 482 548 534 etsi
564 483 640 532 carnis
653 485 710 534 colla
728 485 786 535 lerro
800 498 845 536 non

52 552 191 616 subjicimus,
204 553 315 618 spirituali
325 558 402 605 tamen
412 555 487 618 gladio
501 554 600 604 carnalia
609 555 720 605 desideria
732 555 756 606 in
771 561 845 607 mente

51 624 193 675 trucidamus.
209 640 223 672 n
237 625 297 689 llrgo
317 627 402 691 absque
416 627 524 690 passione
542 624 619 676 mortis
632 630 707 689 potest
721 639 772 678 esse
787 641 845 678 mar-

51 695 140 757 tyrium.

79 772 102 817 t.
117 770 291 833 Praetemmpro
304 769 434 833 integritate
447 771 522 820 carnis
530 762 641 821 servanda
650 769 730 835 aliqum
742 771 847 822 mulieres

50 839 151 902 leguntur
164 841 307 904 laudabiliter
320 844 486 906 contempsisse
498 843 567 892 vitam
581 855 660 905 suam;
677 847 700 892 et
712 843 743 892 ita
757 843 846 894 videtur

48 911 107 973 qudd
121 913 246 976 corporalis
261 913 381 976 integritas
392 914 504 965 ciuitatis
516 915 648 978 preferatur
663 913 717 965 vitm
725 914 844 978 corporali.

48 982 89 1032 sed
101 985 237 1048 quandoque
248 985 297 1049 ipsa
314 985 432 1048 integritas
445 986 519 1036 carnis
535 986 642 1048 anterior,
658 988 696 1034 aut
709 985 793 1035 anlerri
809 986 845 1034 in-

48 1055 158 1117 tentatur,
173 1069 216 1120 pro
228 1057 374 1108 confessione
385 1057 439 1108 fidei
452 1058 596 1118 christiane,
609 1061 707 1122 utputet
722 1057 750 1108 de
760 1059 845 1118 agnete

48 1129 71 1174 et
85 1127 162 1179 Lucia.
177 1128 239 1192 Ergo
250 1129 341 1178 ridetur
353 1129 414 1192 quod
430 1130 563 1194 martyrium
574 1129 646 1193 magis
662 1129 741 1180 delneat
758 1127 812 1190 dici,
827 1128 847 1178 si

47 1196 120 1262 aliqua
134 1199 217 1251 mulier
226 1214 268 1264 pro
278 1201 323 1252 lide
335 1201 421 1251 Christi
434 1201 588 1262 integritatem
600 1199 675 1251 carnis
683 1200 770 1264 perdat,
778 1198 845 1262 quam

49 1267 68 1316 si
82 1270 150 1319 etiam
164 1271 271 1334 perderet
278 1272 417 1336 corporalem
427 1271 498 1322 vitam
509 1288 516 1321 τ
529 1273 588 1322 unde
600 1276 623 1322 et
634 1271 704 1322 Lucia
715 1270 771 1321 diuit
782 1285 787 1319 :
799 1287 811 1318 u
822 1271 846 1320 Si

49 1352 82 1389 me
92 1341 191 1391 inritam
203 1342 286 1394 feceris
295 1343 390 1404 uiolari,
404 1343 497 1394 castitas
509 1343 564 1393 mihi
577 1342 728 1407 duplicabitur
739 1342 767 1391 ad
778 1355 847 1393 coro-

48 1424 106 1463 nam.
117 1430 132 1460 n

77 1490 100 1534 3.
112 1487 236 1545 Praeterea,
252 1486 384 1550 martyrium
404 1490 438 1538 est
452 1485 592 1538 fortitudinis
611 1490 684 1536 actus.
705 1486 737 1536 ld
755 1484 846 1536 tortitu-

47 1556 122 1608 dinem
135 1560 214 1608 autem
226 1558 327 1622 pertinet
339 1572 385 1608 non
398 1557 472 1608 solium
489 1561 584 1608 mortem
599 1572 645 1608 uon
657 1557 793 1618 formidare,
807 1557 845 1606 sed

46 1642 87 1678 nec
110 1629 170 1680 alias
196 1629 359 1694 adversitates,
375 1634 400 1681 nt
416 1629 556 1694 Augustinus
577 1629 630 1680 dicit
648 1629 673 1678 in
695 1630 725 1678 Vl
742 1630 846 1680 Musicae

48 1699 116 1765 (cap.
131 1706 162 1751 ts
173 1701 194 1765 l.
208 1702 253 1752 Sed
266 1690 343 1752 multa
357 1707 411 1752 sunt
424 1702 474 1753 aliae
489 1701 637 1753 adversitates
650 1705 731 1766 prater
739 1704 845 1764 mortem,

46 1787 100 1834 quas
115 1774 189 1836 aliqui
206 1778 303 1837 possunt
316 1775 427 1824 sustinere
440 1787 482 1838 pro
495 1774 539 1824 lide
552 1774 652 1836 Christi,
667 1772 754 1824 scilicet
770 1785 847 1823 carce·

47 1858 107 1906 rem,
117 1845 229 1908 exilium,
242 1844 346 1909 rapinam
362 1847 481 1906 bonorum,
491 1849 589 1908 utputet
599 1844 634 1894 od
644 1843 730 1904 Hebr„
739 1845 772 1907 ll;
786 1845 846 1894 unde

46 1920 68 1966 et
80 1917 155 1967 saneti
169 1916 271 1966 llarcelli
283 1917 351 1980 Papae
366 1917 500 1980 martyrium
514 1917 645 1979 celebratur,
659 1915 698 1980 qui
713 1919 790 1965 amen
804 1916 847 1966 luit

47 1992 148 2039 mortuus
162 1989 187 2038 in
195 2001 294 2038 carcere.
310 1989 370 2051 Ergo
381 1992 471 2040 nonest
483 1989 511 2039 de
522 1987 624 2052 martyrii
637 1987 773 2038 necessitate
787 1987 847 2051 qndd

46 2059 128 2124 aliquis
142 2059 257 2110 sustineat
266 2073 359 2123 poenam
372 2059 460 2111 mortis.

75 2136 97 2181 t.
113 2133 240 2192 Praeterea,
253 2130 387 2195 martyrium
398 2133 435 2181 est
445 2133 510 2180 actus
519 2129 656 2192 meritorios,
669 2133 694 2178 ut
706 2128 791 2178 dictum
803 2133 846 2179 est.

46 2202 86 2252 Sed
98 2206 166 2253 actus
175 2201 307 2252 meritorius
320 2215 365 2252 non
379 2205 520 2266 potestesse
534 2203 585 2266 post
600 2204 706 2251 mortem:
720 2201 779 2263 Ergo
793 2203 847 2250 ante

46 2277 155 2336 mortem3
178 2273 250 2322 etita
263 2285 325 2323 mors
338 2276 431 2324 nonest
443 2273 471 2323 de
482 2271 569 2322 ratione
584 2269 693 2335 naupli.

73 2345 118 2395 Sed
134 2347 216 2395 contm
226 2343 347 2406 est‚quod
361 2343 471 2394 llaximos
481 2343 536 2393 dicit
550 2345 574 2392 in
587 2342 803 2406 quodamsermoue
812 2343 848 2392 De

46 2415 191 2480 martyrio,
202 2412 265 2477 qudd
284 2431 298 2460 ιι
316 2413 390 2464 vincit
403 2428 444 2478 pro
461 2414 504 2466 fide
516 2413 646 2474 moriendo,
659 2412 697 2476 qui
711 2411 847 2477 uinceretur,

46 2485 92 2537 sine
103 2487 150 2537 tide
161 2484 300 2535 uiuendo.»

75 2556 324 2622 (Cosanum-ld
334 2557 457 2620 perlectam
467 2555 568 2620 martyrii
580 2555 806 2620 ratiouomspectat,
824 2561 850 2608 ut

76 2726 108 2790 (i)
131 2728 175 2782 Qui
189 2733 271 2773 umen
288 2729 340 2784 ejrrs
354 2740 401 2773 non
415 2734 464 2786 est,
478 2732 505 2772 ut
517 2729 540 2773 in
553 2727 704 2785 responsione
720 2729 795 2774 notari
806 2741 849 2786 po·

47 2792 133 2838 tuisset.
146 2791 276 2848 Appendix
289 2796 366 2836 nutem
377 2791 479 2848 Gregorii
489 2803 518 2836 ex
526 2789 626 2837 Humilia
634 2791 667 2836 lll
678 2803 746 2848 super
753 2792 846 2850 Enonq.

47 2853 166 2911 desumpta
184 2860 221 2899 est
239 2854 263 2897 in
283 2852 346 2914 llne,
368 2858 490 2912 postquam
515 2857 601 2899 sanctos
622 2853 748 2901 Felicitatis
763 2857 849 2910 marty-

47 2916 102 2962 rium
114 2917 140 2963 in
155 2917 259 2962 Basilius
267 2917 319 2974 elus
332 2914 465 2974 explicarit.
