1934 3284
193 3 220 10 --·
231 5 341 9 ---.-----
352 5 394 8 ---
404 5 416 9 -
423 3 580 11 -ᾑ---ι--ι-
593 3 897 16 '‘w-W*
907 5 913 9 .

129 211 175 258 tou
242 220 349 258 sncuuon
364 219 491 270 murum,
509 219 602 264 ounsr.
619 219 699 270 cnm,
716 218 771 256 sur.
789 221 817 256 n.

129 298 169 361 qui
186 296 255 348 eliam
268 296 369 360 parulis
384 296 521 361 baptismum
535 296 642 360 prodesse
660 309 707 347 non
720 294 820 347 enimet
832 295 923 348 Christi.

127 369 178 420 Non
191 369 308 418 habebatis
321 372 410 418 etatem
423 381 467 432 qua
481 381 600 433 passurum
614 367 728 418 Christum
738 368 876 432 eroderetis;
887 369 924 418 sel

128 439 248 490 habebatis
261 453 365 503 curnem,
378 440 402 490 in
412 453 457 504 qna
472 453 513 504 pro
525 439 614 490 Christo
625 452 718 503 passuro
735 439 865 504 passionem
879 453 926 490 sus-

130 509 243 562 tineretis.
255 528 268 558 u

164 585 197 634 ad
209 584 332 635 seeundum
345 583 479 648 dioentnm,
492 583 552 647 quod
565 583 704 646 Augustinus
717 581 802 633 ibidem
815 583 869 634 dicit
880 597 928 634 esse

130 655 254 719 possibile,
267 655 326 719 qnod
337 656 447 707 ticolesiae
459 654 572 718 aliquibus
586 655 629 704 ilde
645 653 720 717 dignis
732 654 930 706 testificationibus

128 727 207 777 diuino
219 725 357 792 persuaserit
365 728 501 791 auotoritas,
512 729 538 776 ut
547 727 642 776 istarum
653 730 782 777 sanctarum
797 727 930 778 memoriam

128 799 163 849 sio
175 800 307 849 honoraret.

162 871 195 920 ad
209 870 301 920 tertium
320 870 458 934 dicendum,
476 869 536 934 quod
555 873 667 934 praecepta
680 869 757 956 legis
750 868 834 920 dantur
848 870 876 920 de
892 882 930 919 ao·

130 943 191 993 tibus
205 944 329 1007 uirtutum,
344 941 429 992 drotum
437 947 514 993 antem
524 946 559 994 est
572 955 612 1006 sup
610 942 698 1005 r'atqu.
709 945 748 1002 1³,
743 925 801 992 art
818 947 843 1003 3,
858 943 885 992 ari
895 941 930 1004 tl,

131 1015 233 1078 quedam
250 1017 363 1079 praeoepla
376 1013 433 1078 legis
449 1013 532 1064 divium
544 1015 625 1065 tradita
639 1027 688 1064 esee
701 1013 826 1064 seeundum
842 1026 932 1078 proepa-

131 1086 242 1138 rationem
255 1086 342 1148 animi,
356 1091 382 1136 ut
391 1085 478 1136 scilieet
492 1087 558 1138 homo
573 1087 603 1137 sit
613 1090 704 1152 paratus
717 1087 761 1136 hoo
774 1087 812 1136 vei
829 1086 886 1136 illuri
898 1084 932 1135 fn-

132 1171 184 1208 cere
195 1157 247 1208 oirm
261 1157 329 1225 fuerit¹
345 1162 507 1222 oppurtunum.
520 1159 555 1208 ita
570 1157 638 1209 etiam
653 1161 676 1208 el
689 1157 764 1220 aliqua
777 1156 894 1221 pertinent
905 1157 932 1206 ad

132 1227 436 1279 notumnirtutissoonndirm
446 1228 632 1293 propinationem
641 1228 754 1289 arimini
763 1227 934 1294 soiiirotsuper·

132 1301 237 1350 ueniente
261 1301 302 1349 tali
317 1313 384 1364 casu,
398 1302 466 1351 horno
487 1299 611 1350 secundism
632 1300 743 1350 rationem
769 1304 829 1362 agat.
847 1301 876 1350 ltu
893 1303 934 1350 lnoo

132 1371 247 1436 praeoipue
262 1370 351 1422 uidetur
363 1373 527 1422 obseruandum
541 1371 564 1420 in
582 1371 705 1435 martyrio,
718 1372 778 1434 quod
792 1371 899 1424 consistit
912 1371 933 1420 in

131 1444 208 1493 debite
223 1442 357 1492 sustinentia
376 1442 509 1505 passionum
523 1442 608 1507 injuste
627 1442 774 1493 inflictarum.
792 1444 845 1493 Non
860 1448 934 1494 autem

132 1513 200 1562 debet
213 1514 281 1562 homo
295 1513 438 1563 occasionem
446 1513 500 1564 dure
511 1513 577 1564 alteri
590 1513 673 1578 injuste
684 1513 778 1577 agonum
791 1516 832 1564 sed
843 1514 865 1564 si
879 1515 935 1564 alius

132 1581 217 1646 injuste
228 1584 314 1646 egerit,
329 1581 378 1648 ipse
392 1581 510 1634 moderate
523 1585 619 1635 tolerare
633 1584 707 1635 debet.

429 1762 592 1814 ARTICULUS
608 1765 635 1814 ll.

272 1887 357 1932 Utrum
366 1887 514 1944 ooortyrr'um
523 1889 554 1933 sit
562 1891 632 1940 arios
637 1888 800 1944 fortitudinis.

167 2015 201 2063 ld
214 2014 338 2063 seeundum
358 2013 391 2064 sio
407 2016 546 2080 proceditur.
560 2016 653 2067 Videtur
665 2016 723 2080 quod
739 2016 873 2080 martyrium
890 2031 935 2068 nou

136 2083 166 2134 sit
185 2090 249 2136 notus
264 2084 413 2138 tortitudinis.
429 2086 516 2136 Dicitur
526 2087 586 2137 eninr
601 2092 716 2152 martyr,
730 2087 755 2137 in
769 2101 861 2152 greco,
870 2089 937 2152 quasi

136 2159 217 2206 tertis.
231 2157 398 2208 Testimonium
420 2162 496 2208 autem
510 2159 610 2209 redditur
626 2159 679 2209 fidei
696 2159 796 2221 Christi,
809 2159 934 2212 sesamum

134 2229 190 2280 illud
203 2231 272 2287 Act„
286 2231 295 2280 Ι
311 2245 319 2280 :
334 2247 348 2277 «
363 2230 432 2280 Eritis
445 2231 503 2280 milri
517 2235 588 2284 testes
602 2230 626 2282 in
642 2232 794 2291 Hierusalem,
812 2236 857 2282 eto.
873 2248 888 2280 u
911 2234 936 2282 Et

135 2301 246 2354 Maximus
259 2302 316 2352 dioit
330 2303 354 2352 in
364 2304 461 2366 quoiam
475 2315 594 2353 sermone:
609 2321 623 2350 «
631 2305 702 2354 Mater
715 2303 817 2367 martyrii
830 2307 866 2354 est
879 2303 935 2354 fides

135 2374 258 2435 catholiea,
274 2375 299 2424 in
322 2386 366 2438 qua
382 2375 482 2425 illustres
504 2374 594 2424 athletae
610 2388 651 2425 suo
667 2374 778 2438 sanguine
796 2375 936 2439 subscripse-

134 2449 196 2494 rumt.
215 2463 229 2493 u
243 2446 304 2510 Ergo
317 2445 451 2510 martyrium
466 2449 503 2495 est
518 2445 595 2509 potiris
610 2449 674 2496 antus
692 2445 744 2498 iudei
762 2445 829 2510 quam
847 2446 936 2498 fortitu·

133 2515 201 2565 dinis.

164 2591 188 2637 2.
203 2588 328 2650 Praeterea,
342 2591 406 2639 aetus
431 2588 551 2640 lnuuanilis
571 2591 599 2641 ari
615 2591 678 2640 illam
699 2589 806 2640 virtutem
820 2589 935 2654 praecipui

132 2659 290 2722 pertinetque
305 2661 423 2724 adipsum
437 2661 548 2724 inclinat,
563 2665 586 2711 et
599 2674 649 2725 qua
660 2662 688 2712 ah
702 2661 752 2726 ipso
766 2661 933 2720 manifestatur,

134 2733 157 2778 et
174 2729 225 2779 sine
238 2743 284 2793 qua
302 2731 354 2795 ipse
370 2745 416 2783 non
430 2732 500 2782 ualet.
515 2734 557 2783 Sed
571 2734 598 2782 ad
614 2733 747 2796 martyrium
765 2732 880 2797 precipue
900 2734 936 2782 iu-

134 2799 204 2848 olinat
226 2802 339 2865 charitas3
352 2806 412 2854 uude
430 2804 455 2854 iu
474 2805 573 2867 quodam
592 2817 696 2855 sermono
712 2805 825 2854 Maximus
850 2803 908 2854 dioit
929 2819 934 2854 :

134 2889 149 2918 «
161 2871 265 2922 Charites
280 2873 365 2924 Christi
377 2874 401 2924 in
415 2876 551 2940 martyribus
568 2877 615 2924 suis
635 2875 743 2926 uincit.»
758 2873 855 2926 Maxime
868 2876 936 2926 etiam

134 2943 230 2993 charitas
256 2955 297 3007 per
316 2950 391 2995 aetum
417 2947 518 3013 martprii
541 2945 712 3010 munilestatur,
731 2945 857 3000 seouurlium
881 2947 936 2998 illud
