1934 3284
402 217 433 256 lt!
448 215 553 256 millim-
828 209 873 258 bib

71 293 227 350 communiter
245 275 348 347 omnibn’s
359 305 476 359 uunquam
488 293 541 344 fuit
562 292 626 354 oudd
646 296 723 345 autem
737 293 804 346 simul
821 280 874 347 uum

76 368 181 420 carnium
200 365 336 419 abstinentia
346 368 523 432 conjungeretur
532 366 586 418 olim
598 366 736 418 abstinentia
751 368 799 418 nini
813 373 876 434 petet

76 454 108 492 ex
121 438 198 490 uerbis
209 437 330 500 Augustini
344 439 454 501 dicentis,
470 438 604 489 Dominicd
617 439 636 488 l.
653 439 876 503 (iucdroqesimca,

73 515 173 564 serml
194 527 201 560 ι
215 527 228 559 u
243 511 286 570 Qui
295 510 436 562 abstinemus
449 523 492 562 nos
504 510 518 560 h
529 510 636 561 carnibus
644 510 727 576 quihus
742 512 811 575 (eliis
826 512 875 564 die-

71 583 137 647 bus)
149 583 182 634 uhi
197 582 263 644 licet,
278 583 318 646 qni
335 597 378 634 nos
394 583 533 634 abstinemus
546 581 560 632 h
571 581 626 633 vino
647 596 692 646 qno
709 582 824 635 moderate
843 585 877 635 nti

70 655 145 716 licet,
162 655 203 718 qui
213 654 311 706 vitemus
329 669 379 720 qua
394 655 614 722 aliqnandoliceut,
628 654 745 719 inprims
760 655 876 720 fugiamus

71 729 169 792 peccata
183 741 233 791 que
249 741 365 790 nunquam
378 728 456 779 licent.
470 743 484 774 n
498 729 529 778 Et
539 740 608 778 serm.
624 732 640 777 2
659 743 665 777 ι
681 727 804 779 «Cessent
821 729 876 781 uina

71 799 113 850 uel
127 811 223 862 cernes,
234 799 310 862 utqui
321 799 492 852 nobisuixhnus
502 803 552 850 toto
560 813 636 862 anno,
648 800 729 850 saltem
739 813 876 864 perpaucos

72 871 124 922 dies
137 871 243 921 uiuamus
253 874 276 920 et
289 869 393 921 Domino.
402 888 416 919 n
430 873 487 922 ltem
500 885 529 922 ex
539 871 615 922 uerbis
629 871 760 936 Hieronymi
770 874 875 936 snperll.

70 941 187 1005 Danielis,
203 942 242 992 ubi
258 941 339 992 dicitur
350 955 432 1006 panem
448 943 622 994 desiderabilem
638 957 684 996 nnn
697 943 822 994 comedisse
832 957 876 995 nec

70 1013 182 1065 introisse
198 1013 276 1066 uinum
294 1019 332 1064 eut
346 1027 438 1064 carnem
452 1014 476 1065 iu
488 1029 514 1066 os
530 1015 580 1079 ejus
595 1030 603 1065 ε
618 1017 666 1066 lloc
682 994 786 1080 eremum
804 1015 874 1066 doce-

72 1097 139 1150 mur,
154 1089 255 1150 lempore
262 1085 347 1149 jejunii
358 1085 372 1136 s
383 1085 437 1136 cibis
448 1085 614 1137 delicatioribus
624 1086 737 1137 abstinere
745 1085 820 1150 (quod
833 1098 876 1151 ego

70 1169 137 1208 nunc
153 1160 209 1222 puto
221 1156 267 1208 dici
281 1169 364 1221 panem
378 1157 564 1221 desiderabilem)
579 1171 623 1210 nec
642 1172 735 1209 carnem
749 1159 870 1210 comedere

72 1225 118 1278 nec
137 1227 216 1277 vinum
233 1226 320 1278 bibere.
338 1245 352 1275 n
366 1229 423 1279 item
442 1243 471 1279 ex
484 1229 559 1279 uerbis
574 1229 668 1292 Basilii,
680 1229 775 1291 homil,
794 1232 818 1279 l.
839 1230 876 1280 De

66 1300 174 1366 jejunio
190 1297 249 1362 (qno
265 1297 378 1364 jejunium
398 1300 576 1364 quadragesima
597 1298 721 1364 intelligit)
746 1316 752 1350 :
770 1317 784 1348 (ι
795 1301 878 1352 Carnes

72 1384 123 1422 nou
140 1367 201 1432 edis,
214 1373 237 1420 et
250 1369 328 1421 huino
344 1371 459 1434 abstines,
471 1375 516 1423 etc.
527 1387 542 1419 s
552 1373 610 1422 ltem
623 1386 652 1422 ex
668 1371 742 1423 uerbis
754 1372 877 1436 Theophili

72 1441 237 1502 Alexandrini,
254 1442 326 1507 Epist.
346 1447 368 1493 3.
391 1444 498 1494 Paschali
518 1443 629 1494 uniuersis
643 1443 735 1509 AEgypti
757 1443 876 1508 Enisconis

72 1512 163 1564 directa
177 1529 184 1562 :
200 1529 213 1560 a
229 1513 378 1578 Nequaquam
392 1514 416 1564 in
429 1515 510 1566 diebus
523 1515 701 1579 quadragesime
713 1515 763 1565 uini
772 1514 877 1579 poculum

72 1583 306 1650 suspiremus,necin
318 1586 435 1650 procinctu
442 1587 497 1638 belli
507 1586 544 1637 ubi
556 1587 698 1646 necessarius
707 1587 770 1639 labor
778 1591 803 1637 et
811 1587 878 1638 sudor

72 1659 125 1714 est,
146 1655 222 1706 eduin
235 1655 337 1707 carnium
351 1658 496 1710 delectemur.
512 1657 556 1716 Qui
572 1660 649 1708 antem
666 1659 742 1722 legum
761 1661 877 1723 precepta

73 1727 219 1792 custodiunt,
238 1727 341 1792 ignorant
356 1729 435 1780 uinum
449 1730 472 1780 in
490 1728 599 1795 jejuniis,
613 1744 677 1782 esum
697 1731 798 1781 carnium
811 1745 878 1796 repn-

74 1801 173 1850 dianl.»
186 1801 218 1850 hc
228 1799 282 1850 licet
296 1799 362 1850 addat
375 1801 449 1860 socios
458 1801 557 1852 Danielis
571 1799 595 1851 in
608 1801 724 1865 Babylone
738 1801 877 1854 abstinentes

74 1872 207 1934 exemplum
220 1871 285 1923 nobis
301 1871 438 1922 fortitudinis
448 1871 583 1936 reliquisse,
600 1889 613 1918 u
624 1876 649 1921 ut
663 1886 754 1923 omnem
766 1871 875 1938 deinceps

74 1945 169 1994 eamdem
182 1943 288 1994 docerent
297 1941 435 2007 jejuniorum
448 1941 575 2007 tempores
588 1941 696 1994 carnibus
706 1946 729 1994 et
738 1943 792 1994 nino
807 1943 876 1995 absti-

74 2014 194 2076 nendum,
208 2031 222 2061 n
232 2014 367 2066 abstinentia
382 2017 458 2066 lamen
468 2013 570 2063 cencium
580 2013 652 2078 magis
661 2014 710 2064 uisa
723 2018 758 2065 est
768 2015 876 2066 Ecclesia

73 2084 205 2136 necessarie
218 2084 285 2150 quam
306 2084 441 2136 abstinentie
455 2084 505 2135 uini
523 2085 551 2134 ed
560 2083 644 2148 jejunii
658 2085 787 2149 rationem,
799 2089 824 2137 et
841 2084 876 2137 sic

75 2156 101 2206 in
125 2156 179 2206 virm
195 2169 240 2206 non
254 2156 278 2207 iu
298 2156 405 2208 carnibus
424 2156 573 2221 dispensavit.
589 2156 653 2206 Unde
671 2155 876 2208 abstinentissimi

75 2225 145 2278 modd
163 2225 187 2276 in
204 2227 296 2293 jejunio
317 2227 408 2279 consilii
428 2227 515 2278 tantum
529 2230 563 2279 est
580 2240 626 2277 non
644 2227 767 2292 precepti,
782 2226 841 2284 sicut
853 2232 877 2280 et

75 2297 214 2350 abstinentia
233 2298 329 2364 piscium
340 2297 370 2362 ,l
384 2299 467 2364 quibus
487 2303 563 2349 temen
576 2299 630 2349 olim
645 2297 781 2348 abstinuisse
794 2297 876 2350 Chris-

74 2367 152 2420 tianos
170 2369 194 2419 in
205 2369 295 2436 jejunio
309 2369 349 2422 illo
363 2371 536 2436 chrysostomus
550 2369 644 2434 indicat,
658 2369 741 2421 ilomil.
756 2375 780 2433 3,
792 2371 819 2420 ad
833 2382 875 2436 po·

75 2442 170 2507 pulum3
183 2446 208 2492 et
221 2441 325 2492 similiter
341 2441 397 2493 aridi
412 2442 473 2505 cibi,
484 2444 528 2494 hoc
543 2447 578 2493 est
593 2441 660 2508 panis
674 2443 698 2492 et
709 2453 780 2504 aqua,
796 2441 877 2504 quibus

74 2511 156 2562 ultima
174 2511 314 2564 hebdomada
332 2513 508 2578 quadragesima
526 2517 578 2564 ante
596 2512 714 2563 namnetis
729 2512 777 2563 dies
795 2525 871 2564 aesca·

75 2583 166 2633 bantur.
177 2583 233 2633 Cum
243 2584 289 2635 sola
300 2598 353 2648 ergo
365 2584 503 2636 abstinentia
509 2583 610 2648 generali
617 2583 718 2635 carnium
729 2581 754 2633 in
764 2587 876 2648 praecepto

75 2654 184 2705 remansit
196 2659 222 2706 nt
233 2653 246 2706 l
257 2655 328 2720 lacte,
342 2668 416 2720 caseo,
428 2660 451 2708 et
460 2657 488 2706 ab
502 2656 551 2707 onis
565 2655 589 2704 in
600 2655 690 2719 jejunio
700 2654 876 2719 quadragesime

76 2725 227 2777 communiter
244 2727 326 2780 debeat
340 2728 465 2793 abstineri,
477 2724 530 2792 quia
544 2727 664 2791 nimirum,
677 2739 740 2792 uper
750 2732 784 2778 est
795 2731 820 2777 ut
837 2728 876 2791 qui

75 2809 118 2861 per
130 2797 181 2849 illos
195 2798 243 2850 dies
259 2799 272 2850 l
289 2801 395 2851 carnibus
408 2800 540 2851 animalium
559 2799 711 2862 abstinemus,
726 2800 754 2850 ab
772 2798 876 2849 omnibns

76 2869 146 2918 etiam
163 2882 213 2932 que
228 2874 376 2922 sementivam
394 2873 468 2923 carnis
489 2872 583 2923 trabunt
600 2871 723 2936 originem,
733 2872 873 2937 jejunemus,

75 2938 137 2991 sicud
148 2937 222 2995 ian.
239 2942 315 2994 Poris
326 2945 502 3005 Decretnrum,
515 2955 566 3010 can,
579 2943 727 3009 antequem
739 2944 779 2994 luo
791 2943 875 2993 umo-
