1934 3284
105 179 152 229 ⁶1⁸
216 186 323 228 eumn
339 185 464 234 emona,
480 183 577 231 nour.
592 183 666 234 oxon,
682 183 739 225 nr.
754 184 790 222 ur.

106 265 243 328 orantium
256 263 306 328 (qn.
317 260 902 326 oo):elloueutumdiehnrquuoqroqleumlqem
959 324 961 327 Ι

105 337 255 403 expetendum
267 339 320 401 est,
335 335 391 386 utile
404 339 481 386 nutem
493 335 554 398 quod
567 335 596 384 ad
614 333 680 384 uliud
693 332 777 397 eliqnid
796 333 902 384 releren-
959 332 961 385 l

105 411 194 460 dnm.»
333 423 337 429 ·

137 480 299 546 (Coumuem.
319 503 350 548 ··.·
363 479 505 542 llorneuhrm,
519 477 654 530 dolootobllo
678 477 790 539 diutile,
807 477 911 542 quamuis

105 552 210 616 subjecto
229 553 308 602 endem
326 549 388 614 siut,
406 550 496 600 untione
506 553 584 600 lamen
597 550 658 599 iuter
668 562 694 599 ee
707 548 845 612 differunt.)

136 623 271 688 lleepoudeo
291 622 426 681 dicendum,
439 621 500 684 qn'od
520 621 650 672 tumetum
669 621 786 670 oonrnrrit
807 621 834 671 iu
848 621 909 672 idern

106 695 235 760 subjeetum
255 709 307 745 oum
326 693 387 744 utili-
398 697 423 744 ot
440 693 583 755 deleotuhili3
598 691 613 742 l
629 691 712 756 quihuo
731 695 811 742 tamen
830 693 906 743 differt
959 752 961 755 ¹

105 767 202 820 untione.
216 767 305 818 ltloilur·
314 766 377 817 onim
391 765 476 829 aliquid
491 767 635 819 tomentum,
647 763 708 814 ment
720 763 808 814 diorum
817 769 870 827 est,
881 764 907 813 in

104 844 214 904 quonium
230 838 301 890 hahet
320 837 440 901 quemdam
462 837 568 888 deoorom
591 849 620 887 ex
639 835 783 886 ordinatione
799 835 906 886 rationis.

105 911 154 963 lloo
169 914 245 963 entem
257 910 317 974 quod
333 911 368 960 eol
378 907 502 959 seeundhm
515 907 629 958 notionem
639 905 767 956 ordinatum
773 943 782 970 ‚
792 910 832 957 eet
843 911 911 959 untu-
959 922 961 927 ·

106 983 182 1034 naliter
200 981 339 1033 conueniens
359 978 454 1030 homiui.
475 978 656 1042 Unumquodque
675 979 752 1026 autem
775 977 909 1028 naturaliter

106 1055 232 1106 delectatur
239 1052 263 1102 in
272 1064 314 1103 eno
323 1049 483 1102 convenienti:
495 1053 519 1102 et
526 1049 579 1100 ideo
586 1049 716 1099 honorium
726 1052 764 1099 est
773 1049 909 1100 manualiter

107 1123 194 1176 homini
210 1122 356 1183 delectabile,
368 1121 427 1172 siout
447 1122 476 1172 do
493 1121 626 1185 operatione
644 1119 737 1170 uirtutis
753 1120 910 1186 Philosophus

106 1196 187 1262 probat
202 1194 227 1244 in
239 1197 260 1244 1.
277 1193 361 1244 othir.
381 1192 475 1257 (cnut
489 1191 586 1255 uelli).
596 1192 648 1242 Non
659 1194 736 1241 tumen
751 1204 820 1242 omne
834 1193 910 1244 doleo-

107 1267 177 1318 tuhile
190 1270 226 1317 est
236 1267 365 1328 honestum,
378 1264 432 1327 quia
442 1267 518 1328 potest
528 1263 598 1314 etium
607 1262 692 1326 aliquid
702 1263 846 1314 muueuieus
857 1277 910 1315 esse

108 1337 231 1390 ooonndlrm
248 1349 354 1399 sensnm,
367 1341 391 1387 ot
404 1349 450 1386 nou
470 1335 595 1386 secuudum
610 1333 735 1397 rationem
750 1335 792 1384 eod
807 1336 853 1385 hoo
870 1336 910 1386 de-

107 1410 210 1462 lectabile
227 1412 262 1460 est
280 1412 363 1472 preter
379 1408 478 1461 hominis
494 1406 683 1469 tutioremque
699 1405 788 1470 polluit
802 1410 909 1457 naturum

107 1482 188 1545 ipsius.
207 1483 261 1544 lpse
278 1481 346 1530 etiam
358 1480 445 1539 uirtus,
456 1493 508 1544 qno
520 1477 646 1528 urcundum
656 1491 682 1528 ee
695 1479 793 1528 honesto
805 1483 857 1542 est,
872 1493 911 1530 ro-

108 1553 180 1604 lertur
194 1553 221 1604 nd
232 1551 292 1602 nliud
307 1552 366 1602 siout
378 1553 405 1602 nd
424 1553 507 1613 linem,
523 1549 646 1600 uuilioetad
660 1548 794 1600 ielioitntem
811 1565 818 1600 ε
834 1556 859 1601 et
872 1565 910 1604 se-

108 1623 207 1675 oundirm
225 1625 270 1674 hoo
282 1624 342 1674 idem
357 1624 459 1688 suhjooto
474 1626 511 1673 eet
523 1623 653 1671 honestum
666 1626 691 1672 et
707 1621 774 1671 utile
786 1626 811 1672 et
826 1623 910 1674 deleo-

107 1694 199 1757 ludiim
209 1695 250 1746 sed
258 1695 345 1746 ratione
353 1695 466 1746 differunt.
476 1695 534 1744 llam
544 1696 676 1743 houeotum
684 1692 768 1743 dieitur
779 1694 908 1746 oeoundirru

108 1762 169 1830 quod
190 1765 274 1830 aliquid
295 1767 363 1818 hehet
383 1767 504 1831 quemdem
523 1765 680 1816 ermilentinnu
699 1765 793 1827 dignam
821 1767 910 1818 honore

108 1842 200 1904 propter
226 1837 368 1902 spiritualem
392 1836 599 1904 pulchritudinem,
616 1835 761 1886 delectabile
783 1841 863 1889 entem
886 1838 910 1889 in

109 1913 217 1976 quantum
231 1909 320 1974 quietat
331 1909 473 1974 appetitum,
486 1908 551 1957 utile
563 1912 639 1958 autem
649 1908 675 1956 iu
685 1911 798 1970 quonium
811 1909 912 1962 refertur

109 1982 216 2036 adalind.
225 1979 654 2046 lnpluelumeuestdelectabilequlm
663 1979 909 2040 utileettooeetom,

109 2054 162 2118 quin
183 2066 249 2104 omne
264 2053 320 2104 utile
334 2054 361 2104 ol
371 2053 493 2104 honestum
506 2055 542 2103 eol
559 2051 686 2114 aliqualiter
703 2050 854 2115 delectabile,
870 2055 912 2104 eod

112 2138 160 2179 non
169 2123 366 2186 convertitur‚'ut
379 2123 461 2176 dieitur
474 2123 500 2172 in
512 2123 540 2173 ll.
555 2122 639 2172 Ethu'o.
708 2130 719 2154 r

140 2198 174 2248 ld
187 2197 286 2260 primum
303 2209 358 2259 orgo
376 2194 513 2258 dloeudunr,
526 2193 587 2258 quod
600 2194 732 2244 tumtum
748 2195 833 2246 dicitnr
847 2197 910 2259 quod

108 2272 202 2332 propter
215 2280 239 2320 so
256 2265 369 2332 appetitur
381 2265 488 2330 appetitu
500 2265 622 2326 ratioudi,
633 2267 673 2328 qui
687 2266 761 2316 tondit
771 2265 796 2315 iu
808 2265 831 2316 id
845 2268 909 2330 quod

109 2343 146 2392 eut
158 2337 299 2391 couveniens
309 2337 403 2402 mtioni;
414 2336 560 2388 delectabile
567 2341 644 2388 nutem
655 2341 749 2402 propter
757 2349 783 2388 uo
793 2338 913 2402 oppetitur

109 2411 214 2476 appetilu
227 2411 347 2462 sensitivo.

140 2485 173 2534 hd
184 2484 308 2534 seeundum
325 2481 458 2542 uiuendum,
470 2482 530 2544 quod
539 2478 627 2532 niune
635 2482 748 2531 uooontnr
760 2480 855 2533 nornine
867 2483 911 2534 ho

111 2554 207 2604 hortulis
219 2552 343 2612 seeundum
356 2550 484 2616 opinionem
498 2552 619 2602 multorum
630 2550 670 2614 qui
679 2544 771 2601 diritius
782 2549 908 2614 honorent,

109 2623 147 2672 uel
163 2623 187 2672 in
207 2628 315 2687 quantum
334 2623 465 2675 ordinantur
485 2621 590 2686 organici
611 2623 640 2672 nd
663 2626 728 2674 aotuu
745 2623 870 2688 uirtutum
883 2629 910 2675 ut

110 2691 195 2744 dietum
206 2699 240 2744 est
251 2695 312 2758 (art.
323 2699 348 2756 1,
361 2696 389 2745 od
400 2693 442 2757 Ξ).

143 2761 177 2811 hd
189 2761 281 2814 tertium
295 2765 428 2826 denudum,
442 2762 503 2827 qnod
516 2763 614 2816 intentio
627 2764 697 2814 Tullii
709 2768 732 2817 et
747 2764 861 2817 Ambrosii
870 2769 906 2816 eet

111 2832 185 2882 dicero
201 2832 259 2894 quod
275 2835 331 2884 nihil
346 2837 487 2899 potestesse
507 2834 640 2898 simpliciter
652 2839 677 2886 et
688 2835 743 2887 ueri
761 2835 831 2897 utile,
846 2836 906 2900 qnod

8 2977 10 2988 ‚
111 2905 222 2969 repugnat
234 2904 356 2972 honestati,
369 2905 422 2972 quin
431 2904 590 2974 oportetquod
597 2911 708 2974 repugnet
720 2906 801 2960 ultimo
814 2905 902 2959 nuno
