1934 3284
120 129 170 180 eat
242 137 350 178 smenon
363 137 492 188 mma,
506 137 598 184 onem.
612 137 694 189 οων,
708 137 766 176 aar.
783 141 812 178 [ι.

121 217 190 270 tedia
201 229 254 280 nne
267 214 366 265 sustinet
374 215 485 279 portando
495 215 580 277 prolem
593 218 729 280 conceptam
741 230 749 266 r
760 220 789 266 et
801 219 849 268 boc
857 218 920 282 signi·

122 289 200 339 dcatnr
209 289 260 338 cdm
276 287 372 337 dicitnr:
382 287 556 352 «Multiplimbo
567 300 682 337 erumnas
696 291 751 338 tuas
765 293 792 339 et
807 297 919 354 conceptos

119 363 180 411 teon
197 376 211 406 n
228 359 348 421 secondo,
360 363 470 423 qnantum
487 359 516 408 ad
531 359 632 408 dolorem
650 371 719 422 quem
738 361 832 424 patitur
847 362 871 411 in
883 376 919 425 pa-

120 432 199 482 riendo
216 447 222 480 :
242 435 266 482 et
281 435 392 495 qnantum
410 432 438 481 ad
460 433 505 480 boo
523 430 604 480 dicitnr
621 444 627 480 ε
644 447 657 477 r
673 432 699 480 ln
716 432 802 482 dolore
816 434 918 496 pardem

120 505 234 563 Quantum
247 503 303 554 amb
316 504 344 553 ad
358 503 506 553 domesticam
517 501 725 563 conversationem,
738 504 842 566 ponitur
849 517 920 554 secnn-
946 561 947 574 χ

120 574 174 627 diem
187 577 232 627 boc
244 575 305 640 qardd
317 575 438 639 subjicitur
448 574 596 624 dominationi
611 574 653 624 riri
659 610 668 637 ,
680 588 721 639 per
736 576 783 626 boc
794 579 859 640 qrrod
873 579 920 626 dici·
946 575 947 610 i

120 651 157 698 tor
170 663 177 697 z
192 665 207 695 c
220 647 267 698 Seb
283 647 327 697 viri
347 650 458 711 potestate
471 647 526 696 eris.
540 663 554 694 o
574 646 731 697 eiectantem
753 648 786 696 ad
808 650 920 699 mulierem

30 737 37 752 ·
120 719 220 783 pertinet
232 723 259 769 nt
267 720 375 770 subdatur
386 718 437 769 rico
447 720 472 768 in
482 719 520 768 bis
533 731 582 783 qun
596 719 624 768 ad
635 718 789 768 domesticam
802 733 921 770 conversa-

120 791 207 842 tionem
216 793 344 856 pertinent,
358 793 432 841 ilerd
446 791 522 841 virum
537 789 637 856 pertinet
651 789 712 854 qndd
727 793 864 842 necessaria
878 794 920 842 cite

120 870 243 928 procuretz
257 869 280 914 et
295 865 355 915 circa
370 865 413 914 boc
423 862 517 927 ponitur
528 862 655 926 tripliciter.
672 862 878 928 primoquidem,
892 877 922 927 per

121 940 186 987 terre
205 936 358 999 sterilitatem
373 934 424 985 cdm
442 936 547 985 dicitnr:
564 934 710 986 «Maledicta
728 939 793 986 terra
815 935 842 986 in
863 950 920 1001 opere

121 1012 170 1061 tuo.
180 1026 195 1056 n
203 1008 317 1071 Secundo¹
328 1022 370 1072 per
382 1007 625 1070 inconstantiorem,
636 1007 686 1058 sine
698 1020 744 1070 qua
755 1008 851 1060 tructos
864 1015 921 1060 terra

122 1094 168 1131 non
181 1081 291 1146 percipit:
301 1082 362 1131 unde
376 1079 458 1130 dicitnr
470 1096 476 1128 :
489 1097 503 1126 «
513 1081 537 1129 ln
552 1080 627 1130 labore
637 1080 746 1129 comedes
756 1092 787 1130 cx
800 1093 830 1131 ea
841 1083 920 1131 cunctis

121 1154 201 1204 diebos
213 1154 267 1204 rire
276 1158 332 1204 tnae.
342 1169 356 1200 n
368 1152 461 1215 Tertib,
470 1157 580 1215 qnantum
592 1152 620 1201 ad
633 1151 804 1214 impedimenta
819 1167 871 1218 qnae
882 1167 923 1216 prn-

121 1225 217 1276 ceninnt
228 1230 312 1276 terram
326 1225 452 1276 colentibus
462 1241 469 1288 3
480 1225 543 1274 rende
554 1224 637 1274 dicitnr
650 1240 656 1274 ε
668 1241 682 1271 c
691 1223 778 1288 spinas
793 1229 820 1274 et
835 1225 923 1276 tribulos

121 1298 255 1362 germinabit
268 1298 341 1348 tibi«
352 1297 458 1348 Similiter
464 1297 532 1347 ctiam
543 1310 571 1346 ex
581 1300 645 1360 parte
655 1296 739 1347 animae
750 1297 841 1362 triplex
850 1311 922 1348 eornm

120 1383 189 1434 paena
207 1369 346 1420 describitur.
366 1369 442 1420 Primo
463 1369 569 1432 quidem,
587 1372 696 1432 qnantum
715 1370 743 1418 ad
766 1371 922 1421 contusionem

120 1455 189 1504 quam
207 1441 267 1506 passi
279 1445 333 1491 suot
351 1442 379 1491 de
401 1441 523 1492 rebellione
538 1439 611 1490 carnis
630 1441 659 1490 ad
673 1439 799 1504 spiritnm3
817 1442 882 1492 unde
899 1442 925 1489 di·

121 1513 181 1562 citur
199 1513 324 1576 :riperti
336 1517 390 1563 sont
404 1513 463 1563 oculi
476 1513 608 1574 amborum,
623 1515 646 1562 et
659 1517 824 1575 cognoverunt
838 1526 863 1563 se
883 1526 924 1563 esse

120 1584 224 1634 nudos.»
234 1583 353 1646 Secundo,
364 1590 475 1648 qnantum
490 1585 518 1634 ad
532 1582 712 1648 increpationem
724 1584 831 1647 propriae
842 1586 921 1648 culpe:
945 1629 946 1650 3

120 1667 161 1720 per
172 1657 215 1707 boc
230 1657 289 1718 qood
304 1655 403 1706 dicitnr:
420 1674 433 1704 c
445 1658 506 1707 Ecce
521 1657 589 1707 ddnm
603 1657 675 1706 lactus
688 1659 723 1706 est
737 1656 808 1719 qnasi
820 1671 885 1707 nnus
901 1671 922 1706 en

121 1727 195 1778 nobb.
208 1727 322 1788 «Tertii,
333 1730 478 1792 qnantumad
491 1728 727 1778 commemorationem
737 1727 828 1779 laturae
840 1731 922 1779 mortis

121 1799 245 1852 secondom
258 1800 319 1864 qnbd
330 1800 352 1851 ei
362 1800 447 1850 dictum
459 1805 512 1850 cst:
528 1818 540 1846 c
553 1798 631 1849 l’nlvis
644 1813 669 1850 es
682 1803 706 1849 et
717 1798 742 1848 in
754 1799 880 1862 pulverem
896 1815 923 1849 re-

121 1872 224 1923 verteris.
238 1890 253 1919 n
271 1874 303 1922 dd
319 1874 378 1936 qnod
393 1872 463 1923 etiam
475 1871 574 1936 pertinet
586 1870 646 1934 qudd
660 1871 719 1921 Deus
733 1869 791 1920 iecit
805 1871 845 1923 eis
861 1889 875 1920 c
894 1877 922 1921 tn·

120 1945 184 1996 nime
196 1945 328 2011 pelliceae»
343 1944 369 1994 in
382 1943 473 2008 signnm
493 1941 738 1994 mortalitatiseomm.

152 2018 185 2067 nd
193 2017 293 2080 minium
304 2028 360 2079 crgo
371 2015 505 2077 dicendum,
518 2014 576 2078 qndd
588 2015 611 2064 in
621 2017 682 2064 statu
693 2012 837 2066 innocentiae
851 2017 923 2066 inisset

121 2093 198 2155 partos
211 2089 297 2152 abeqm
306 2089 391 2138 dolore.
400 2087 458 2136 llicit
465 2087 527 2137 enim
537 2086 675 2149 tergestinus
683 2084 709 2134 in
719 2085 782 2136 xlv,
797 2087 839 2138 De
853 2090 922 2137 cled.

121 2161 189 2210 Dei:
204 2175 218 2206 c
230 2158 293 2208 Sient
308 2159 337 2208 ad
350 2158 484 2222 pariendum
500 2170 546 2208 non
560 2155 642 2206 doloris
654 2155 769 2217 gemitus,
791 2159 835 2208 sed
852 2163 924 2209 maln-

121 2231 194 2283 ritatie
206 2231 318 2294 impulsos
332 2230 440 2280 loerninea
455 2228 542 2279 nmceca
558 2229 681 2290 edaxeret3
697 2226 730 2276 ita
746 2227 777 2277 ad
799 2227 923 2282 [mundun

119 2380 222 2426 naturam
234 2377 354 2436 nbamqne
372 2372 543 2436 conjungeret.»
559 2370 672 2436 subjectio
683 2374 761 2421 autem
781 2373 891 2424 mulieris
903 2374 923 2422 ad

120 2446 193 2496 deum
212 2444 358 2507 intelligenda
371 2447 408 2494 est
426 2443 450 2493 in
462 2457 553 2508 pcenarn
570 2442 672 2494 mulieris
684 2455 735 2493 esse
752 2441 868 2508 inducta3
885 2460 922 2495 non

120 2521 231 2581 quantem
244 2518 272 2566 ad
285 2515 400 2579 regimen,
411 2516 465 2578 qnia
475 2514 545 2565 etiam
557 2518 608 2565 ante
619 2518 737 2578 peccalum
749 2514 787 2563 air
796 2523 871 2580 capnt
882 2532 922 2567 rnn-

120 2587 183 2637 lieris
201 2587 282 2638 luisset
299 2591 323 2637 et
340 2588 392 2651 ejus
407 2589 543 2650 gubernator
560 2587 684 2649 extitissel3
704 2587 745 2636 sed
759 2593 834 2650 prout
849 2591 923 2639 mulier

120 2660 198 2705 contra
211 2657 325 2720 propriam
339 2659 477 2708 voluntatem
492 2670 553 2708 nunc
568 2670 659 2708 necesse
672 2656 743 2706 babet
756 2657 804 2708 riri
816 2658 922 2710 voluntari

120 2727 298 2790 parere.Spinas
307 2733 413 2780 autemst
424 2730 518 2779 tribulos
526 2733 583 2779 lecca
591 2728 756 2791 germinasset,
767 2729 789 2778 si
801 2731 874 2780 bomo
883 2743 920 2779 non

120 2801 249 2858 peccasset,
269 2797 294 2846 in
306 2800 381 2850 cibum
398 2802 543 2862 animalium,
561 2813 606 2850 non
620 2804 695 2850 antem
709 2800 735 2849 in
749 2801 856 2853 bominis
874 2816 918 2866 pe-

119 2877 185 2926 nam;
198 2865 251 2927 quie
264 2868 351 2920 scilicet
358 2877 450 2936 propter
460 2885 539 2922 eorum
549 2875 653 2924 exortum
664 2871 746 2926 nullus
753 2872 822 2926 labor
830 2879 872 2926 ant
883 2888 919 2938 pn·
