1934 3284
354 213 495 254 aarum.
775 204 819 254 tal

33 301 58 338 er
75 289 147 355 aliprm
160 289 244 342 timore
256 289 368 355 procedit.
382 293 433 343 lton
450 296 526 342 autem
539 293 628 356 oportet
643 289 704 356 quid
714 291 822 356 quelibet

31 362 149 425 desperatio
165 362 274 428 procedat
285 375 316 414 er
328 363 408 416 timme
421 363 537 428 quolibet,
552 365 592 414 red
602 377 631 416 ex
640 376 667 416 eo
680 364 720 428 qai
731 366 768 415 εει
778 377 821 428 ge-

30 433 86 483 neris
100 434 145 485 sui.
154 434 288 500 Desperatio
300 440 437 500 auumque
445 435 566 501 opponitur
574 435 633 500 spei,
641 435 669 486 al
679 435 738 486 aliud
747 447 819 500 geom

31 505 130 570 retertm,
137 505 224 560 εείιίεει
236 506 265 559 ad
272 520 309 559 reo
317 508 418 572 divinam
427 509 495 559 timm
506 511 582 560 autem
591 506 630 572 poi
639 508 762 572 opponitur
773 507 821 560 lor-

30 577 130 642 titudiai,
140 578 240 645 pertinet
253 579 282 632 ad
295 579 397 644 pericula
407 579 502 632 mortio:
514 580 573 632 unde
581 579 640 632 ratio
650 593 697 632 aon
710 579 820 646 aeqmtrr.

317 759 477 811 lellootos
491 759 530 812 111.
610 769 617 779 ’

194 885 281 931 Uti-iem
290 884 362 931 timer
370 886 401 931 rit
409 889 531 942 proretam
542 885 651 931 mortale

56 1011 87 1060 ld
101 1009 193 1061 tertium
208 1011 244 1062 oio
255 1013 392 1076 proceditur.
401 1010 496 1063 Videtur
509 1010 568 1076 quod
582 1009 653 1066 timor
668 1023 714 1064 non
725 1011 754 1062 rit
766 1025 821 1076 pee-

29 1086 99 1132 catum
109 1082 215 1134 mortale.
223 1083 302 1134 'limor
311 1083 372 1134 enim
378 1120 388 1148 ‚
396 1087 422 1134 ut
430 1083 499 1148 repre
508 1083 594 1134 dietum
603 1086 638 1134 εει
650 1083 688 1148 (1,
698 1087 722 1148 2,
731 1097 770 1148 qo.
781 1089 821 1150 le,

29 1160 67 1204 art.
84 1155 132 1220 l),
144 1159 181 1207 ert
194 1156 220 1208 in
239 1150 359 1220 imolili3
373 1171 425 1221 qua
444 1161 480 1208 εει
497 1169 550 1221 para
568 1155 729 1208 sensualitatis.
740 1157 786 1210 Sed
798 1157 823 1206 io

30 1225 172 1278 sensualitate
189 1230 226 1278 ost
241 1228 329 1278 lentim
341 1231 461 1293 peecatum
477 1227 581 1290 reniale,
594 1231 621 1277 ut
641 1227 708 1293 oopr'e
721 1227 822 1280 habituro

30 1304 58 1347 εει
66 1302 104 1364 (t,
112 1302 138 1361 2,
147 1313 188 1362 qu.
200 1301 293 1363 τιμή.
303 1299 340 1364 9).
353 1299 540 1363 Ergetimornoo
549 1302 709 1364 estpecoatom
717 1299 821 1350 mortale.

57 1374 79 1420 i.
91 1371 219 1434 Preterea,
233 1382 301 1420 omno
315 1374 434 1434 peccatum
445 1371 541 1422 mortale
555 1371 655 1424 totaliter
665 1382 703 1422 cor
717 1369 823 1422 avertitt

31 1439 78 1491 lieo.
90 1442 141 1492 lloe
151 1445 228 1492 autem
236 1454 284 1493 non
292 1441 347 1491 iacit
356 1441 438 1506 timor;
447 1440 502 1506 quia
511 1455 579 1507 super
587 1441 643 1493 illud
651 1441 753 1497 tedere,
763 1443 803 1494 vll
815 1459 821 1492 :

32 1513 89 1571 «Qui
98 1511 260 1564 formidolosus
269 1515 313 1573 εει,
327 1516 408 1574 ειε.,»
422 1513 477 1563 licit
490 1513 579 1576 Gloria,
591 1511 652 1578 quod
667 1512 823 1566 otimilueest

32 1585 63 1645 poi
78 1583 153 1652 primo
171 1589 265 1651 aspectu
286 1585 477 1668 aioeongressum
496 1583 612 1650 trepidat,
628 1598 674 1638 aen
688 1589 764 1635 tamen
775 1588 824 1637 toto

32 1658 88 1708 eorde
101 1659 214 1721 terretur,
227 1657 268 1708 sed
284 1657 384 1720 reparari
396 1660 421 1708 et
440 1656 537 1708 animari
549 1655 623 1708 denuo
637 1661 721 1722 potest.
735 1673 749 1706 a
764 1657 823 1722 llrgo

31 1727 87 1781 timor
99 1742 150 1782 non
164 1731 199 1781 εει
211 1733 331 1794 peecatum
346 1730 451 1781 mamare.

58 1805 79 1851 3.
98 1803 232 1862 Ριειεεεε,
249 1802 369 1865 peceatum
383 1799 477 1851 mortale
494 1813 540 1852 non
553 1799 627 1854 solim
639 1800 757 1852 retrahite
773 1811 825 1866 per-

32 1870 121 1925 lectione
131 1910 138 1937 ‚
149 1873 190 1924 sed
201 1870 271 1923 etiam
284 1870 431 1937 ipreoepto.
443 1871 488 1923 Sei
498 1871 566 1924 timor
578 1886 625 1924 non
634 1873 729 1924 retrahit
740 1871 754 1924 l
764 1886 822 1937 pro·

33 1947 102 2008 cepte,
114 1945 159 1997 sed
173 1941 247 1994 solirm
260 1941 274 1994 t
285 1942 441 2008 perfeetione3
455 1943 509 2008 quia
518 1956 585 2009 sopor
595 1943 651 1994 illul
662 1945 751 2005 Dent,
764 1944 820 1995 llll:

34 2015 108 2075 oQoia
126 2018 165 2067 εει
178 2015 248 2066 homo
260 2012 419 2066 formidolosos
436 2018 460 2066 et
472 2015 540 2067 eorde
556 2014 656 2083 pavido?
673 2019 729 2080 ete,
739 2031 754 2064 r>
769 2015 825 2068 dloit

34 2085 120 2140 Gloria:
140 2085 293 2139 ollooetmon
306 2099 375 2150 posse
388 2100 525 2151 quemquam
544 2086 709 2152 professionem
722 2091 824 2139 oontem-

34 2157 132 2218 plaliomis
142 2157 182 2210 ael
194 2155 282 2210 militie
295 2153 419 2223 spiritualia
429 2158 541 2223 arripere,
550 2158 589 2223 qui
602 2160 676 2210 adhue
684 2159 764 2211 nodari
778 2162 825 2210 ter·

35 2230 86 2351 [aelam
97 2230 182 2298 opibus
195 2227 345 2295 pertimescit.
355 2245 370 2278 o
379 2227 439 2296 Ergo
452 2228 520 2282 timor
530 2243 576 2282 noo
586 2234 621 2282 εει
631 2233 751 2296 peceatum
763 2243 824 2282 mor-

58 2315 78 2353 ε.

59 2376 100 2428 Sed
110 2379 192 2428 eontra
201 2375 252 2440 est,
264 2372 325 2440 queo
335 2387 377 2440 pro
387 2372 436 2426 solo
444 2377 538 2439 peceato
550 2373 638 2426 mortali
652 2374 745 2426 deletor
756 2383 824 2438 poema

36 2446 126 2514 triemi3
140 2461 193 2512 quae
209 2450 286 2498 morem
308 2446 403 2498 deletur
418 2446 504 2498 timidis
507 2483 517 2510 ,
530 2443 654 2498 seeundim
670 2445 725 2496 illud
738 2445 826 2510 alpem,

37 2516 93 2570 llll:
109 2518 228 2570 «Timidis
241 2521 265 2568 ει
281 2517 404 2569 incredulis
421 2521 446 2569 et
461 2517 589 2581 execratis,
608 2521 663 2581 ete,
678 2529 730 2582 pars
746 2515 788 2567 erit
800 2515 826 2566 lm

38 2592 109 2654 ettam
120 2591 184 2655 ipris
194 2594 218 2641 et
232 2590 361 2655 solplorir;
374 2589 435 2654 qood
447 2594 484 2641 est
497 2603 558 2642 mors
572 2589 679 2642 seranda.
696 2605 709 2638 o
723 2587 783 2654 Ergo
796 2588 826 2639 ti·

37 2660 117 2713 militm
125 2666 163 2713 εει
174 2665 296 2727 peeeatem
309 2662 412 2712 mortale.
433 2715 437 2722 ,

63 2734 221 2797 (cormesio.
234 2761 264 2771 -
279 2732 356 2784 Timor
367 2732 400 2784 ita
410 2732 568 2794 inordinatos,
580 2735 606 2782 ot
617 2730 698 2797 aliquis
706 2734 827 2796 propterea

38 2800 151 2857 deliberate
167 2804 284 2872 quippiam
300 2804 369 2868 velit,
384 2805 444 2870 quod
460 2808 538 2856 eontra
558 2803 690 2856 ohamtatem
704 2803 740 2856 vel
754 2804 826 2868 legem

39 2873 128 2929 divinam
141 2876 314 2943 rit‚permtrm
328 2878 422 2930 mortale
431 2877 556 2942 est3timor
566 2875 655 2930 reatin
667 2876 825 2940 mosualitate,

39 2947 116 3002 reniale
129 2953 166 3002 εει
178 2954 308 3016 porratam.
320 2948 329 3015 )
