1934 3284
103 189 150 240 ito
234 194 341 236 scomma
354 195 483 246 scemam
497 196 593 244 cumr.
606 195 659 248 cra,
676 193 732 238 aar.
749 195 767 234 a.

104 275 207 338 ustitie;
221 287 268 326 ooo
285 287 339 340 ergo
358 274 471 339 gratitudo
483 277 520 324 est
543 272 649 340 specialis
662 273 735 324 uirtus
746 272 775 324 ab
790 271 844 324 aliis
855 272 905 326 dis·

97 345 179 400 tincta.
193 389 195 396 .

133 419 156 465 a.
172 417 297 480 Praeterea,
309 419 489 482 recompensatio
502 415 623 480 requiritur
637 415 666 468 ad
678 415 803 468 amicitiam
809 429 905 468 causer·

101 488 209 548 eandam,
223 489 249 537 ut
262 490 324 551 patet
335 501 375 552 per
384 485 547 550 Philosophum
566 485 591 536 iu
609 485 658 536 lllll
670 491 693 538 et
706 487 737 536 lli
751 487 836 536 Etlsie.
858 488 905 539 Sed

104 557 202 608 amicitia
225 571 250 608 se
273 558 341 608 habet
364 558 392 608 ad
413 570 493 608 omnes
513 557 628 617 uirtutes,
648 561 742 622 propter
760 570 816 622 quas
834 560 905 610 homo

105 630 201 679 amatur.
218 629 277 692 Ergo
288 629 359 693 gratia
373 629 422 680 aive
433 627 561 692 gratitudo,
576 629 604 679 ad
621 643 690 692 quam
702 627 801 693 pertinet
813 643 905 682 reeom-

104 713 201 765 pensare
215 700 336 762 beneficia,
352 713 398 752 uon
412 703 447 750 est
463 700 568 764 specialis
581 701 662 751 uirtus.

138 772 183 822 Sed
191 776 269 824 contra
280 776 328 834 eat,
345 771 404 838 quod
418 771 506 826 lullus
514 771 581 836 ponit
592 772 706 837 pralium
720 773 842 838 specialem
852 773 906 838 jue·

105 842 163 894 titiu
175 847 270 908 partam.

140 913 418 979 (cesennam-Gratia
427 927 477 978 mus
486 912 668 966 normanum
678 912 907 979 homoeomerian,

107 988 142 1036 est
157 987 261 1051 specialis
274 986 344 1037 uirtus
358 985 372 1036 a
388 984 499 1048 religione
518 989 542 1037 et
556 985 641 1050 pietate
659 989 683 1036 et
700 987 845 1037 rosemunda
858 989 909 1040 dis·

105 1057 205 1123 dura.)

138 1131 274 1196 Respondeo
285 1130 405 1182 dicendum
413 1168 420 1192 ,
429 1129 491 1194 qudd
505 1129 563 1180 sicut
572 1129 639 1195 supra
651 1130 910 1198 dictumesthu.1⁰d,

107 1202 205 1268 arti),
221 1201 345 1254 secuudum
355 1201 456 1252 diuersas
468 1214 549 1254 cauom
561 1214 591 1252 ex
605 1201 688 1265 quibus
701 1200 786 1265 aliquid
801 1202 910 1270 delam,

107 1287 202 1326 necesse
214 1279 249 1325 est
261 1273 408 1325 diuersidcari
428 1273 498 1326 debiti
516 1273 625 1325 reddendi
641 1274 766 1336 rationem,
780 1272 813 1323 ita
831 1278 913 1329 minen

108 1343 169 1412 qudd
184 1358 275 1410 semper
292 1345 316 1396 in
329 1344 410 1410 majori
423 1345 479 1396 illud
495 1347 556 1410 quod
576 1344 651 1396 miuus
664 1348 701 1396 est
713 1345 866 1396 contineatur.
882 1350 912 1398 ln

108 1417 155 1468 ileo
168 1419 244 1466 autem
259 1417 333 1482 ριίωὸ
346 1421 369 1468 et
385 1415 539 1482 principaliter
548 1416 662 1469 inuenitur
671 1428 739 1471 eausa
752 1415 832 1477 debiti,
842 1417 869 1468 iu
879 1431 912 1471 eo

108 1486 168 1552 qudd
179 1489 271 1552 ipseest
280 1489 377 1552 primum
389 1487 528 1553 principium
540 1487 642 1540 omnium
648 1486 759 1543 nouorum
767 1491 912 1555 umtrorum3

109 1559 240 1612 secundario
254 1562 329 1612 autem
342 1560 365 1612 in
377 1562 455 1626 patre,
465 1559 519 1624 quia
529 1563 564 1610 eat
576 1557 703 1624 proxinuu
714 1561 801 1611 umere
812 1571 914 1622 genera-

108 1627 178 1680 tionis
196 1632 219 1680 ei
231 1630 355 1696 disciplina
370 1631 525 1698 principium,
542 1629 609 1684 auid
621 1633 698 1683 autem
712 1629 736 1679 in
749 1642 847 1694 pereum
858 1644 914 1693 snm

110 1698 220 1763 dignitate
240 1701 360 1766 precellit,
382 1715 410 1753 ex
431 1715 475 1766 qua
495 1701 623 1752 eommunia
641 1700 750 1752 beneficia
765 1701 911 1767 pmcedunt;

110 1769 190 1833 quam
203 1775 279 1822 autem
293 1771 317 1822 iu
328 1772 404 1836 aliquo
420 1772 574 1834 leuelacture,
586 1771 610 1825 in
620 1784 666 1835 quo
675 1771 751 1835 aliqua
763 1770 914 1834 anicularia

110 1843 134 1891 et
146 1841 235 1905 priuata
251 1843 362 1894 beneficia
375 1841 532 1907 percepimus,
546 1855 587 1907 pro
606 1842 690 1906 quibus
708 1841 873 1906 particulariter
889 1845 915 1895 ei

112 1911 244 1975 obligamur.
254 1914 310 1974 Quia
320 1927 374 1978 ergo
387 1928 433 1966 uon
445 1914 551 1978 quiequid
560 1914 667 1966 debemus
678 1915 733 1976 ileo,
742 1913 779 1964 uel
788 1913 860 1978 patri,
873 1917 914 1966 uel

113 1996 217 2048 perseus
231 1985 339 2050 dignitate
353 1985 505 2050 praecellenti,
520 1985 627 2035 debemus
645 1983 713 2034 alicui
732 1985 914 2049 lreuelactorum,

111 2055 183 2119 aquo
192 2057 282 2122 aliquod
297 2057 430 2122 particulare
444 2056 580 2108 beneficium
595 2055 730 2120 recepimus,
743 2055 797 2106 iude
806 2055 914 2121 estqudd

111 2131 164 2192 post
177 2127 343 2194 religionem,
363 2141 408 2192 qua
419 2129 523 2183 debitum
536 2128 623 2179 cultum
640 2128 689 2178 lieo
708 2126 869 2192 impendimus,
887 2134 916 2181 et

110 2200 245 2263 pietatem,
261 2213 305 2266 qua
318 2200 413 2250 colimus
426 2203 544 2264 parentes,
560 2201 584 2250 et
596 2198 794 2253 odseauaatr'um.
812 2212 859 2262 qua
871 2213 914 2252 oo·

112 2267 180 2324 limum
193 2283 300 2337 personas
314 2271 423 2335 dignitate
439 2271 610 2335 precedentes,
624 2273 660 2322 ast
670 2270 761 2335 gratia
781 2270 831 2320 siue
851 2287 915 2335 prn-

114 2341 211 2399 liludo,
229 2357 279 2407 que
299 2342 480 2394 beuelactnribus
497 2343 593 2406 gratiam
605 2345 774 2405 recompensam
787 2343 814 2391 et
830 2342 916 2394 distin·

112 2411 188 2474 guitur
205 2412 219 2463 a
235 2413 358 2477 praemissis
380 2413 516 2476 autaldus,
539 2413 598 2464 siem
620 2413 736 2476 domitet
761 2414 914 2477 maeniorum

113 2481 282 2546 distinguitura
294 2484 374 2550 priori,
386 2485 452 2549 quasi
465 2483 494 2535 ah
507 2498 535 2536 eo
547 2485 664 2536 defimeuo.

145 2554 178 2603 ad
196 2553 293 2618 primum
309 2568 363 2620 ergo
372 2557 508 2618 dicendum,
522 2557 585 2621 qudd
596 2556 655 2608 sicut
667 2555 746 2619 religio
759 2559 795 2607 est
807 2557 913 2620 quedm

114 2625 294 2688 superexcellens
313 2627 401 2692 pietas,
416 2627 447 2680 ila
464 2632 502 2679 est
524 2629 626 2692 medam
644 2628 757 2679 excellens
774 2627 848 2690 gratia
865 2627 916 2682 siue

113 2694 225 2757 gratitudo
235 2711 242 2758 3
257 2696 317 2748 unde
334 2702 359 2749 et
371 2699 495 2764 gratiarum
510 2700 570 2750 actio
579 2699 608 2749 ad
620 2699 707 2762 Mum,
716 2698 783 2762 supra
794 2699 916 2762 posimsst

112 2763 172 2815 inter
184 2779 212 2815 ea
223 2779 273 2830 que
288 2768 315 2819 ad
326 2769 458 2834 religionem
472 2769 596 2834 pertinent.

148 2836 181 2886 Ad
205 2839 328 2890 secuudum
352 2841 489 2904 dicandum,
510 2839 572 2905 qudd
595 2840 715 2893 retributio
738 2839 915 2906 proportionalis

112 2907 212 2974 pertinet
226 2905 373 2976 adjustitiam
385 2911 568 2965 cummutatisam
577 2948 584 2975 ,
593 2910 684 2980 quando
696 2911 821 2965 attenditur
833 2927 916 2971 seeum
