1934 3284
118 147 165 196 att
241 155 348 196 mourut
359 155 489 210 ssusunn,
502 154 599 204 punsr.
612 155 675 208 uun,
688 156 796 196 tunm.

119 247 170 300 quo
180 236 206 284 ut
216 232 242 284 iu
255 232 359 296 pluribus
373 235 484 286 adridunt.
498 235 546 286 iloo
561 237 637 285 autem
656 245 731 284 rtrum
745 237 797 284 erat
810 234 871 299 apud
882 247 921 285 au·
946 274 951 282 .

119 307 196 370 liquos
209 310 235 355 ut
252 305 335 369 uliquis
348 320 424 358 amors
441 306 546 358 ueritatis
563 306 743 370 mummptaude
753 307 793 356 ab
806 307 869 357 omni
885 308 924 358 de

119 377 241 428 luctatione
249 390 349 429 reuersa
359 379 483 430 abstineret
490 379 566 442 ,quud
575 379 639 428 solus
652 377 719 428 Plato
732 377 819 441 legitur
832 379 923 430 iecisse.

121 452 183 501 Unde
195 463 243 500 non
252 450 387 500 sacrificauit
394 451 460 514 quasi
471 453 514 502 troc
525 453 643 515 peecatum
653 453 785 513 reputaret,
796 452 839 502 sed
850 468 866 500 u
873 466 925 516 per-

120 537 187 576 versu
197 525 300 590 opinioni
314 525 398 576 uirium
412 525 513 591 redeus3
528 543 543 574 u
557 528 584 576 ut
597 524 682 576 ibidem
701 525 847 589 Augustinus
860 527 926 579 dicit.

405 705 564 758 ARTICULUS
581 704 622 755 111.

338 829 423 875 Utn'am
439 830 607 887 sirpinitostit
618 829 705 874 virtut.

155 957 188 1006 ld
200 956 293 1007 tortium
307 955 340 1006 siu
355 955 493 1021 proceditur.
510 957 604 1006 Videtur
620 955 679 1020 qudd
696 954 821 1020 virginitas
839 957 930 1008 nonsit

123 1026 204 1078 rirlns.
215 1027 279 1078 Nulla
290 1028 351 1078 enirn
369 1028 442 1078 uirtus
455 1029 516 1078 inest
529 1027 617 1079 uoblsi
628 1034 707 1077 natura
712 1064 721 1090 ,
732 1030 758 1077 ut
770 1027 930 1094 Philosophus

123 1099 179 1150 dicit
190 1100 214 1150 in
227 1101 255 1151 ll.
272 1102 353 1150 little.
371 1105 439 1163 (cap.
455 1101 465 1147 t
481 1101 501 1164 ).
512 1100 556 1150 Sed
567 1099 687 1162 rtrqtuttas
704 1097 772 1149 nobis
784 1098 853 1150 inest
866 1099 881 1150 l
894 1113 932 1149 na·

123 1175 173 1222 tura
188 1189 194 1222 :
211 1173 304 1236 quilibet
314 1172 377 1222 enirn
392 1184 445 1222 mus
462 1171 604 1235 natusrirgo
616 1175 661 1222 est.
671 1169 870 1234 lirgorirgiuitas
887 1185 933 1223 nun

124 1247 160 1294 est
175 1243 255 1294 uirtus.

155 1321 179 1366 2.
194 1319 315 1376 Preterea,
325 1315 460 1379 quicumque
470 1315 540 1365 habet
551 1327 620 1364 uuam
630 1312 747 1375 uirtutem,
756 1313 831 1365 habet
842 1329 933 1380 omues,

125 1387 336 1450 utsuprllmltitum
345 1391 380 1438 est
392 1388 426 1450 (t,
438 1389 462 1450 t,
477 1399 517 1450 qu.
533 1389 573 1449 ott,
586 1389 629 1435 art.
645 1387 686 1447 t).
696 1385 742 1436 Sed
758 1385 831 1450 aliqui
845 1388 933 1438 habeut

124 1459 179 1509 ullas
192 1459 348 1522 uirtuteu,qul
362 1471 406 1509 non
418 1459 502 1508 natent
514 1456 682 1521 virginitatem
697 1456 799 1520 alioquin
817 1457 876 1508 clun
889 1460 934 1509 sine

124 1530 206 1579 uirtute
221 1529 296 1579 nullus
307 1531 335 1580 ad
349 1541 443 1592 reguum
455 1529 564 1579 ooelurnm
579 1529 710 1592 perueniat,
728 1529 808 1579 nullus
819 1529 877 1581 sine
891 1532 935 1580 uir·

125 1601 218 1664 qiuitate
239 1602 267 1651 ad
281 1601 355 1665 ipsum
369 1607 446 1664 posset
458 1600 595 1664 peruenire3
606 1599 666 1662 quod
682 1603 745 1650 esset
758 1601 934 1653 matrimonium

125 1673 231 1722 damnare
245 1688 250 1721 :
262 1685 316 1735 erqo
328 1671 447 1736 uirginitas
458 1684 503 1722 uon
517 1675 552 1721 est
565 1671 646 1721 uirtus.

159 1749 181 1795 ³.
196 1745 318 1808 Preterea,
331 1744 405 1794 omnis
418 1747 493 1794 uirtus
502 1743 630 1794 restituitur
642 1755 684 1808 per
693 1743 862 1807 poenitentiam
879 1763 886 1797 z
899 1745 934 1797 sed

126 1817 246 1880 virginitas
261 1829 305 1866 nun
319 1820 435 1880 reparetur
451 1829 493 1878 per
511 1814 679 1878 penitentiam.
697 1816 762 1866 Unde
778 1816 935 1883 Hieronymus

127 1888 183 1938 dicit
199 1892 229 1951 (ll
247 1902 279 1937 :u
293 1887 351 1937 Cium
369 1890 449 1937 uetera
467 1887 528 1935 Deus
546 1887 635 1951 posuit,
651 1898 698 1935 non
720 1890 801 1948 potest
820 1887 935 1952 virginem

127 1965 180 2025 post
193 1959 281 2009 ruinam
294 1971 407 2023 reparare.
421 1974 436 2006 u
452 1959 512 2022 Ergo
527 1958 616 2008 ridetur
629 1955 689 2022 qudd
700 1956 823 2021 virginitas
840 1973 894 2011 non
912 1960 936 2010 sil

127 2033 208 2083 virtut.

161 2109 184 2154 t.
200 2105 326 2164 Proteum,
343 2102 404 2152 nulla
416 2101 490 2152 uirtus
502 2103 605 2167 perditur
617 2101 666 2152 sine
683 2104 787 2165 peceato.
802 2102 855 2155 Sed
871 2105 937 2167 uirgi-

128 2177 186 2226 nitas
205 2173 306 2240 perditur
319 2174 368 2224 ulne
381 2179 491 2237 pecual03
508 2173 594 2226 sedicet
613 2187 655 2238 per
673 2173 859 2229 matrimonium.
882 2179 937 2239 Ergo

128 2247 248 2312 virginitas
258 2259 305 2297 nou
318 2251 352 2296 est
366 2247 447 2296 uirtus.

161 2325 184 2370 u.
206 2321 331 2382 Proteus,
346 2318 464 2380 uirginitas
481 2316 635 2368 eondiriditur
650 2315 756 2367 viduitati
776 2320 802 2370 et
820 2321 938 2386 pudicitie

127 2392 249 2456 nonjuquli.
260 2391 304 2442 Sed
320 2394 425 2441 nentrum
439 2389 528 2441 illorum
541 2389 632 2453 ponitur
643 2388 724 2439 uirtus.
737 2391 801 2455 Ergo
814 2392 939 2458 virginitas

128 2477 175 2514 uon
190 2468 225 2514 est
238 2463 319 2512 uirtus.

160 2536 204 2586 Sed
217 2539 295 2586 eontra
308 2538 357 2595 ast,
372 2533 432 2597 quod
451 2533 583 2584 tmurustm
596 2531 652 2584 dicit
666 2533 692 2582 iu
706 2532 749 2583 lib.
766 2535 807 2585 De
823 2538 942 2604 uir-pini·

162 2640 195 2704 (l)
210 2644 262 2688 Siue
278 2642 347 2700 pould
362 2643 427 2689 alitor
439 2647 463 2688 et
478 2640 587 2699 pleuir'us:
602 2640 728 2687 Audenter
743 2643 841 2702 loquor·
856 2667 865 2694 .-
883 2649 941 2694 Cium

130 2706 213 2748 omnio
226 2707 300 2761 posuit
310 2707 388 2753 Deos.
401 2705 519 2750 suscitare
529 2703 653 2761 uirqt'rtem
666 2717 718 2749 ooo
725 2712 805 2764 potest
818 2717 879 2768 pust
889 2713 941 2756 rui·

130 2767 237 2813 oammd
251 2767 305 2810 illud
319 2765 389 2814 Amor
404 2767 543 2812 alludendo:
559 2765 632 2824 Virqo
645 2767 725 2812 lsrael
739 2772 884 2823 ceeidr'tmt
894 2785 942 2818 ooo

131 2831 164 2871 ort
178 2826 222 2882 qua·
235 2830 332 2874 maritet
351 2840 416 2878 eam,
432 2834 459 2873 nt
471 2831 546 2884 nptrt.
562 2829 625 2874 xxm
639 2835 663 2874 et
681 2841 734 2887 cap.
755 2833 874 2881 2uidero
891 2842 941 2892 est,

132 2899 202 2944 quam
214 2888 243 2932 du
257 2891 362 2936 oustudta
375 2891 512 2948 uirginitatis
524 2890 554 2937 ad
567 2891 720 2938 ttmtouulnur
730 2895 827 2942 terihit.
