1934 3284
331 194 363 235 ut
377 192 584 235 neeman.
811 181 857 233 889

57 274 178 337 operatum
193 270 237 323 alio
251 270 359 323 modoad
373 273 449 323 actum
459 270 591 335 proprium,
605 269 646 335 qui
656 269 764 323 mouistit
775 270 800 321 in
816 270 857 321 rie·

55 342 104 395 bito
119 357 165 393 usu
182 342 235 392 talis
252 342 360 393 metam.
374 342 403 393 Et
418 342 472 407 quia
485 343 578 393 habitus
597 342 688 392 rumis
700 340 857 407 principaliter

56 427 86 465 ex
101 419 157 465 actu
170 414 340 475 determinatur,
354 427 383 465 ex
398 414 441 465 hoc
455 412 607 478 principaliter
617 412 698 463 dicitur
711 412 792 477 aiens
804 428 858 463 ma·

56 488 212 549 ynuoimus,
222 485 275 549 quia
288 485 358 536 habet
373 484 473 535 animum
488 486 521 535 ad
534 484 631 548 aliquem
650 498 756 549 magnum
772 488 856 536 actum.

56 558 147 621 Aliquis
157 560 233 608 autem
252 561 315 607 actus
323 561 398 621 potest
409 556 453 607 dici
465 556 584 620 dupliciter
595 569 691 620 magnus
705 569 767 609 :uno
780 557 857 619 modo,

56 626 185 680 secennio
204 629 391 693 proportionem3
408 628 453 679 alio
471 628 552 687 molo.
567 626 680 678 absolute.
695 628 789 692 Magum
807 627 859 693 qni-

56 702 111 752 dem
124 704 201 764 potest
214 700 257 750 dici
270 704 334 750 actus
348 698 471 751 secundum
481 699 661 764 proportionem,
674 699 742 750 etiam
752 698 792 764 qui
804 712 859 749 con·

56 772 119 823 sistit
132 772 157 821 in
175 785 218 821 usu
230 770 325 836 alicujus
341 772 374 822 rei
388 784 478 836 parve,
495 771 533 821 vel
544 770 675 834 mediocris3
686 770 769 835 putasi
776 770 858 835 niquis

54 842 96 893 iila
105 856 130 893 re
140 841 225 907 optime
236 846 319 894 utatur.
330 844 373 893 Sed
384 842 518 911 simpliciter
531 845 556 892 et
571 840 673 893 absoluti
685 856 780 906 magnus
793 845 859 893 actus

56 920 109 977 est,
119 915 160 979 qui
175 914 279 965 consistit
291 914 315 964 in
329 914 414 980 optimo
430 914 518 965 usurei
530 913 703 965 marinensi
720 918 796 965 autem
807 928 858 978 quae

54 988 82 1038 iu
97 1000 166 1037 nsum
175 986 275 1037 hominis
284 986 450 1051 ueniunt,sunt
462 1001 501 1037 res
517 986 654 1050 exteriores3
666 986 726 1036 inter
736 998 793 1049 quas
804 984 859 1036 sim-

56 1058 150 1123 pliciter
164 1057 287 1108 maximnm
301 1062 337 1109 est
354 1058 445 1119 honor;
459 1062 510 1109 tum
523 1058 576 1122 unia
594 1057 810 1123 propinquissimum
824 1061 860 1108 est

57 1128 156 1193 rituti,
163 1133 190 1179 ut
199 1133 252 1194 pote
262 1129 391 1180 testificatio
400 1131 503 1194 quedam
514 1130 616 1181 existens
624 1130 652 1181 de
659 1129 743 1180 rimie
753 1129 859 1193 alicujus,

57 1206 85 1251 ut
98 1200 280 1265 suprlhabitum
293 1205 517 1265 estiqu.l18,art.
534 1204 545 1250 l
563 1206 586 1253 et
600 1201 640 1267 2);
656 1205 704 1252 tum
723 1201 792 1252 etiam
806 1199 859 1263 quia

57 1274 106 1323 lieo
126 1278 150 1323 et
164 1272 255 1337 optimis
276 1272 410 1337 exhibetnr3
425 1276 474 1323 turo
489 1272 555 1324 mam
574 1273 628 1337 quia
647 1272 752 1323 homines
768 1274 860 1336 propter

57 1347 170 1395 honorem
179 1346 371 1410 consequendum,
382 1347 407 1395 nt
415 1349 438 1395 et
446 1346 586 1409 vituperium
594 1346 722 1408 uitandum,
732 1344 775 1395 alia
785 1342 861 1395 omnia

56 1419 209 1485 postponunt.
220 1418 256 1468 Sic
265 1416 340 1467 autem
351 1417 433 1468 dicitur
442 1417 525 1481 aliquis
536 1419 718 1482 mopoeoimns
726 1430 754 1468 en
762 1417 799 1467 iris
807 1428 858 1481 que

58 1492 114 1539 suni
131 1500 212 1549 magna
222 1487 324 1547 absolute
338 1492 361 1539 et
371 1488 518 1555 simpliciter,
531 1489 589 1540 siout
599 1488 769 1553 dicituraliqnis
782 1488 860 1552 fortis

58 1573 89 1610 er
102 1560 141 1609 luis
154 1573 204 1623 qua
222 1562 275 1610 sunt
288 1558 389 1611 difficilia
404 1560 544 1627 simpliciter.
560 1562 590 1612 lit
601 1560 653 1613 ideo
667 1572 809 1626 consequens
825 1563 860 1611 esi

55 1630 119 1695 qnod
135 1631 309 1695 magnanimitas
322 1632 429 1683 consistit
442 1632 502 1683 circa
518 1634 626 1683 honores.

90 1703 126 1753 ld
139 1703 236 1767 primum
248 1715 301 1767 ergo
310 1704 439 1765 dioendum,
451 1704 512 1768 quod
525 1705 611 1755 honum
625 1706 662 1756 rel
675 1705 776 1766 malum,
791 1702 859 1754 also-

56 1774 107 1827 lute
122 1775 214 1837 quidem
225 1776 377 1838 considerata,
387 1774 505 1840 pertinent
518 1776 547 1825 ad
560 1776 771 1840 concupiscibilem
788 1773 861 1827 sedin

57 1851 170 1912 quantnm
183 1847 271 1897 additur
283 1844 338 1897 ratio
352 1846 428 1909 ardui,
447 1846 481 1897 sic
498 1847 613 1911 pertinent
627 1848 656 1897 ad
671 1846 815 1897 irascibilem.
832 1844 861 1895 nt

58 1918 104 1969 hoc
114 1918 181 1969 modo
196 1918 305 1969 honorem
319 1918 412 1982 respicit
420 1916 643 1982 magnanimitas,in
655 1922 764 1983 mantum
776 1916 863 1969 scilicet

58 1990 134 2044 honor
145 1990 213 2042 hauet
226 1988 336 2041 rationem
348 1988 426 2054 magni
435 1990 472 2041 uel
482 1989 557 2039 ardui.

91 2064 127 2115 ald
141 2063 267 2113 secuudum
285 2060 418 2123 dicendum,
437 2059 497 2125 quid
518 2062 603 2123 honor,
620 2061 664 2112 etsi
680 2075 727 2112 nou
741 2060 771 2112 sit
785 2053 871 2128 passio

57 2134 96 2186 uel
109 2133 225 2200 operatio,
240 2136 275 2184 est
291 2136 369 2183 tamen
383 2132 482 2196 alicujus
496 2132 612 2197 passionis
632 2132 760 2197 objectum,
773 2132 863 2183 scilcet

59 2205 126 2271 spei,
137 2218 188 2269 qna
200 2204 274 2255 tendit
286 2204 311 2254 in
324 2205 410 2255 bonurn
423 2204 517 2254 arduum
531 2219 538 2253 ε
551 2207 574 2254 et
582 2203 634 2255 ideo
643 2203 819 2266 magnanimitas
828 2205 864 2254 est

60 2278 155 2343 onmem
167 2276 296 2328 immediate
310 2277 370 2327 circa
384 2276 513 2341 passionem
527 2276 589 2341 spei3
605 2276 702 2327 mediate
716 2280 791 2325 autem
804 2275 864 2327 circa

61 2350 190 2411 honorem,
213 2348 272 2399 sicut
285 2348 344 2399 circa
360 2348 473 2413 obiectum
491 2348 556 2413 spei3
570 2348 627 2398 sicut
645 2351 668 2398 et
686 2348 714 2399 de
732 2346 863 2399 fortitudine

59 2434 131 2485 snpra
145 2418 229 2470 dictum
243 2422 295 2484 est,
307 2418 369 2483 quii
383 2424 418 2471 est
428 2420 490 2470 circa
499 2419 601 2485 pericula
610 2418 703 2484 mortis,
718 2418 863 2484 inquantum

59 2496 117 2545 sunt
132 2492 248 2557 objectum
258 2492 343 2544 timoris
355 2497 378 2545 ct
392 2491 502 2543 audacia.

32 2610 44 2638 a
95 2566 130 2616 lo
142 2564 234 2615 tertium
247 2564 375 2628 dicendum,
385 2564 446 2630 quod
457 2564 491 2614 illi
502 2564 543 2629 qui
554 2565 809 2616 contemnunthonores
818 2564 864 2615 hoc

61 2636 206 2701 modoquest
223 2649 264 2701 pro
279 2637 317 2687 his
335 2635 487 2703 adipiscendis
505 2636 563 2687 nihil
579 2634 742 2687 inconvenieus
760 2634 861 2695 iaciunt,

63 2722 108 2762 neo.
125 2721 165 2759 eos
180 2708 248 2759 nimis
267 2708 434 2773 appretiantur,
449 2708 573 2759 laudabiles
588 2711 650 2758 sunt.
670 2706 696 2756 Si
713 2707 765 2771 quis
786 2711 864 2759 autem

61 2784 109 2833 hoe
121 2780 189 2831 morio
202 2784 359 2832 mutemneret
371 2782 486 2841 honores,
498 2777 559 2845 quoi
577 2792 623 2831 nou
639 2778 727 2831 cumret
744 2779 819 2831 lacere
837 2792 865 2830 ea

62 2866 117 2921 que
135 2856 190 2903 'sunt
203 2852 271 2915 digna
283 2854 386 2915 nonme,
400 2853 444 2903 troc
456 2850 606 2916 vituperabile
619 2855 690 2903 esset.
699 2851 730 2901 nt
740 2852 786 2903 hoc
797 2850 864 2903 molo

63 2921 241 2989 mapmnimitas
253 2922 864 2990 eimmummes‚utvioetcausuoaateaareea
