1934 3284
82 124 129 174 tlt
197 133 305 174 sucum
320 129 450 184 mouns,
461 133 554 180 oum.
567 131 659 184 mun,
672 132 731 172 uns.
744 135 763 172 1.
782 105 786 113 ’

113 211 249 276 ermenteo
259 208 392 274 dicendum,
402 207 465 274 quod
473 209 534 260 sicut
542 208 704 274 meridiatum
712 212 749 261 est
757 209 803 274 (ll,
811 211 886 264 virtus

82 283 174 336 moralis
185 284 305 332 conservat
315 281 401 332 bonum
414 280 510 332 rationis
523 285 603 332 centn
618 281 720 346 impetus
732 282 886 347 predonum

82 359 107 408 et
125 355 176 405 ideo
194 351 233 402 ubi
246 351 361 404 inuenitur
376 351 482 416 succisis
501 351 576 416 ratio,
593 366 639 417 qua
652 352 732 417 passio
743 354 885 405 msuauitl

82 428 142 478 bono
155 424 262 488 radonis,
277 424 310 475 iol
324 437 418 477 necesse
427 428 463 476 est
473 438 525 476 esso
538 425 660 490 specialem
673 425 794 477 virtutem.
804 427 888 478 ltelac-

82 497 180 550 taticnes
189 499 264 548 autem
277 497 379 548 ciborum
393 499 453 548 uate
467 499 521 548 suut
531 496 661 548 abstrahere
671 496 791 548 hominem
800 498 815 549 l
823 499 886 551 bono

83 567 191 631 nationis,
201 570 251 618 tum
263 571 355 632 pmpter
364 580 442 618 carum
450 565 643 630 magnitudinem,
651 571 699 617 tum
709 566 778 618 etiam
791 573 887 633 propter

83 639 243 692 necesitateu
256 639 356 690 ciborum
369 638 452 704 quihus
469 639 538 690 homo
552 638 639 701 indiget
651 638 680 689 ad
694 639 749 690 situ
762 653 888 692 conma-

84 712 185 775 lionem‚
203 723 271 775 quam
286 709 385 762 maxime
405 711 475 762 homo
495 709 615 762 desiderat.
629 709 659 760 Et
675 710 729 762 idco
745 711 889 765 abstinentia

85 787 121 836 est
130 782 235 847 specialis
246 781 329 834 virtus.

117 857 151 906 ld
163 855 262 921 primum
278 867 331 918 ergo
342 853 477 912 dicendum,
488 852 550 918 qnid
561 852 657 905 uirtutes
669 857 760 919 onom
772 869 825 906 esee
833 869 890 907 cun·

87 941 173 990 noxas,
189 930 214 978 ut
232 925 301 991 cupri
312 926 397 978 dictum
415 929 451 978 est
468 925 508 988 (l,
521 931 602 990 2‚qu.
618 931 648 976 dt
658 967 665 991 ,
677 930 720 978 art.
733 931 748 977 l
759 927 780 991 ).
793 928 824 978 Ει
833 928 890 979 ideo

87 1010 132 1050 una
146 999 219 1050 uirtus
230 997 350 1061 adjuvatur
359 1001 382 1048 et
395 998 566 1048 commendatur
574 1009 605 1047 er
615 997 675 1061 alia,
690 998 750 1048 deut
760 999 852 1062 justitia
860 1012 891 1050 cx

88 1071 227 1122 tortitudine.
237 1071 265 1120 llt
279 1082 320 1135 per
334 1070 395 1119 hunc
404 1067 473 1118 eliam
484 1069 576 1120 modum
586 1068 660 1120 uirtus
670 1068 815 1122 muncrum
825 1083 892 1122 ccm-

87 1143 205 1194 mandatur
219 1153 248 1192 en
265 1141 315 1192 aliis
328 1138 457 1192 uirtutibus.

118 1215 152 1265 dd
170 1213 293 1264 secundum
304 1212 432 1274 dicendum,
445 1210 505 1275 qudd
515 1225 557 1276 per
570 1211 728 1264 abstinentiam
739 1225 824 1277 corpus
837 1225 892 1264 cas-

88 1286 173 1351 tigatur
185 1298 231 1336 non
247 1283 320 1335 solium
334 1291 412 1334 contra
423 1283 541 1335 illecebras
552 1283 661 1348 luxurie,
676 1283 798 1335 sedetiam
808 1289 891 1336 uontm

87 1357 205 1409 illecebras
217 1356 283 1421 gulae3
294 1355 347 1420 quia
361 1355 415 1407 dum
428 1355 611 1420 homocidium,
621 1355 694 1419 magis
709 1356 812 1407 redditur
825 1356 893 1407 fortis
956 1330 958 1409 l

89 1431 117 1480 nd
133 1428 317 1494 impugnationes
332 1429 391 1492 gule
405 1428 600 1493 ducendamque
611 1427 674 1478 tanto
686 1428 791 1480 tortiones
815 1433 891 1492 sunt,
957 1426 959 1489 l

88 1500 173 1565 mrantd
193 1501 265 1564 magis
283 1503 352 1552 homo
367 1500 401 1551 eis
417 1500 483 1554 cedit.
498 1500 528 1550 Et
540 1505 618 1551 tamen
631 1513 678 1550 non
697 1499 829 1565 omittetur
848 1515 891 1565 per
958 1520 960 1575 ι

89 1571 133 1622 hoc
145 1571 305 1622 abstinentiam
320 1585 371 1622 esse
388 1569 510 1636 succlalem
520 1572 629 1623 virtulem
643 1570 705 1636 quid
716 1572 745 1623 ad
761 1572 892 1624 castitatem
959 1616 961 1625 ι

90 1644 160 1706 valet,
173 1643 225 1706 quia
241 1656 286 1694 una
298 1640 368 1694 virtus
382 1645 410 1694 ad
424 1643 492 1694 aliam
508 1643 583 1708 juset.
959 1640 960 1645 ’

121 1715 154 1766 td
165 1714 255 1764 tertium
269 1713 402 1776 dicendum,
419 1714 479 1778 quod
495 1728 551 1765 usus
564 1714 751 1767 vestimentorum
764 1718 802 1767 est
814 1715 893 1767 intro-

90 1786 172 1838 ductus
188 1787 217 1838 ali
230 1789 294 1852 arte;
306 1801 360 1838 usus
371 1790 447 1838 autem
461 1786 563 1838 cibomm
575 1784 589 1836 i
601 1791 691 1838 natura.
704 1788 733 1838 lit
751 1787 804 1844 ideo
817 1789 893 1852 nugis

90 1857 158 1908 debet
170 1870 221 1908 essa
234 1857 305 1909 virtus
317 1857 423 1924 specialis
434 1857 494 1908 circa
505 1857 684 1912 moderationem
694 1859 809 1921 ciborum,
818 1859 892 1924 quim

89 1929 149 1982 circa
160 1930 337 1983 moderationem
350 1929 548 1982 vestimentorum.

326 2252 494 2325 tdllsdlo
511 2252 658 2320 dxlvii.

237 2391 272 2437 Dc
281 2389 400 2450 delusio,
413 2389 443 2435 iu
456 2393 508 2436 usto
521 2392 640 2438 urtiestos
653 2391 742 2438 dictes.

120 2535 206 2588 Deinde
220 2536 408 2588 considerandum
421 2535 457 2586 est
473 2535 501 2585 de
513 2536 610 2601 jejunio.

122 2607 151 2657 llt
161 2607 219 2658 circa
232 2609 277 2658 hoc
288 2609 419 2671 quaeruntur
429 2608 481 2656 octo
496 2621 503 2655 :
518 2610 545 2656 1·
558 2607 636 2659 Utrdm
650 2609 765 2677 jejunium
782 2609 813 2660 sit
827 2613 892 2661 actus

89 2677 191 2727 virtutis.
206 2681 234 2724 ιο
245 2679 315 2742 Cujus
327 2678 418 2728 uirtutis
429 2676 459 2727 sit
472 2680 546 2728 actus.
564 2684 591 2728 3ο
604 2680 682 2731 Utrdm
697 2682 761 2731 cadat
774 2682 816 2731 sub
831 2696 891 2746 pre·

90 2749 165 2810 cepto.
179 2749 204 2794 ιο
214 2747 292 2798 lllrdm
303 2749 372 2813 aliqui
389 2753 525 2798 excusentur
538 2749 566 2800 ab
582 2751 740 2803 obseruatione
751 2753 821 2818 liujus
831 2766 891 2817 prce·

125 2849 155 2913 (1)
170 2855 227 2899 Tum
238 2866 278 2912 qu.
291 2856 345 2917 136,
356 2861 400 2903 snt.
413 2856 436 2918 l,
447 2856 500 2904 crim
510 2861 635 2916 motatum
644 2863 827 2922 recordantium
839 2875 892 2912 cecc

22 2925 24 3004 ι
