1934 3284
333 239 364 278 nr
379 239 532 278 connumera.
782 225 829 276 211

31 315 145 368 interiores
164 325 206 379 per
226 326 290 365 suan
310 315 465 380 uoluntatem,
479 329 509 365 ex
526 315 551 366 ri
564 315 705 368 auctoritatis
721 316 831 368 diriuitus

30 389 144 439 ordinatae.
160 387 250 437 Movere
265 390 342 436 autern
355 401 396 450 per
407 388 519 438 rationem
528 391 556 439 ¹et
564 389 715 453 uoluntatem,
724 393 760 440 est
773 402 831 454 prae·

29 463 118 525 cipere:
134 461 158 508 et
167 457 220 508 ideo
233 458 293 508 sicut
304 472 333 509 ex
343 459 392 523 ipso
402 459 481 510 ordine
496 460 592 510 uaturdi
602 459 713 512 diuinitus
726 461 833 511 instituto

29 527 132 583 interiora
145 530 171 582 in
190 529 257 580 relus
269 529 410 581 naturalibus
426 541 519 581 3333333
532 529 619 581 habent
639 532 722 596 subjici
735 531 833 583 motioni

29 604 182 669 superiorum,
193 601 224 652 ita
239 601 308 651 etiarn
321 601 346 651 in
361 603 427 653 rebus
438 602 548 653 humanis
561 615 591 652 ex
604 603 683 654 ordine
695 603 755 667 juris
768 607 835 654 natu·

29 676 77 725 ralis
90 677 112 726 et
127 670 202 724 diuini
215 668 452 734 tenenturluleriores
467 673 516 723 suis
530 673 685 740 superioribus
698 674 799 726 obedire.

55 747 90 797 Ad
98 743 201 810 primurn
213 757 268 808 ergo
283 743 417 806 dicendum,
431 743 492 808 quod
502 745 563 796 Deus
577 745 669 809 reliquit
680 745 796 797 homiuem
808 743 834 796 in

29 831 92 868 uranu
108 816 202 868 consilii
218 815 269 880 sui,
284 829 330 868 non
341 815 395 879 quia
407 815 475 866 liceat
489 817 510 867 ei
524 817 599 868 iacere
617 832 683 870 omne
696 819 757 882 quod
768 817 833 883 rolin

28 892 63 940 sed
79 891 132 954 qula
151 887 180 938 ad
201 887 223 938 id
240 888 299 952 quod
317 886 443 938 iaciendum
463 889 499 938 est
521 901 567 939 nou
586 889 676 954 cogitur·
698 889 834 940 necessitate

29 967 123 1024 nature,
140 959 203 1010 deut
216 963 322 1010 creature
340 957 498 1022 irrationales,
514 960 554 1011 sed
573 960 644 1011 libero
658 960 784 1020 electione,
803 974 833 1010 ex

28 1033 113 1098 proprio
131 1029 229 1082 consilio
248 1029 393 1097 procedente.
412 1029 441 1082 Et
458 1030 517 1080 sicut
535 1031 621 1082 adalia
637 1031 742 1082 iacienda
762 1030 833 1082 debet

28 1105 144 1167 procedere
161 1101 255 1168 proprio
269 1100 372 1166 consilio,
387 1101 419 1151 ita
431 1100 499 1151 etiarn
515 1103 543 1151 ad
556 1103 601 1154 hoe
614 1101 675 1167 quod
685 1101 775 1154 3131131
784 1102 832 1153 suis

29 1175 195 1240 superioribus,
211 1172 267 1224 dicit
280 1173 341 1224 enim
355 1171 485 1237 Gregorius,
499 1172 543 1223 ult.
556 1172 656 1233 odoret„
670 1173 732 1240 qndd
750 1191 764 1223 c
776 1173 831 1224 duru

0 1307 1 1312 ἵ
29 1248 101 1300 alienu
120 1249 175 1297 rocl
190 1243 309 1296 humiliter
325 1244 456 1309 subdimur,
471 1245 623 1310 nosmetipsos
640 1244 664 1294 in
682 1245 749 1297 corde
764 1258 832 1311 supe-

29 1331 108 1371 ramus.
125 1335 141 1366 n

52 1392 85 1441 ld
98 1389 229 1442 secuudum
239 1387 375 1450 dicendum,
387 1387 448 1452 quod
458 1387 536 1438 diviua
545 1385 649 1439 voluutas
662 1392 698 1440 cst
710 1389 784 1454 prima
795 1402 833 1440 re·

30 1463 70 1523 gula
93 1474 142 1526 qua
164 1460 299 1524 regulariter
319 1471 399 1511 omnes
416 1457 541 1512 rationales
563 1460 708 1524 uoluntates,
726 1459 764 1511 cui
785 1474 832 1512 uun

30 1535 91 1597 uagis
106 1531 280 1598 appropinquat
299 1530 366 1595 qutun
385 1529 445 1592 3113,
460 1527 584 1581 secuudum
603 1531 707 1581 ordinem
722 1529 832 1582 diuinitus

28 1601 164 1656 institutum.
179 1605 210 1654 Et
224 1602 275 1654 ideo
294 1603 399 1654 voluutas
419 1602 488 1654 unius
499 1601 601 1653 hominis
615 1602 771 1667 precipientis
789 1615 832 1668 po·

28 1679 62 1727 test
76 1691 132 1729 esse
147 1675 219 1740 quasi
236 1673 336 1726 secunda
352 1673 430 1738 regula
444 1674 566 1725 uoluntatis
587 1673 677 1724 alterius
695 1674 830 1726 obedientis.

51 1751 83 1800 dd
101 1747 202 1800 tertium
216 1745 353 1808 dicendum,
368 1745 428 1810 quod
447 1745 530 1809 aliquid
547 1748 621 1810 potest
632 1745 730 1810 judicari
744 1746 831 1810 gratui-

0 1835 1 1852 1
26 1824 66 1871 turn
79 1819 211 1886 dupliciter
224 1831 286 1868 :uuo
302 1813 368 1870 rnodd
379 1829 407 1868 en
418 1819 482 1882 parte
494 1817 567 1882 ipsius
577 1817 666 1882 operis,
679 1817 732 1882 quia
743 1817 831 1868 scilicet

24 1891 86 1944 tomo
110 1893 144 1943 ad
167 1889 191 1940 id
211 1903 258 1940 non
278 1888 401 1953 obligetur,
424 1889 468 1940 alio
483 1889 550 1940 modo
568 1903 598 1940 eu
618 1893 682 1953 parte
698 1888 830 1955 operantis,

23 1967 70 2026 puia
84 1964 181 2016 scilicet
198 1960 270 2012 libert
287 1961 403 2012 uoluntate
419 1962 462 2012 lroc
479 1961 542 2011 facit.
557 1961 620 2025 Opus
638 1963 715 2012 331333
730 1961 830 2012 redditur

22 2036 149 2088 actuosum
159 2037 183 2084 et
194 2033 307 2084 laudabile
317 2036 340 2083 et
350 2031 499 2096 meritorium,
509 2031 624 2096 precipue
632 2031 755 2085 secuudum
767 2031 829 2095 quod

21 2121 45 2157 cr
63 2109 190 2160 uoluntate
204 2105 306 2171 procedit
323 2121 329 2155 z
342 2108 364 2156 et
375 2105 440 2167 ideo,
451 2104 556 2168 quamvis
565 2104 657 2155 obedire
672 2104 702 2154 sit
717 2103 829 2167 debitum,

21 2181 37 2229 si
48 2177 162 2245 promptd
175 2177 290 2228 uoluntate
305 2173 386 2240 aliquis
397 2175 497 2238 obediet,
507 2188 554 2226 non
562 2176 656 2240 propter
665 2174 711 2224 lroc
720 2173 830 2224 minuitur

0 2293 1 2302 ,
21 2253 67 2315 ejus
83 2250 215 2314 meritum,
234 2245 334 2298 maxime
348 2248 405 2313 apud
419 2247 504 2310 Deum,
519 2247 559 2310 qui
571 2258 617 2296 nou
631 2243 704 2296 solium
717 2243 830 2296 exteriora

1 2331 2 2344 ,
20 2336 101 2390 opere,
119 2319 206 2373 uerum
221 2319 290 2372 etiarn
304 2318 432 2372 interiorem
446 2318 589 2370 uoluntatem
602 2315 674 2376 ridet.
