1934 3284
250 201 284 240 us
299 199 458 254 susurronis
472 199 502 240 nr
518 199 653 240 nummus.
805 187 850 238 stu

49 278 157 330 redditor
171 277 264 330 ddum.
278 279 344 330 Nulla
359 277 421 329 enim
431 277 601 328 circumstantis
617 277 723 342 mutarat
732 275 758 328 in
770 275 851 328 inlui-

47 353 105 413 tum,
115 351 163 402 nisi
174 364 228 414 uuo
237 349 344 401 traustmt
352 350 376 400 in
392 349 460 400 alam
468 347 578 414 speeiem.
589 348 762 400 circumtantia
775 352 850 399 autam

47 435 151 485 personae
169 435 218 473 uon
232 422 338 472 translert
351 421 376 470 in
387 420 454 471 aliurn
469 419 581 485 speeiem,
591 419 700 471 uisilortd
709 419 795 471 ratione
807 419 851 470 uli-

48 494 115 558 cujus
131 493 227 556 annexi,
236 492 290 557 outa
303 493 322 542 si
332 494 362 543 sit
375 492 636 556 connumeraturus,
650 491 710 556 quod
721 505 768 542 non
777 495 852 556 potest

47 566 91 616 diei
103 567 133 617 de
145 565 266 616 mendacio
279 564 380 616 montoso
391 565 527 628 ueljoooso.
537 565 566 614 lit
579 563 631 614 ideo
642 564 785 615 mendacium
800 563 851 614 olil-

46 637 134 688 oiosum
148 637 187 688 vel
201 638 306 700 joursum
319 650 365 686 nou
386 640 422 686 est
436 639 556 700 pensatum
573 635 666 686 mortale
684 636 708 686 in
725 636 781 686 siris
799 649 853 700 per-

49 709 126 770 lectis,
146 708 193 758 nisi
208 706 267 758 forte
284 721 325 771 per
342 707 462 767 accidens,
484 707 574 759 rationo
590 706 699 757 scandali.
718 708 746 756 ltt
764 708 793 757 ad
809 709 852 758 lron

48 783 123 842 potest
138 778 221 830 reterri
234 781 294 842 qnod
310 777 449 842 Augustinus
461 778 530 838 dioit,
547 797 561 826 u
573 777 677 843 perieulis
691 790 742 828 esse
751 791 853 843 praeep-

51 855 98 900 tum
110 864 160 902 nou
172 849 246 901 solum
258 864 305 901 uon
313 849 418 912 mentiri,
428 851 468 900 sed
481 864 524 901 neu
535 851 596 904 ¹selle
607 847 730 900 mentiri.»
744 850 851 908 Quamuis

49 921 91 971 los
104 921 250 994 Augustinus
262 919 441 984 nordmaniae,
451 923 491 971 sol
504 921 546 972 suh
555 919 695 972 dubitatione
706 920 781 983 diuat;
792 933 851 984 pre·

50 992 119 1042 mittit
131 991 196 1042 euim
206 1008 213 1042 ε
225 1009 239 1039 «
249 992 301 1042 Nisi
310 990 369 1042 lortd
379 990 411 1041 ita
423 996 450 1041 ut
458 993 623 1056 perlectorum,
638 994 682 1042 eto.
693 1007 707 1038 o
720 992 767 1042 Neo
777 991 851 1040 obstat

49 1063 108 1126 quod
118 1063 167 1129 ipsi
179 1067 296 1128 ponuntur
308 1064 333 1112 in
343 1065 403 1114 statu
416 1067 577 1116 consumandus
590 1063 707 1126 veritatis,
723 1063 777 1127 quia
790 1062 849 1112 veri·

51 1138 120 1186 tatem
137 1139 246 1186 tenentur
258 1147 392 1186 conseruare
405 1148 436 1186 ex
448 1149 490 1187 suo
509 1135 598 1197 oliloio,
612 1136 637 1185 in
648 1134 736 1198 juditio
750 1134 786 1184 rel
800 1134 853 1185 dou

52 1207 117 1272 nina,
137 1211 219 1261 eontra
234 1221 287 1271 quas
303 1206 457 1269 mundantur,
470 1207 514 1258 erit
525 1209 666 1258 mendacium
682 1207 741 1270 quod
756 1209 855 1270 eduee-

52 1283 126 1329 eaturn
144 1279 258 1343 mortale3
272 1279 299 1328 tn
315 1278 368 1330 aliis
385 1284 461 1330 auteur
480 1292 527 1330 uon
544 1282 634 1344 oportet
654 1278 714 1344 quod
728 1277 854 1329 mortaliter
908 1311 910 1315 -

52 1354 146 1415 pensent
159 1351 302 1403 mandendo.

324 1634 494 1705 adustio
512 1633 585 1700 ortt.

54 1776 85 1826 na
95 1777 258 1826 ‚ammosa
271 1781 294 1824 a
307 1775 450 1835 raneos,
463 1779 494 1823 a·
507 1779 613 1835 loona
628 1775 746 1822 musaeus
760 1775 851 1822 meio.

83 1932 166 1981 Postea
178 1927 369 1978 considerandum
383 1930 418 1976 ost
431 1927 460 1976 de
475 1925 619 1977 simulatione
633 1929 657 1977 et
669 1925 793 1990 hypocrisi.

83 2002 112 2050 Et
124 2000 187 2050 eirca
197 2000 242 2049 tros
252 2001 386 2060 queruntur
396 2004 509 2061 quatuor:
523 2002 549 2047 l⁰
564 1997 642 2048 Utrum
656 1997 729 2048 omnis
741 1996 856 2048 simulatio

54 2071 81 2123 sit
97 2075 230 2137 peecatum
245 2074 273 2120 2⁰
283 2067 362 2120 Utrum
375 2068 491 2134 hypocrisi
503 2069 623 2119 simulatio.
646 2073 672 2118 3⁰
689 2068 768 2119 Utrdm
784 2082 856 2134 oppo·

55 2149 119 2196 natur
134 2142 235 2194 veritati.
254 2144 281 2190 t⁰
293 2140 373 2192 tttrlm
385 2142 416 2190 sit
427 2145 545 2204 peceatum
555 2142 658 2193 mortale.

359 2321 520 2374 laureolos
537 2324 555 2374 l.

214 2447 301 2492 Utrdm
310 2446 387 2492 omnis
395 2446 519 2492 simulatio
528 2449 560 2492 sit
568 2451 699 2505 peccatum.

87 2576 120 2628 ld
128 2573 229 2640 primum
239 2573 274 2623 sio
284 2573 422 2638 proceditur.
432 2573 527 2624 Videtur
535 2573 595 2637 qudd
606 2586 652 2624 non
661 2574 737 2625 omnis
744 2573 856 2626 simulatio

58 2648 87 2698 sit
103 2650 232 2712 peecatum.
256 2645 419 2696 diciturenim
436 2647 507 2699 laad„
523 2647 574 2710 ult,
593 2645 652 2709 quod
671 2646 779 2696 Dominus
798 2665 812 2694 u
831 2659 856 2697 se

59 2718 122 2769 fiunt
135 2715 228 2780 longius
241 2717 284 2768 ire.
295 2717 347 2766 »lit
360 2717 491 2767 Ambrosius
500 2717 555 2767 dioit
567 2719 594 2768 de
608 2717 719 2768 Abraham
728 2718 752 2768 in
765 2719 805 2768 lib.
821 2719 858 2768 De

59 2789 217 2842 rotmanos
229 2788 297 2853 (esp.
306 2788 349 2854 8),
359 2788 421 2852 qudd
435 2789 559 2853 «captiose
573 2789 706 2853 loquebatur
716 2805 767 2841 oram
778 2803 855 2841 seruu—
882 2779 900 2818 ⁰

59 2859 94 2924 lu,
104 2862 158 2916 erim
169 2860 237 2924 dixit,
248 2861 319 2918 tim„
331 2861 392 2912 llllll
405 2877 412 2910 r
432 2861 507 2924 «Ego
520 2864 544 2911 et
557 2871 614 2925 puer
627 2860 763 2927 illususque
776 2875 857 2926 prope·

60 2937 148 2998 nutu,
163 2937 217 2999 post
228 2946 296 2997 quant
318 2932 500 2998 adoraverimus,
515 2937 655 2986 reuertemur
666 2933 695 2984 ad
707 2945 757 2986 sos.
772 2949 785 2982 n
801 2931 856 2983 lin-
