1934 3284
354 196 386 233 uu
402 194 550 234 mesenum,
807 185 853 236 ιιι

77 276 95 322 a.
109 272 248 335 Preietos,
259 268 415 335 jurameutum
433 272 549 323 ordinatur
560 273 588 326 ed
606 272 798 325 ooullumatiouem
813 288 854 325 seu

50 345 245 397 certificationem.
260 343 307 393 Sed
323 343 386 407 quod
395 344 514 393 confirmet
526 358 593 395 suum
611 344 799 411 dictum,l›ouom
808 354 853 399 est.

50 414 98 478 Ergo
107 417 272 480 juramentum
286 420 322 465 est
334 416 486 479 appetendum
501 420 609 481 tauquam
622 418 715 469 bouum.

75 486 118 537 Sed
133 490 216 537 contra
226 490 272 549 est,
284 486 346 549 quod
363 486 446 537 dicitur
456 486 554 545 nectes„
565 488 675 538 lllllllll:
691 489 751 539 «Vir
758 489 853 540 multtum

48 556 120 618 jurans
138 559 271 623 replebitur
284 558 421 622 iniquitute3
434 574 447 605 u
463 561 486 607 ει
501 560 638 623 Augustinus
654 560 708 611 dicit
721 561 746 610 iu
758 560 798 611 lib.
818 563 854 611 De

49 631 174 681 mendacio
185 630 225 695 (c.
245 629 301 693 lt),
310 629 371 693 qudd
382 646 396 677 (ι
407 634 548 693 pracceptum
558 630 648 683 llomtel
660 632 688 682 de
698 631 855 697 prohibitione

49 700 169 763 juramenti
184 703 271 753 adhoc
285 696 386 765 positum
397 704 447 763 est,
456 704 483 751 ut
496 705 606 765 quantum
618 702 674 753 inte
686 707 721 753 est
730 716 776 753 uou
786 704 853 754 adec-

51 778 89 834 tes,
99 788 144 825 uou
156 772 227 839 quasi
236 774 348 838 probono
359 786 413 824 cum
427 774 501 837 aliqua
515 774 664 829 delectatione
675 778 768 839 oppetas
778 774 855 842 jusju-

51 848 177 897 undum.»

79 918 242 981 (Concuumno.
257 942 289 955 -
303 916 361 967 Clam
372 918 531 981 jurameutum
543 930 589 968 uon
604 916 636 968 sit
648 918 677 968 de
688 917 718 967 lis
733 931 785 982 quae
801 921 855 969 suut

52 1000 86 1048 uer
94 1004 119 1041 se
131 989 280 1055 expetenda,
293 990 334 1039 sed
347 989 376 1038 do
385 987 413 1038 iis
422 1000 471 1051 qua
482 989 589 1053 presenti
597 988 852 1053 mumutucoessun,

52 1056 116 1122 iusum
140 1060 190 1113 uisi
213 1073 305 1124 magum
330 1059 437 1111 utilitatis
457 1059 494 1110 uel
515 1060 657 1111 necessitatis
674 1059 743 1110 causi
758 1063 853 1125 urgente

53 1134 202 1197 usurpandum
217 1145 266 1183 nou
276 1132 332 1196 est.)

79 1204 215 1269 despondeo
230 1204 369 1265 uisendum,
391 1202 451 1265 qndd
467 1202 490 1253 id
507 1203 566 1266 quod
583 1216 630 1255 nou
648 1204 755 1267 quaritur
768 1203 813 1255 uisi
824 1205 855 1254 ad

55 1274 228 1329 subueniendum
241 1274 369 1325 infirmitati
383 1276 420 1324 nel
437 1274 550 1338 delectui,
563 1288 609 1326 uon
618 1279 748 1328 numeratur
758 1276 854 1327 interea

54 1360 97 1408 que
105 1350 158 1399 suut
169 1360 214 1411 peu
223 1360 250 1399 se
265 1346 411 1410 appetenda,
420 1346 460 1399 sed
473 1345 532 1398 intes
548 1360 575 1397 ea
585 1361 636 1410 que
648 1352 702 1397 suut
715 1348 853 1409 necessarie,

55 1418 105 1468 sicut
119 1422 183 1483 patet
198 1420 228 1471 de
242 1417 356 1469 medicina
371 1432 422 1483 quoe
436 1417 544 1482 quaritur
558 1419 586 1468 ad
600 1419 779 1469 subveniendum
788 1418 854 1469 iudu-

58 1488 128 1539 uitati.
145 1492 308 1541 loramentum
327 1493 409 1539 antem
422 1490 532 1553 queritur
544 1490 575 1541 ad
588 1490 766 1541 subveniendum
786 1490 854 1542 alicui

63 1558 152 1625 delectui,
162 1576 211 1627 quo
221 1561 313 1613 scilicet
325 1575 385 1611 unns
398 1562 466 1613 homo
481 1562 545 1613 alteri
559 1561 680 1623 discredit:
692 1567 716 1613 ει
728 1564 780 1614 ιιεο
789 1564 853 1629 iuua-

61 1636 146 1683 mentum
157 1639 196 1685 ast
205 1634 337 1685 habendum
348 1646 394 1683 nou
404 1632 561 1697 intereaque
572 1638 626 1684 suut
633 1647 673 1699 uer
682 1648 707 1685 se
716 1636 853 1699 appetenda,

58 1704 92 1752 sed
103 1704 159 1757 iuter
177 1718 208 1755 ea
220 1718 274 1769 quae
286 1708 341 1757 suut
360 1704 414 1755 lunio
427 1704 480 1756 vite
498 1705 640 1768 necessaria,
651 1707 733 1770 quibus
751 1706 853 1757 indebiti

57 1774 117 1825 utitur
132 1777 273 1841 quicumque
290 1780 326 1827 eis
343 1775 414 1828 utitur
426 1776 484 1827 ultra
499 1778 609 1829 teutsinus
624 1778 775 1831 necessitatis.
790 1779 854 1829 liade

57 1848 186 1909 Augustinus
204 1846 262 1898 dicit
273 1848 300 1899 in
316 1848 357 1898 nu.
383 1849 508 1899 Damna.
529 1848 636 1900 Domini
649 1852 676 1900 in
696 1853 779 1900 monte
798 1849 854 1914 (ubl

57 1918 131 1981 suuni)
149 1936 155 1969 :
178 1936 194 1966 u
209 1919 254 1979 Qui
275 1919 384 1983 inteiligit
401 1932 446 1970 noo
464 1920 489 1970 iu
501 1921 568 1972 bouis
580 1922 622 1986 (id
640 1926 675 1973 est
687 1935 729 1987 peu
744 1934 853 1985 deaque-

58 1988 147 2053 tendie),
158 1992 200 2041 sed
212 1990 238 2041 in
252 1990 389 2044 necessariis
406 1991 545 2055 jurationem
558 1993 699 2056 habendam,
714 1992 820 2043 refrenet
828 2006 854 2043 se

56 2066 155 2122 quantum
169 2066 263 2127 potest,
276 2066 303 2113 nt
316 2076 364 2113 uon
381 2075 407 2113 ea
421 2067 500 2113 ulatur
510 2064 555 2114 uisi
568 2064 691 2115 necessitas
705 2067 779 2127 cogat.
793 2080 807 2110 u

83 2135 113 2185 ld
125 2134 228 2197 primum
240 2146 296 2199 engo
314 2135 447 2197 dicendum,
466 2135 526 2199 qudi
540 2135 585 2185 alia
602 2135 661 2186 ratio
675 2139 710 2185 est
722 2135 750 2185 de
764 2137 817 2184 notu
830 2137 856 2184 et

55 2205 185 2264 juramento.
201 2206 260 2257 olam
275 2219 317 2271 peu
327 2210 405 2257 uotum
419 2204 503 2270 aliquid
513 2206 538 2255 iu
552 2207 593 2257 llei
602 2204 753 2257 nescentiam
765 2202 856 2255 ordina-

59 2288 109 2337 mus,
126 2278 188 2328 uude
202 2290 232 2328 ex
247 2280 292 2329 hoo
303 2278 355 2342 ipso
369 2276 395 2327 lit
405 2277 521 2341 religionis
530 2282 608 2340 sotus3
623 2276 663 2327 sed
679 2276 704 2326 iu
713 2276 853 2340 intromonte,

58 2343 188 2400 loouuerso
208 2350 344 2401 reuerentia
363 2350 434 2401 diuini
451 2350 551 2401 numiuis
564 2348 687 2400 assumitur
703 2348 731 2399 ad
749 2349 857 2414 promissi

57 2420 258 2485 contumatiouem3
270 2426 294 2473 et
306 2421 360 2472 ideo
369 2420 425 2471 illud
433 2422 495 2485 quod
502 2421 632 2485 juramento
641 2420 794 2484 confirmatur,
807 2431 854 2472 nou

57 2493 196 2554 monterione
210 2492 236 2543 lit
250 2492 369 2555 religionis
383 2495 460 2556 accus,
472 2492 525 2556 quia
539 2491 663 2543 secuudium
676 2491 744 2543 tuem
759 2494 855 2544 morales

57 2565 113 2613 actm
126 2564 231 2627 speeiem
245 2564 381 2616 sortiuntur.

82 2634 113 2684 ιι
124 2637 251 2686 secuudum
264 2636 394 2699 dicendum,
404 2635 464 2699 qudd
478 2636 518 2686 ille
527 2636 567 2699 qui
579 2636 659 2699 jurat,
673 2636 745 2686 utitur
762 2635 854 2699 quidem

56 2706 199 2759 veuemtioue
214 2710 255 2757 aut
271 2705 392 2757 dilectione
411 2708 462 2772 eine
479 2720 522 2771 peu
541 2720 609 2772 quiem
627 2706 701 2771 iuuat3
715 2720 759 2757 uon
778 2710 853 2757 autem

14 2846 17 2921 Ι
55 2861 229 2919 olnam„
250 2862 305 2907 dist.
328 2858 856 2921 ee‚qu.l,uu.n,quucnuue.noctu

14 2924 16 2995 l
57 2922 142 2971 ema.
156 2926 222 2984 xlv,
236 2936 310 2991 prope
322 2922 586 2987 ιιιιειιιιειιιιιοιιυ
598 2926 618 2986 1,
629 2926 684 2973 leet.
695 2922 719 2971 t.
