1934 3284
269 135 667 185 -nnsurnusrrarousnrarnarrrm
822 130 869 180 toi

55 215 151 266 uatium
175 213 219 263 nul
235 210 318 344 diriore
332 212 480 278 prouidentiae
503 213 622 279 ordinem,
637 213 823 279 superstitiosum
845 219 870 267 at

53 286 172 338 illieimm
181 287 227 334 est.

89 356 238 420 Respondeo
253 355 384 418 dicendam,
400 357 459 421 qudd
478 361 555 408 motus
566 359 603 409 vel
618 359 716 422 garritus
728 358 821 422 auium,
832 359 869 411 ael

53 440 218 495 quarumque
228 427 388 491 dispositiones
398 430 422 478 iu
431 428 562 494 hujrusmodi
573 430 640 482 relius
650 429 812 490 mundarum,
821 445 869 482 ma·

53 501 177 552 milesium
192 501 230 550 ast
242 497 302 562 qadd
315 513 360 550 uon
373 504 425 550 suut
434 513 507 551 cause
519 501 646 551 iuturomm
657 505 788 552 eventuum.
805 502 870 552 Unde

52 587 84 622 ex
100 571 138 624 eis
156 569 237 620 sutura
247 571 352 632 cognosci
363 584 409 622 uon
425 574 521 636 possum
529 571 587 622 sicut
596 586 626 622 ex
634 572 724 633 trusis:
735 572 869 636 relinquitur

52 656 112 707 ergo
125 641 196 706 qudd
215 639 237 690 si
250 653 279 691 ex
295 642 328 692 eis
337 642 418 706 aliqua
434 642 510 693 lutura
523 647 702 704 rognosmntur,
720 644 765 694 hoo
780 643 824 694 erit
844 644 869 694 iu

51 718 177 778 quantum
195 715 251 762 snut
268 712 362 763 effectus
380 713 505 778 siquamm
519 726 639 764 causarum
660 728 711 778 quae
725 714 796 765 eliam
815 718 870 766 suut

51 790 184 836 causantes
199 784 242 836 vel
254 789 464 848 praecognoscentes
484 784 572 835 iuturus
588 790 693 836 euentus.
707 787 780 836 Causa
794 790 870 838 aulem

52 856 225 923 operationum
243 855 358 906 brutorum
370 857 500 906 animalium
520 859 557 906 est
568 856 690 908 instinctus
700 856 808 920 quidam,
823 870 869 920 quo

52 933 188 981 mouentur
206 925 232 976 in
245 927 334 976 modum
346 931 445 991 nature,
459 941 506 985 uon
523 927 586 978 enirn
599 929 684 978 hahent
696 927 820 978 dominium
831 929 870 979 sui

52 1001 133 1053 aulius.
156 997 205 1050 Hir
222 1001 300 1048 auem
317 999 440 1050 instinctus
457 1003 534 1064 potest
551 1012 581 1051 ex
598 999 685 1062 duplici
701 1011 768 1050 eausa
791 1013 870 1063 proce

52 1077 119 1126 dere.
136 1073 194 1125 Uno
202 1067 298 1134 quidem
312 1072 393 1132 modo,
407 1084 513 1122 excausa
522 1071 642 1135 purpurati.
657 1070 716 1121 crim
732 1070 794 1120 enirn
806 1071 870 1122 orata

54 1143 172 1196 animalia
194 1153 245 1192 non
260 1141 357 1192 hainaut
379 1140 423 1192 nisi
435 1143 534 1194 animam
546 1141 695 1203 sensitivam,
708 1141 776 1206 eujus
789 1155 871 1194 omues

52 1216 171 1282 polentiae
188 1217 246 1266 sunt
263 1219 328 1265 aetus
344 1217 495 1280 corporalium
504 1229 656 1279 organorum,
671 1215 775 1279 subjaml
791 1228 870 1266 eorum

55 1290 136 1340 anima
151 1285 307 1352 dispositioni
325 1287 490 1339 continentium
503 1301 641 1352 corporum,
654 1291 678 1338 et
696 1287 871 1352 primordialiter

55 1361 208 1421 eoelmlium3
225 1361 252 1410 et
265 1356 319 1412 ¹ideo
337 1357 393 1408 uiluil
406 1359 512 1423 prohibet
525 1359 613 1423 aluums
630 1370 710 1410 eorum
724 1359 869 1424 operationes

57 1445 109 1485 esse
126 1433 267 1498 futurorum
287 1429 365 1493 sigua,
379 1430 403 1480 iu
420 1436 531 1496 quantum
550 1433 721 1487 ooniormautur
741 1430 871 1494 dispositiu-

60 1503 126 1554 nilrus
139 1513 270 1566 corporum
281 1500 405 1551 ooeleslium
415 1507 438 1552 et
452 1501 513 1553 aeris
523 1502 663 1554 rontinentia
671 1541 678 1562 ‚
686 1517 714 1553 ex
725 1502 808 1567 quibus
819 1515 871 1566 pru-

64 1573 155 1624 seulunt
169 1570 248 1636 aliqui
260 1571 332 1621 artui
352 1579 454 1626 eventus.
469 1576 496 1624 ln
516 1575 560 1626 hoe
579 1579 656 1624 mmeu
671 1576 715 1624 duo
733 1572 873 1624 considerari

60 1649 148 1710 oportet
158 1662 164 1695 :
175 1642 280 1710 primum
293 1643 391 1706 quidem,
404 1649 429 1694 ut
439 1646 585 1710 operationes
593 1645 725 1710 hujusmodi
733 1657 780 1695 non
789 1648 871 1697 erlen-

57 1717 140 1768 dautur
158 1715 209 1766 nisi
231 1715 267 1765 ad.
280 1718 484 1778 praeoguosoenda
504 1718 595 1779 iulum,
615 1731 666 1780 que
686 1720 809 1768 causantur
831 1729 873 1782 per

56 1793 132 1840 motus
145 1785 282 1839 caelestium
292 1799 418 1851 corporum,
431 1788 536 1853 utsupra
548 1788 749 1850 diatumentart.
762 1792 775 1838 1
790 1791 814 1838 et
827 1787 870 1851 ll);

55 1859 176 1920 mundo,
192 1865 219 1908 ut
229 1870 278 1908 non
286 1859 435 1912 extendentur
443 1861 488 1912 uisi
497 1861 526 1912 ad
536 1873 564 1911 aa
573 1874 624 1924 que
635 1860 762 1925 aliqualiter
772 1862 870 1924 possunt

57 1933 85 1982 ad
99 1931 241 1996 hujusmodi
256 1928 366 1982 animalia
379 1931 493 1994 pertinere
504 1950 510 1984 ε
521 1937 690 1998 consequuntur
699 1932 760 1984 euim
773 1944 815 1997 per
824 1945 872 1984 om·

55 2003 123 2054 leslia
139 2015 243 2066 corpora
255 2000 409 2065 coguitionem
422 2006 542 2067 quamdam
556 2004 683 2066 naturalem
697 2009 720 2054 el
736 2003 872 2054 instinctum

56 2077 85 2125 ad
102 2089 131 2126 ea
153 2087 209 2139 quar
227 2085 311 2128 eorum
325 2072 378 2124 vile
392 2079 445 2124 sunt
466 2079 609 2137 recemum,
623 2075 683 2126 siaul
695 2078 750 2124 suut
765 2075 872 2124 immula-

57 2147 197 2211 tionesque
212 2147 272 2196 liunt
282 2157 326 2210 per
342 2146 429 2210 pluuias
440 2151 565 2208 etveutos,
578 2145 653 2198 etalia
666 2145 806 2210 hujusmodi.
819 2144 871 2196 illio

58 2219 140 2282 modu,
154 2217 285 2269 instinctus
296 2215 426 2280 hujusmodi
440 2223 560 2273 densantur
571 2233 601 2270 er
611 2230 679 2268 eausa
690 2215 801 2281 spirituali
808 2251 818 2278 ,
826 2215 874 2267 soi·

57 2290 114 2342 licet
127 2291 166 2343 uel
180 2305 212 2342 ex
223 2291 287 2349 lieo,
307 2293 332 2338 ui
344 2293 407 2353 patet
420 2291 559 2344 incolumia
570 2303 637 2354 super
649 2288 763 2341 Christum
776 2288 873 2344 deseen-

58 2363 143 2423 dente,
157 2365 182 2414 el
198 2361 356 2426 interloqui
369 2362 592 2426 pauitEliam,eiiu
605 2361 704 2426 telequi
716 2360 834 2414 absorbuit
848 2367 872 2414 ei

59 2434 131 2498 aierit
147 2435 248 2498 ionanr3
265 2433 303 2485 uel
319 2432 390 2484 etiam
409 2448 439 2488 ex
449 2436 604 2498 demonibus,
618 2433 659 2500 qui
680 2436 774 2487 utuutm
790 2433 873 2499 liujus·

59 2507 125 2560 modi
139 2505 314 2571 operationibus
329 2505 446 2558 brutorum
456 2506 589 2561 animalium
602 2508 632 2557 ad
646 2505 808 2570 implicandum
822 2506 873 2558 aui-

59 2592 113 2630 mus
126 2575 247 2631 laomiuuul
262 2580 330 2630 ranis
342 2577 496 2643 opinionibus.
507 2580 535 2630 El
552 2580 632 2632 eudem
645 2581 703 2631 ratio
718 2578 872 2631 videturesse

63 2651 94 2699 de
110 2649 220 2700 omnious
236 2649 289 2702 aliis
304 2649 616 2716 uniusmodtprmerquam
635 2649 662 2701 do
678 2649 806 2711 ominibus,
820 2648 874 2713 quia

62 2720 136 2771 veria
147 2720 249 2774 humana
261 2735 313 2792 uua
326 2721 470 2788 arripiuntur
481 2735 523 2785 pro
534 2720 611 2773 omine
616 2757 625 2786 ‚
634 2734 681 2780 non
691 2721 818 2772 subduntur
826 2719 874 2770 dis·

61 2791 174 2857 pusilimi
194 2793 326 2858 stellarum3
351 2795 504 2860 disponuntur
525 2795 604 2844 nmen
625 2788 875 2870 seouudium'dirinam

53 2862 245 2942 eniienim,
257 2863 873 2936 atsuumumanudinleuouunoaatietw·
