1934 3284
102 159 116 206 u
214 165 320 206 srcuuur
336 165 462 216 smnus,
479 164 577 210 ouum.
595 162 681 213 um,
696 162 751 201 sur.
768 162 786 200 r.

96 245 134 293 tur
144 255 192 294 non
205 243 277 294 solbm
290 243 363 294 colere
378 244 463 304 baum,
478 241 519 293 sed
532 241 601 292 etium
613 239 757 305 proximum,
771 237 898 290 secuuddm

97 311 153 364 iilud
164 313 274 364 Catonis:
290 313 364 364 «Coie
374 315 489 376 parentes.
499 311 580 374 »Ergo
592 309 671 375 religio
681 323 723 362 uos
731 309 820 361 ordinat
827 308 900 360 etium

99 384 127 440 ad
140 385 278 449 proximum,
292 387 316 436 et
330 397 375 435 nou
390 383 463 434 solun
478 384 506 434 ud
515 383 595 434 ileum.

132 458 154 504 t.
170 455 296 519 Protomae,
311 468 390 507 omues
407 455 431 505 iu
450 457 510 506 statu
529 453 607 505 solutis
627 451 765 514 existentes,
778 452 825 504 ileo
845 456 902 505 sont

99 524 206 590 subjecti.
215 525 265 576 Nou
275 529 349 578 autem
361 527 463 577 dicuutur
473 525 588 589 religiosi
597 538 676 576 omnes
685 523 725 588 qui
735 525 789 574 sunt
803 524 899 574 instato

101 597 195 657 salutis,
207 598 246 648 sed
261 597 333 648 solium
347 597 380 648 illi
390 593 430 662 qui
441 597 574 662 quibusdam
588 595 648 648 uotis
661 600 684 647 et
696 595 860 659 observantiis,
877 600 903 648 et

102 669 130 719 ud
142 665 289 719 obediendum
302 669 413 734 aliquibus
421 668 553 720 bominibus
566 681 591 718 se
604 667 743 735 astringunt.
753 668 812 730 Ergo
820 666 902 732 religio

105 739 250 794 denudetur
258 739 380 804 importare
391 741 493 794 ordinem
505 737 654 803 subiectionis
665 737 764 790 bominis
774 739 803 790 ad
816 739 901 791 Deum.

133 809 177 861 Sed
186 814 263 861 contra
271 813 316 874 est,
324 813 383 875 quod
393 811 479 862 Tullius
489 809 579 860 dicitll.
590 810 700 863 Rhetor„
715 808 776 874 quod
790 826 804 858 c
818 809 901 874 rebgio

100 885 137 934 est
147 882 221 932 uirtus
233 896 282 946 que
291 884 415 948 superioris
428 883 545 948 cujusdam
558 885 644 934 namra
656 883 734 946 (quum
744 880 843 932 diuinam
856 895 901 934 ro·

102 952 172 1016 cant)
187 954 272 1003 cultum
282 953 476 1016 ceremoniamque
489 952 563 1003 offert.

135 1025 295 1090 (Coumnsro.
311 1025 446 1089 -lleligio
457 1027 492 1077 est
503 1023 590 1089 uirtus,
602 1035 720 1090 perquam
733 1020 843 1085 homiues,
852 1025 902 1078 beo

104 1095 205 1148 debitum
224 1097 308 1146 cultum
323 1098 346 1147 et
364 1097 515 1148 reverentiam
529 1091 666 1157 exhibent.)

133 1169 267 1233 Respondes
286 1167 420 1231 dicendum,
442 1166 502 1232 qubd
526 1167 586 1217 sicut
601 1165 701 1218 butorus
721 1163 776 1217 dicit
795 1166 821 1216 iu
844 1165 907 1219 libro

103 1239 217 1305 Etymot.
231 1254 236 1288 :
249 1255 263 1288 o
273 1239 399 1303 Religiosus
407 1237 416 1304 (
424 1242 448 1289 ut
459 1239 491 1288 uit
505 1238 597 1303 cicero)
609 1237 623 1291 l
633 1237 754 1288 retectione
766 1237 906 1302 appellatus,

101 1311 156 1375 quia
172 1312 278 1362 retractat
295 1313 318 1362 et
332 1312 440 1374 tanquam
453 1309 534 1374 relegit
551 1322 578 1360 ea
591 1322 642 1372 qua
657 1309 685 1359 ad
700 1309 787 1359 emtum
800 1307 907 1362 divinum

100 1381 227 1446 pertinent,
242 1399 255 1430 o
268 1385 291 1432 et
305 1381 340 1432 sic
356 1381 448 1446 calipto
463 1381 553 1432 ridetur
567 1379 652 1442 dicut
667 1381 789 1444 relegendo
805 1393 834 1432 en
851 1395 907 1444 qum

101 1455 154 1504 sunt
167 1452 238 1504 divini
249 1451 331 1518 cultris,
344 1451 397 1516 quia
407 1450 539 1516 hujusmodi
548 1455 601 1502 suut
612 1452 743 1517 frequenter
753 1453 777 1502 iu
786 1452 855 1504 corde
866 1467 907 1506 re-

102 1524 213 1575 solvenda
221 1560 227 1586 ‚
239 1523 362 1576 secundnm
373 1524 429 1574 iliud
445 1527 531 1584 Pron,
543 1524 573 1574 ltl
589 1539 594 1573 :
608 1541 623 1574 u
638 1524 783 1576 [nomnibus
798 1524 842 1575 riis
857 1526 908 1579 tuis

1 1650 4 1657 Δ
103 1595 175 1658 cogita
190 1595 264 1646 illum.
281 1613 295 1644 o
311 1595 419 1655 Quamvis
432 1595 501 1648 etiam
512 1595 586 1660 possit
600 1593 699 1660 intelligi
711 1595 804 1660 religio
817 1608 848 1647 ex
859 1597 908 1650 boc

104 1664 172 1728 dcta,
186 1665 465 1732 qubdobenmreeligsre
478 1667 603 1731 debemus,
617 1680 685 1730 quem
699 1667 847 1718 amiseramus
861 1681 907 1719 ne-

104 1736 224 1801 gligentes,
234 1754 248 1786 »
257 1737 316 1789 sicut
325 1738 463 1802 Augustinus
471 1735 525 1788 dicit
531 1736 555 1788 in
564 1739 593 1788 x.
604 1739 640 1787 De
649 1739 726 1788 cavat.
739 1739 788 1789 Dei
797 1740 856 1802 (cup.
866 1739 906 1803 d).

104 1809 145 1860 Vel
158 1813 234 1873 potest
249 1809 345 1874 intelligi
357 1809 449 1876 religio
459 1809 472 1860 d
481 1810 596 1873 religando
607 1809 680 1872 dieta3
693 1810 753 1861 unde
767 1809 911 1872 Augustinus

107 1878 193 1930 dicitin
203 1879 243 1931 lib.
261 1881 296 1930 De
305 1895 364 1930 vcra
375 1879 503 1944 Religionis
518 1878 608 1945 (uersis
620 1879 704 1944 inem)
721 1895 727 1928 ι
739 1881 754 1928 d
764 1880 853 1944 Religet
864 1895 911 1936 nos

105 1949 185 2014 religio
198 1951 238 2001 uui
252 1951 402 2017 omnipotenti
418 1951 505 2016 ilem-u
523 1949 577 2002 Siue
591 1954 668 2001 autem
681 1950 774 2017 religio
790 1952 878 2005 dicatur
894 1954 911 2008 b

105 2021 218 2085 lrequeuti
231 2023 365 2088 relectione,
377 2023 425 2074 sire
436 2037 465 2074 ex
480 2022 561 2073 iterata
573 2021 684 2074 electione
697 2023 747 2086 ejus
761 2024 821 2086 quod
834 2025 911 2088 negli-

106 2097 186 2156 genter
199 2093 307 2146 amissum
316 2097 365 2156 est,
374 2093 423 2145 sire
430 2093 539 2145 dicaturd
550 2092 700 2158 religatione,
711 2093 804 2159 religio
814 2096 912 2158 propria

105 2163 214 2228 importat
231 2166 332 2217 ordinem
351 2165 379 2216 ad
393 2165 480 2228 Deom3
496 2164 546 2228 ipse
564 2165 626 2216 euim
645 2167 681 2216 est
699 2165 737 2213 cui
752 2163 911 2230 principaliter

105 2234 193 2300 alligari
203 2237 310 2290 debemus
319 2240 427 2300 munuum
437 2235 578 2287 indeficienti
589 2235 710 2300 principio,
719 2236 748 2286 ud
758 2249 825 2300 quem
835 2235 910 2290 etiam

106 2311 183 2358 nostra
197 2307 279 2359 electio
288 2307 375 2360 assidue
384 2306 452 2370 dbigi
459 2307 533 2370 debet,
542 2306 630 2358 sicutiu
637 2307 741 2356 ultimum
750 2307 827 2370 inem,
837 2321 912 2371 quom

106 2379 176 2429 etiam
191 2378 341 2442 negligentes,
356 2379 479 2442 peccando,
495 2377 635 2444 amittimus,
645 2383 669 2430 at
681 2379 792 2447 credendo
802 2378 910 2434 aolidem

106 2450 251 2514 protestando
264 2462 397 2516 recuperare
415 2449 532 2512 debemus.

136 2520 278 2585 bdprimum
286 2533 340 2584 ergo
350 2518 547 2585 dicendnnr‚qubd
556 2519 638 2584 religio
648 2519 716 2572 babet
724 2521 825 2585 duplices
833 2524 908 2576 actum.

107 2591 219 2650 Quosdam
232 2591 324 2656 quidem
335 2591 437 2656 proprios
450 2595 474 2642 et
485 2591 643 2655 immediatos,
653 2605 710 2656 quos
718 2591 786 2656 ebcit,
796 2606 839 2655 per
847 2606 909 2656 quos

107 2663 176 2714 homo
197 2662 312 2714 ordinatur
325 2665 353 2714 ud
366 2663 439 2715 solum
457 2664 540 2725 Deum,
550 2662 608 2719 sicut
622 2662 761 2726 sacrificare,
775 2664 868 2716 adoran
883 2673 909 2718 et

108 2733 152 2785 ulia
160 2733 300 2799 hujusmodi.
309 2736 371 2787 llius
380 2739 455 2788 autem
466 2740 530 2786 actus
538 2736 607 2785 babet
616 2748 673 2798 quos
686 2735 792 2798 producit
804 2735 909 2787 median-

108 2804 169 2856 tibus
180 2805 302 2859 rirtutibus
312 2807 395 2873 quibus
403 2807 508 2872 imperat,
518 2806 625 2858 ordinans
637 2819 677 2857 sos
686 2808 714 2856 nd
727 2807 827 2857 diuinam
840 2819 908 2859 reve-

106 2879 217 2946 rentiam,
227 2879 280 2948 quia
287 2879 488 2934 seilicetrirtusad
499 2891 567 2944 quam
575 2877 745 2944 pertinemus,
755 2877 853 2945 imperat
862 2880 911 2932 rir-
