1934 3284
343 193 374 229 DE
389 191 557 230 FORTlTUDlNE.

340 377 502 428 unoculus
518 377 557 428 lx.

135 503 220 548 Utrr'een
228 503 345 556 fortitudo
357 504 461 549 mimi
470 503 583 548 concinat
593 503 619 547 ire
634 505 769 561 ruminantia.

87 627 210 680 ldoonum
219 627 253 679 sic
263 629 399 693 proceditur.
408 629 501 680 llrrletur
510 629 569 694 pndd
579 630 687 681 tortitudo
696 644 741 682 non
750 631 848 684 nimime

61 699 163 750 consistat
179 699 203 750 in
222 700 356 764 repentinis.
368 701 425 752 lllod
438 702 499 752 enim
513 701 603 752 uidetur
620 715 670 752 esse
684 701 709 752 in
727 704 851 768 repentinis

61 771 114 831 quod
125 785 154 822 en
163 771 281 836 inopinato
294 774 408 837 prouenit.
427 773 472 824 Sed
484 772 572 823 Tullius
590 773 645 824 dicit
663 773 688 823 iu
703 789 743 824 sua
761 777 851 826 fluere-

61 843 108 892 ru'co
122 845 173 904 (De
186 844 312 895 rhetorico
326 845 427 904 invent,
440 848 466 894 ut
476 846 525 910 jam
534 843 624 908 sopri),
639 843 700 910 quod
714 863 727 894 u
742 846 849 898 tortitudo

31 956 32 975 p
61 916 91 962 est
102 915 243 967 considerata
251 915 402 980 periculorum
416 915 544 980 susceptio,
555 920 580 966 ct
590 915 691 968 laborum
700 918 824 982 perpessio.
835 935 848 965 u

31 988 32 1019 ι
60 984 112 1049 Ergo
128 988 238 1038 tortitudo
250 1001 297 1038 non
305 988 410 1038 consistit
420 987 518 1039 maximi
532 988 557 1037 in
570 988 702 1052 repentinis.

86 1061 108 1107 ι.
122 1061 247 1119 proterea,
263 1059 391 1111 ammonius
412 1059 468 1110 dicit
488 1059 512 1108 in
535 1059 545 1108 l
563 1059 600 1108 De
614 1061 681 1124 ostiu.
698 1061 764 1125 (cap.
783 1061 850 1126 dil:

63 1146 74 1174 u
82 1130 153 1182 Fortis
166 1131 212 1182 viri
225 1137 320 1184 estnon
333 1131 489 1193 dissimulare,
506 1130 558 1181 cium
572 1131 656 1195 aliquid
669 1131 801 1192 immineat,
812 1134 852 1184 sed

62 1203 206 1265 pretendere,
216 1207 240 1254 et
250 1207 358 1266 unquam
370 1203 487 1265 explorare
502 1203 529 1253 de
544 1203 636 1267 specula
649 1204 745 1267 quadam
760 1204 852 1265 mentis,

61 1277 80 1323 et
96 1275 188 1324 obviare
207 1273 344 1337 cogitatione
357 1273 451 1338 provida
469 1275 539 1324 rebus
558 1274 654 1336 tuturis,
670 1287 698 1324 ne
716 1274 775 1327 torte
793 1275 853 1326 dicat

61 1347 132 1404 postea
143 1345 211 1396 :ldeo
221 1344 246 1393 in
254 1345 298 1394 ista
307 1342 386 1404 incidi,
394 1344 449 1408 quia
457 1358 502 1396 nou
518 1344 640 1395 arbitrabar
650 1357 716 1409 posse
727 1345 829 1396 euenire.
838 1363 852 1392 u

61 1414 98 1466 sed
110 1415 147 1466 nbi
162 1419 199 1467 est
213 1415 296 1479 aliquid
310 1415 463 1479 repentinum,
471 1416 505 1466 ibi
515 1429 560 1467 non
575 1416 689 1480 prouideri
703 1416 728 1468 iu
743 1416 853 1467 tutorum.

61 1488 113 1550 Ergo
129 1486 233 1552 operatio
244 1486 388 1538 tortitudinis
400 1499 447 1537 non
458 1490 495 1538 est
508 1487 566 1537 circa
576 1487 704 1550 repentina.

89 1563 110 1609 3,
125 1559 252 1621 creterra,
270 1556 409 1621 Philosplrus
427 1557 481 1608 dicit
503 1557 527 1606 iu
542 1558 579 1608 lll·
591 1557 675 1608 Ellis.
702 1558 737 1621 tut
755 1558 852 1624 supra),

60 1630 112 1694 putu
126 1629 216 1681 «tortis
229 1632 264 1680 est
276 1630 341 1679 bonae
352 1628 410 1694 spei.
421 1642 435 1675 u
449 1629 497 1696 Sed
506 1642 558 1694 spes
567 1633 673 1694 expectat
682 1629 766 1694 aliquid
776 1631 800 1680 in
817 1625 855 1682 'lu-

60 1705 144 1763 turum,
162 1701 224 1765 quod
243 1704 355 1764 repugnat
375 1701 503 1765 repentino.
518 1701 575 1764 Ergo
593 1700 694 1764 operalio
715 1701 856 1754 tortitudinis

60 1786 101 1825 non
113 1771 218 1824 consistit
231 1772 290 1821 circa
304 1773 431 1836 repentino.

88 1845 132 1896 Sed
142 1847 222 1894 contm
232 1846 276 1906 est,
290 1843 350 1906 qnod
361 1841 515 1906 Philosophus
526 1841 579 1893 dicit
589 1841 613 1892 in
626 1843 654 1894 lll
670 1843 753 1893 Ettric.
769 1846 802 1908 (ut
817 1859 854 1896 su-

60 1916 115 1981 pri),
128 1915 189 1980 quod
204 1930 219 1961 u
229 1913 338 1964 tortitudo
348 1913 446 1964 maxime
455 1917 490 1964 est
504 1913 563 1963 circu
574 1926 721 1978 quaecumque
732 1929 782 1979 quse
795 1928 854 1966 mor·

59 1991 102 2037 tem
113 1987 226 2046 inierunt,
240 1984 360 2049 repentina
370 1984 501 2036 existentia.
513 1999 526 2031 u

90 2059 250 2122 (Coumnsro.
267 2056 443 2119 -Fortitudo,
458 2058 567 2121 quantum
589 2055 617 2106 ad
635 2055 657 2106 id
678 2057 738 2119 quod
758 2057 782 2106 in
804 2057 854 2120 ipsa

59 2130 165 2182 electione
174 2131 219 2190 est,
229 2141 276 2181 non
287 2132 323 2179 est
334 2128 393 2179 circa
403 2127 531 2192 repentina,
541 2127 645 2190 quamuis
655 2127 771 2192 repentina
781 2129 854 2192 magis

59 2201 196 2253 tortitudinis
206 2200 309 2251 habitum
322 2199 347 2249 in
359 2199 435 2249 anima
448 2199 559 2248 muratum
572 2197 729 2262 patefacienti
777 2195 780 2202 ’

88 2273 221 2338 Respondeo
241 2270 378 2334 dicendum,
393 2268 452 2334 quid
469 2261 496 2320 in
513 2270 645 2335 operatione
659 2269 797 2321 tortitudinis
810 2273 855 2322 duo

60 2348 108 2394 sunt
124 2343 290 2394 consideranda
306 2357 312 2392 ε
329 2355 398 2392 unum
418 2341 527 2405 quidem,
541 2345 651 2405 quantum
672 2342 701 2390 ad
721 2341 855 2393 electionem

61 2415 136 2480 ipsius,
144 2417 168 2465 et
179 2413 213 2464 sic
221 2413 330 2464 tortitudo
341 2426 387 2462 non
396 2416 432 2464 est
441 2413 501 2463 circa
509 2413 635 2477 repentina,
647 2409 711 2474 eligit
720 2412 781 2463 euim
790 2413 855 2465 tortis

60 2485 206 2550 premeditari
217 2485 318 2549 pericula
337 2498 388 2547 qum
408 2487 503 2549 possunt
517 2483 635 2534 imminere
645 2521 651 2545 ‚
662 2486 688 2532 ut
702 2485 737 2534 eis
749 2484 855 2536 resistere

61 2557 136 2620 possit,
147 2560 189 2606 aut
200 2555 290 2606 tacilrius
299 2568 326 2605 ea
338 2556 397 2606 terre
406 2573 412 2617 ;
421 2555 516 2619 quia,ut
528 2553 648 2618 Gregorius
659 2554 714 2605 dicit
722 2555 747 2604 in
758 2556 856 2622 quadam

60 2627 170 2689 uomina,
184 2627 286 2692 «jacula
309 2639 359 2690 qun
380 2626 548 2691 prouidentur,
564 2625 640 2677 mimis
659 2625 759 2690 teriont;
775 2630 797 2678 et
815 2641 857 2677 uos

61 2700 115 2750 mala
128 2697 207 2749 mnndi
219 2697 309 2766 tucilids
322 2698 425 2762 terimus,
438 2697 458 2748 si
475 2701 555 2749 contra
571 2711 598 2747 ea
616 2698 697 2762 clppeo
710 2697 857 2761 presciendo

61 2855 107 2902 eum
118 2858 215 2914 propter
227 2854 286 2912 legis
302 2855 475 2902 observantiam
493 2855 590 2902 erucimi
607 2857 637 2902 ab
658 2855 775 2904 Antiocho
786 2857 855 2912 lube·

63 2926 131 2980 retur,
142 2930 205 2965 vers.
219 2916 259 2977 tc,
274 2916 305 2962 2³
315 2923 340 2964 et
352 2915 392 2964 30.
