1934 3284
332 220 363 258 nn
377 220 446 261 marr
461 221 559 260 onnam.
796 212 841 263 52³

56 307 138 360 semper
152 295 184 347 sit
195 298 315 361 pecatum
330 297 440 360 mortate;
452 297 505 361 quia
521 299 591 349 etiam
612 309 641 351 er
654 299 737 350 venisli
751 302 843 365 peccato

55 370 143 489 ¹lzlrztpmtle
139 368 236 489 mortale
248 367 316 431 oriri,
332 367 357 419 in
368 373 478 433 quantum
492 369 577 421 scilicet
589 372 680 423 reniale
699 367 800 436 disponit
815 372 844 423 ad

352 558 512 613 pauculus
527 559 555 609 V.

56 683 136 728 ocrem
152 684 317 729 convenienter
329 684 508 743 dicunturjttirs
523 672 604 730 imonis
614 686 695 743 plurios
710 700 758 733 esee
772 687 846 731 inobe

76 746 173 802 dicatis,
183 748 299 804 inolentis,
309 748 439 805 hypocrisis,
450 749 560 794 contentio
568 782 575 805 ,
584 749 703 805 pertinacia
712 782 718 805 ‚
728 749 844 805 discordis,

76 815 97 855 et
113 812 240 857 novitstum
250 812 399 869 presumptio.

80 938 113 988 id
125 936 233 1002 quintum
246 937 280 987 sic
289 937 426 1001 proceditur.
432 938 527 989 Videtur
537 938 596 1003 qudd
614 938 798 990 inconvenienter
810 939 848 990 di-

52 1013 128 1061 cautnr
141 1008 196 1059 filie
208 1008 283 1059 inanis
296 1008 372 1072 glorio
381 1022 433 1060 esse
443 1027 457 1059 o
469 1009 629 1073 inobedientia,
645 1010 765 1074 jactantia,
777 1011 849 1075 luppo·

54 1081 123 1146 crisis,
132 1080 259 1144 contentio,
269 1080 407 1145 pertinsem,
418 1080 544 1143 discordia,
557 1086 581 1132 et
592 1082 716 1132 uocitatum
725 1096 849 1147 presump-

53 1152 90 1202 tio.
112 1168 128 1200 n
143 1152 255 1202 lactantia
276 1152 338 1203 enim
352 1152 477 1203 secundism
498 1152 628 1217 Gregorinm
650 1154 729 1204 lllilll.
757 1154 848 1204 dierat.

55 1223 120 1290 (cap.
138 1223 277 1291 7)‚ponitur
289 1223 350 1275 iuter
362 1224 450 1289 species
459 1226 579 1289 superbie.
594 1225 704 1289 Superbia
719 1228 850 1276 autemnon

55 1296 123 1347 oritur
142 1309 173 1347 ex
189 1295 253 1345 inani
268 1296 353 1360 gloria,
366 1295 410 1347 sed
430 1295 508 1360 poiiirs
522 1308 670 1360 econverso,
687 1301 713 1347 ut
731 1296 851 1361 Gregorius

54 1369 105 1419 dicit
117 1368 202 1419 XXXI.
212 1368 304 1419 Monoi.
316 1367 365 1433 (nbi
374 1368 461 1432 sopri).
470 1369 530 1432 lingo
542 1368 650 1433 jactantia
661 1381 707 1420 non
717 1368 785 1420 delet
796 1368 852 1433 poni

55 1439 96 1491 filia
114 1439 192 1491 inanis
206 1438 291 1503 glorie.

82 1518 106 1563 2.
130 1514 264 1573 eruens,
287 1512 445 1563 contentiones
463 1515 487 1562 et
508 1510 627 1566 discordie
649 1513 754 1563 videntur
775 1525 804 1563 es
819 1512 853 1563 ira
949 1538 950 1559 r

54 1582 153 1634 anime
167 1580 296 1647 provenire.
312 1582 356 1634 Sed
373 1583 407 1633 ira
429 1586 465 1633 est
483 1583 579 1647 capitale
596 1582 677 1633 vitium
692 1582 756 1633 inani
775 1584 852 1647 gloria

54 1654 207 1705 condivisum.
222 1653 281 1717 Ergo
293 1654 383 1705 ridetur
394 1654 455 1719 qnid
471 1668 517 1706 non
537 1654 583 1705 sint
596 1654 650 1705 illie
668 1654 743 1705 inanis
763 1655 851 1719 glorie.

80 1732 104 1777 3.
121 1726 434 1790 Praenrea‚cnrysostomus
445 1726 501 1777 dicit
511 1738 580 1791 super
593 1728 696 1787 Mattio„
708 1726 768 1790 quod
781 1744 795 1775 o
805 1726 854 1778 nbi-

56 1812 100 1863 que
114 1810 175 1848 uana
186 1796 257 1861 gloria
269 1798 353 1848 malum
362 1802 413 1861 est3
426 1798 467 1848 scd
476 1798 575 1849 maxime
586 1797 611 1847 in
622 1798 812 1862 philanthropia»
823 1798 855 1860 (id

55 1875 107 1935 est,
119 1870 145 1920 in
155 1869 329 1935 misericordia)
343 1872 394 1934 que
407 1874 484 1921 tamen
497 1884 544 1921 non
560 1872 596 1921 est
610 1871 695 1935 aliquid
708 1885 791 1922 novum
798 1908 806 1935 ,
814 1870 856 1923 sed

57 1943 83 1993 in
95 1942 260 1993 consuetudine
272 1942 391 1993 hominum
401 1942 488 1993 existit.
508 1943 566 2007 Ersso
579 1944 747 2008 presumptio
761 1945 856 1994 novita-

56 2020 111 2065 tum
126 2028 175 2066 non
185 2013 253 2063 debet
262 2012 393 2079 specialiter
404 2014 460 2079 poni
471 2014 517 2064 lilia
530 2015 606 2065 inanis
624 2014 708 2078 glorie.

86 2090 131 2140 Sed
144 2090 281 2151 contraest,
297 2088 423 2139 authoritas
432 2086 534 2153 Gregorii
542 2087 566 2137 iu
574 2086 653 2138 lllllll.
669 2088 857 2155 lior.,nlsiprae-

56 2162 129 2212 dictas
145 2159 205 2210 filias
220 2159 295 2211 inanis
309 2160 386 2225 glorie
404 2161 513 2225 assignat.

81 2235 101 2295 ’(
113 2232 251 2283 Conosnsro
273 2259 304 2269 -
316 2232 488 2295 inobedientia,
502 2232 626 2297 jactantia,
644 2230 788 2298 hypocrisis,
800 2246 859 2285 cou-

55 2304 144 2366 tentio‚
159 2303 298 2369 pertinacia,
314 2303 437 2368 discordia,
447 2308 471 2356 et
486 2304 615 2355 novitatum
628 2302 789 2370 presumptio,
803 2318 858 2357 con·

57 2378 182 2428 uenienter
200 2376 305 2427 dicuntur
317 2377 370 2428 tiliae
387 2378 463 2429 inanis
475 2377 578 2441 glorie.)

88 2449 229 2513 Respondeo
242 2448 379 2512 dicendum,
390 2449 449 2514 qndd
458 2450 519 2500 sient
527 2448 594 2514 cupri
602 2449 685 2499 dictum
695 2451 738 2513 est,
750 2448 790 2499 illa
802 2450 860 2501 uitia

56 2534 108 2586 qum
119 2521 149 2571 de
160 2533 186 2571 se
200 2524 253 2571 nata
266 2524 319 2571 sunt
329 2522 426 2572 ordinari
439 2522 468 2572 ad
480 2522 549 2573 finem
560 2520 655 2585 alicujus
670 2521 724 2571 vitii
737 2522 857 2586 capitalis,
949 2564 950 2569 ,

57 2594 167 2643 dicuntur
180 2592 232 2643 filie
240 2593 299 2657 ejns.
314 2592 380 2642 Finis
391 2596 467 2643 autem
481 2592 557 2643 inanis
570 2592 646 2655 glorie
658 2596 694 2643 est
702 2592 860 2647 manifestatio

57 2663 158 2730 proprie
168 2665 323 2729 excellentiae,
334 2670 397 2717 nter
413 2664 481 2729 supra
495 2664 562 2716 dictis
577 2666 648 2729 patet.
665 2666 699 2717 io
712 2666 770 2729 quod
784 2663 861 2731 potest

58 2740 130 2789 donno
144 2739 238 2789 tendere
252 2737 370 2803 dupliciter
385 2752 392 2787 ε
407 2750 454 2787 uuo
464 2737 547 2799 modo,
557 2736 654 2802 directe3
667 2737 715 2788 siue
726 2751 767 2802 per
780 2736 860 2801 uerba,
949 2732 950 2745 ¹

60 2815 84 2863 et
97 2812 133 2862 sic
147 2813 184 2861 est
196 2810 341 2875 jactantio;
354 2809 402 2861 sire
417 2823 458 2875 per
471 2810 547 2870 laem,
562 2810 585 2857 et
597 2809 629 2860 sio
642 2809 662 2859 si
675 2810 721 2860 siut
741 2808 862 2859 corbaha-

58 2883 138 2936 beotia
155 2882 256 2947 aliqum
273 2881 457 2942 admirationem,
472 2884 508 2931 est
521 2884 687 2946 presumptio
704 2882 860 2935 novitatum,

62 2966 122 3021 quas
134 2954 241 3007 homines
254 2954 330 3008 solent
340 2954 413 3019 magis
425 2950 539 3006 admirari.
554 2952 580 3005 Si
598 2954 674 3005 antem
687 2952 743 3003 ialsa
756 2948 815 3013 sint,
829 2948 863 3001 sio
949 2956 950 3003 ἒ
