1934 3284
129 127 185 177 w
242 132 354 173 mmet
369 132 606 186 nemnem.
626 133 710 185 amn,
722 132 780 175 arr.
795 136 815 174 r.

149 212 184 263 ile
195 217 219 261 et
231 211 340 267 Mum,
351 210 450 274 demur
470 211 565 261 virtutis
583 210 656 276 megia
669 212 795 263 mordetur
812 214 933 267 temddm

135 283 249 334 rationem
263 281 330 341 deni,
339 281 365 331 in
378 296 424 346 qne
434 282 524 334 exmdit
534 282 635 347 iustitie,
645 282 714 347 quem
726 282 852 335 seenndirm
864 286 935 337 ratin-

136 367 190 405 nem
203 352 334 416 difficilis,
348 352 373 403 in
386 366 432 417 qne
444 352 535 403 excedit
545 354 703 419 temperantia.

122 420 129 435 '
168 422 308 475 tenemium
328 424 462 487 dicendam,
480 423 541 488 qudd
562 423 601 475 ibe
620 424 772 477 communitae
786 443 834 492 qna
855 429 936 495 aliquid

136 497 236 561 pertinet
251 497 279 548 ad
291 497 461 547 multitudinem
472 496 590 553 bominum
596 532 606 558 ‚
622 496 760 561 magistacit
771 501 799 551 ad
818 502 936 553 excellen-

137 569 193 619 tiam
208 569 331 629 bonitatis,
346 568 415 633 qndm
435 568 474 619 illa
495 582 545 631 epm
558 569 715 620 rnnslderatnr
730 572 857 623 semndlrm
878 573 935 637 qudd

137 639 224 704 aliquid
240 641 371 705 frequenter
387 640 498 703 neenrrit3
512 640 536 691 in
549 653 646 705 qrrnrum
660 640 749 706 prima,
767 644 860 695 excedit
874 644 935 695 lorti-

137 712 244 775 tnd03in
263 713 364 764 secunda
374 709 539 776 temperantiae.
554 712 618 763 Unde
636 712 771 777 simpliciter
783 714 894 767 tortitudo
906 718 937 766 est

137 781 221 847 potior,
237 783 292 835 lieet
306 784 382 849 quoad
392 783 476 847 aliquid
487 782 560 846 possit
573 782 619 833 diei
631 785 785 849 temperantia
804 785 881 851 pntier
894 800 936 837 nen

138 853 211 906 eelim
224 856 356 907 tnrbtndine
368 856 410 908 sed
429 854 498 907 eliam
509 852 609 919 institit.

387 1201 559 1272 tubelle
576 1200 694 1272 extu.

170 1356 205 1401 De
221 1353 295 1402 vitiis
317 1364 371 1411 pato
387 1350 551 1398 memorem
569 1352 788 1409 numantinis
806 1357 912 1412 quatuor

422 1422 542 1470 articulet
555 1422 646 1470 dietae.

169 1580 256 1631 beinde
270 1578 462 1631 mneiderandenr
478 1581 515 1631 est
531 1579 559 1629 de
573 1577 637 1629 vitiis
649 1578 761 1644 oppositis
772 1582 938 1647 temperantiae.

169 1652 198 1701 llt
215 1651 278 1703 eirea
295 1653 339 1703 bee
355 1654 489 1715 quemdem
501 1653 598 1715 quatuor
617 1654 665 1699 :1⁰
678 1650 759 1701 Utrlrm
778 1652 940 1704 insensibilitas

139 1723 170 1775 sit
178 1728 305 1787 penatum
316 1728 344 1772 2⁰
353 1722 433 1774 Utrbrn
443 1722 621 1785 intemperantia
630 1720 661 1772 sit
670 1721 752 1773 vitium
760 1724 862 1787 puerile.
873 1730 900 1775 3⁰
910 1725 939 1773 lle

139 1796 306 1861 comparatione
322 1794 502 1859 intemperantiae
519 1793 548 1843 ad
561 1793 713 1845 timiditatem.
725 1797 754 1845 po
766 1794 851 1847 Utrirm
863 1796 938 1849 ritiem

137 1868 321 1933 intemperantie
333 1868 364 1919 sit
378 1866 478 1917 manne
494 1864 676 1947 opprebrineum.

444 2044 603 2100 debendus
616 2044 636 2094 1.

334 2171 419 2218 Utriem
428 2170 601 2215 insensibilitas
610 2169 643 2214 eit
656 2168 752 2216 attium.

170 2304 205 2354 dd
217 2302 315 2367 primum
329 2300 364 2351 sie
379 2296 516 2364 proceditis
531 2296 625 2348 llidetnr
638 2295 699 2361 qued
717 2296 887 2350 insensibilitas
896 2310 936 2349 nen

138 2376 171 2427 alt
187 2374 278 2425 vitiem
293 2374 404 2423 blenntnr
422 2370 483 2421 enim
502 2368 668 2425 insensibiles,
690 2368 729 2433 qni
752 2368 863 2421 deliciunt
883 2370 935 2421 eirea

139 2446 303 2498 delectationes
316 2442 398 2493 taetris.
412 2442 457 2492 Sed
473 2440 498 2490 in
511 2440 548 2491 bis
567 2440 659 2505 penitus
676 2440 771 2491 delicere
784 2440 878 2493 ridetur
891 2453 935 2492 esse

138 2517 250 2567 laudabile
264 2519 287 2565 et
303 2515 428 2565 virtuosum
438 2528 445 2562 :
455 2512 536 2563 dicitnr
549 2512 610 2563 enim
625 2511 725 2570 Daniel,
732 2512 775 2575 ,Χε
793 2530 808 2560 n
821 2515 849 2564 ln
861 2512 934 2565 diebus

137 2588 185 2638 illis
201 2600 243 2649 ego
254 2586 333 2637 beniel
345 2585 450 2651 lugebam
460 2585 528 2633 trium
542 2583 732 2635 hebdomadarum
743 2584 840 2647 diebus;
855 2597 934 2651 panem

140 2658 311 2711 desiderabilem
325 2672 371 2709 nnn
385 2657 486 2720 comedi,
500 2659 524 2706 et
540 2670 592 2707 earo
607 2660 630 2707 et
650 2656 728 2709 vinum
741 2670 786 2707 non
801 2657 935 2710 introierunt

139 2730 164 2781 in
183 2744 209 2779 os
226 2742 318 2789 meum;
332 2732 370 2782 sed
382 2744 456 2793 neque
473 2733 590 2793 unguente
603 2733 686 2781 unctus
702 2744 762 2780 snrn.
772 2730 848 2794 »Ergo
863 2731 936 2781 insen·

140 2801 236 2853 sibilitas
247 2813 294 2849 nen
307 2806 341 2851 est
353 2806 480 2865 peecatum.

173 2876 197 2921 e.
211 2873 332 2935 preterea,
344 2889 358 2920 e
368 2872 453 2923 bonum
462 2869 561 2922 beminis
572 2874 608 2922 est
618 2871 744 2923 secundnm
754 2872 869 2925 rationem
880 2885 935 2935 esse.
