1934 3284
143 156 188 201 96⁰
246 162 354 201 securum
368 162 498 212 memus,
512 162 607 207 eumer.
623 161 728 211 cumr,
745 161 802 200 m.
817 162 835 197 r.

143 245 193 290 rent
203 239 299 289 manime
307 239 359 302 quia
369 239 396 287 ad
409 238 512 288 infideles
522 238 677 287 mittebantur.
688 240 717 287 ut
728 238 782 289 ideo
790 235 932 288 necessarium

142 313 186 361 luit
204 316 228 361 ut
241 324 307 374 super
319 312 362 359 lieu
376 311 409 360 eis
424 310 531 360 divinitus
540 309 700 371 provideretur
709 312 845 373 perdonum
856 310 936 370 bugua-

143 397 206 445 rurn;
225 387 249 431 ut
264 382 322 431 sieut
338 382 442 443 gentibus
460 383 488 431 ad
507 381 655 431 idololatriam
675 382 860 443 declinantibus,
874 382 935 429 intro

143 456 208 504 ducta
222 460 256 505 est
271 454 389 504 ‹tiro-sitas
404 454 531 515 linguarum
543 452 618 513 (sicul
632 453 718 504 dicitur
734 460 830 511 Germe„
849 451 936 514 illita

141 526 209 575 etiam
226 527 316 587 quando
334 531 398 575 erant
416 529 496 587 gentes
512 524 541 575 ad
557 523 643 572 cultum
656 526 727 575 unius
745 526 787 576 Dei
800 525 934 578 revocaudae.

142 604 218 649 eontra
232 597 361 661 hujusmodi
380 597 535 647 diversitatem
547 596 673 646 remedium
686 598 838 649 adhiberetur
854 611 891 663 per
903 599 936 645 do-

143 682 197 719 uuur
211 670 348 732 linguarum.

175 742 208 790 ld
224 743 320 804 primum
335 754 389 802 ergo
400 740 520 789 dicendum
527 776 536 802 ,
548 740 609 803 qubd
621 740 680 788 sicut
693 741 780 790 dicitur
794 743 815 791 l.
829 742 865 791 ed
879 742 937 806 Cor„

143 812 198 863 llll:
211 831 225 861 u
237 813 386 862 llauilestotio
396 811 490 875 spiritds
503 812 568 860 datur
582 812 610 860 ad
623 810 756 862 utilitatem.
768 830 782 860 u
794 814 824 862 Et
836 813 886 863 ideo
898 813 939 862 sul·

144 885 246 934 drienter
258 889 281 934 et
294 885 376 932 Paulus
393 882 468 932 etalii
488 882 590 945 Apostoli
604 883 696 931 luerunt
715 882 826 933 instructi
844 885 941 934 driutius

145 957 168 1006 iu
188 956 270 1018 linguis
287 955 388 1005 omnium
409 954 526 1017 gentium,
541 960 651 1017 quantum
671 955 835 1015 requirebatur
851 957 881 1005 ad
897 958 941 1005 tide·¹

145 1028 279 1077 doctrinam.
298 1026 341 1075 Sed
354 1030 461 1089 quantum
478 1026 506 1075 ad
519 1027 624 1088 quedam
635 1039 688 1089 quae
704 1027 892 1089 superadduntur
902 1029 941 1075 lm-

146 1112 212 1148 maua
229 1104 277 1148 arte
295 1099 323 1147 ad
337 1102 443 1163 ,ornatum
465 1100 490 1146 et
509 1098 647 1159 elegantiam
663 1096 806 1161 lucutionis,
830 1102 941 1165 apostolus

145 1172 268 1220 instructus
279 1175 327 1220 erut
346 1170 369 1219 iu
385 1168 475 1233 propria
490 1170 581 1232 lingua,
596 1182 642 1219 non
656 1173 734 1220 autem
753 1168 779 1219 in
793 1171 880 1222 aliena
891 1173 941 1220 Sicu:

144 1245 212 1294 etiam
232 1243 255 1292 in
270 1243 379 1305 rapientia
402 1246 426 1291 et
442 1240 538 1291 scientia
557 1242 648 1291 luerunt
667 1240 813 1294 sufficienter
830 1244 941 1295 instructi.

144 1320 252 1378 quantum
262 1315 388 1377 requirebat
400 1312 503 1364 doctriua
516 1312 578 1374 lidei,
586 1325 633 1363 non
643 1318 722 1363 autem
734 1319 853 1377 quantum
866 1318 894 1366 ad
905 1329 942 1364 om

145 1387 183 1435 uia
197 1400 246 1449 quae
260 1400 300 1449 per
315 1385 430 1435 seientiam
446 1383 581 1447 acquisitam
594 1390 782 1451 cognoscuntur,
794 1388 852 1451 putd
863 1389 941 1438 demu-

144 1458 282 1507 clusiouibus
298 1457 450 1507 ltritlrmetirm
470 1457 507 1507 vel
520 1456 663 1507 Geometrite.

176 1529 209 1577 Ad
224 1529 347 1579 secuudum
361 1528 496 1587 dicendum,
511 1527 569 1591 qubd
584 1526 687 1592 quamtis
701 1530 832 1591 utrumque
849 1530 898 1581 lieri
911 1543 941 1592 pe-

144 1599 237 1659 tuisset,
251 1600 339 1649 scilicet
353 1598 412 1660 qudd
423 1612 462 1662 per
475 1611 545 1649 unam
557 1598 658 1661 linguam
667 1597 794 1661 loquentes
805 1602 836 1653 ab
848 1604 942 1653 omnibu

143 1668 332 1731 intelligerentur,
347 1675 387 1718 aut
403 1669 462 1733 qudd
476 1670 580 1721 omuibus
596 1670 681 1733 linquis
696 1670 863 1736 loquerentur,
878 1680 941 1722 amer

144 1740 315 1791 cerrveuieutius
328 1742 372 1790 luit
386 1741 447 1805 qudd
458 1741 502 1805 ipsi
512 1744 616 1793 omuibus
629 1741 715 1805 linguis
729 1743 890 1807 loquerentur,
898 1746 941 1809 quir
955 1769 957 1820 ἰ

145 1812 189 1862 boc
206 1813 332 1876 pertinebat
348 1814 376 1862 ad
395 1812 558 1876 perlectionem
575 1814 674 1864 scientim
688 1813 813 1880 ipsomm,
825 1832 868 1882 per
885 1831 941 1880 quam

145 1897 192 1935 nou
203 1883 276 1935 solium
290 1885 352 1947 loqui
367 1887 407 1935 sed
416 1884 543 1948 intelligere
556 1887 660 1949 poterant
670 1898 723 1947 quae
735 1886 766 1935 ab
778 1888 835 1939 aliis
848 1891 940 1939 dicrum

147 1962 191 2008 tur.
208 1958 232 2006 Si
246 1961 322 2006 autern
334 1969 413 2005 omues
425 1969 493 2005 unam
507 1970 585 2007 ecrurn
596 1956 697 2017 linguam
710 1956 894 2017 intellexissent,
906 1962 943 2009 lior

146 2030 183 2079 uel
197 2030 277 2078 luisset
293 2042 334 2092 per
345 2029 462 2079 scientiam
476 2028 566 2078 illorum
584 2028 624 2091 qui
636 2040 676 2078 eos
689 2028 819 2092 loquentes
839 2034 943 2095 intellige-

145 2105 212 2162 rent,
229 2102 266 2151 vel
287 2101 367 2149 luisset
382 2100 448 2163 quasi
462 2102 565 2164 quedam
584 2099 675 2164 illusio;
692 2100 748 2150 dum
769 2104 873 2156 alierum
886 2108 943 2155 tortu

147 2174 212 2223 aliter
231 2173 258 2222 ad
276 2186 351 2223 eorum
366 2186 431 2222 aures
448 2174 610 2235 perterrentur,
623 2173 691 2237 quim
702 2170 749 2235 ipsi
764 2188 797 2225 ee
817 2179 942 2243 prolerreut.

147 2246 175 2293 Et
192 2245 242 2293 ideo
255 2245 333 2293 Glossa
347 2242 401 2292 dicit
415 2246 480 2300 Act„
495 2244 534 2306 u,
548 2244 610 2307 qudrt
621 2261 635 2291 (ι
647 2242 729 2305 majori
744 2245 861 2300 miraculo
871 2251 942 2299 lartum

147 2320 182 2366 est
193 2314 253 2380 qubd
262 2315 308 2378 ipsi
325 2316 426 2365 omnium
441 2315 568 2379 linguarum
578 2316 702 2378 generibus
714 2316 882 2381 loquerentur.
896 2341 908 2369 n
923 2324 943 2369 Er

147 2388 229 2438 Paulus
240 2386 294 2435 dicit
304 2385 339 2434 od
351 2384 476 2443 Corinth„
490 2387 538 2437 lllll
550 2387 655 2437 :Gratias
663 2387 767 2449 aeolico
778 2393 944 2454 quodomnium

146 2458 246 2509 uestrum
260 2454 338 2519 lingat
349 2456 435 2519 loquor.
446 2472 460 2504 u

178 2530 211 2579 ad
221 2530 311 2579 tertium
326 2528 455 2593 dicendum,
467 2527 529 2591 qudd
541 2529 645 2579 Christus
656 2528 789 2595 inproprie
804 2539 945 2600 personatui

146 2600 189 2649 soli
205 2600 268 2662 genti
280 2599 440 2664 predicaturus
454 2605 511 2662 erat,
526 2600 614 2651 scilicet
629 2602 723 2653 ludaris.
738 2605 768 2654 Et
782 2606 841 2659 ideo
855 2610 946 2674 quamtis

145 2669 195 2731 ipse
206 2672 291 2733 absque
301 2670 368 2720 dubio
380 2672 472 2722 haberet
486 2672 650 2735 perfectissime
659 2669 901 2731 scientiam'omnium
913 2680 945 2727 liu·

146 2752 253 2802 guarum,
269 2754 314 2791 uon
328 2745 404 2792 tamen
413 2743 514 2807 oportuit
523 2743 584 2806 qudd
597 2744 703 2795 omuibus
712 2746 803 2811 linguis
814 2752 945 2817 loqueretur.

145 2808 198 2857 ldeu
211 2813 286 2859 autem
300 2815 325 2861 ut
338 2814 625 2879 Augustinus'dicitsuper
634 2817 706 2865 Joeu.
721 2818 823 2882 (Tract.
836 2826 915 2875 xxxu
923 2825 929 2877 t
940 2807 957 2867 :i

148 2894 162 2927 u
172 2877 229 2928 Cim
238 2884 262 2929 et
275 2882 341 2933 modd
355 2884 451 2947 Spiritus
461 2891 552 2937 sauctus
565 2886 699 2951 accipiatur,
710 2902 784 2943 uerno
793 2892 896 2960 loquitur
907 2878 944 2943 liu·
