1934 3284
126 202 171 253 nst
244 210 350 251 mennon
368 208 497 262 mennon,
514 210 606 257 onmsr.
623 212 694 265 rom,
708 211 763 251 dar.
780 214 800 250 r.

127 292 206 341 licetur
218 290 302 354 aliquid
318 289 388 353 iacto,
398 283 452 341 'etin
465 288 679 353 tntisignidcatione
688 289 744 339 iacti
751 288 951 343 consistitexte-

126 363 172 413 rior
183 362 298 427 religionis
309 361 395 425 cultus,
404 364 429 410 ut
441 375 471 411 ex
482 360 550 425 snpra
567 361 633 411 dictis
647 363 719 425 patet.
729 361 758 411 Et
770 362 823 413 ideo
835 400 842 425 ,
858 364 883 413 si
896 380 949 428 pcr

127 435 214 484 cultum
225 432 359 485 exteriorem
370 432 454 496 aliquid
466 434 547 483 laisum
563 431 712 494 significetur,
723 433 768 483 erit
780 434 859 483 cultus
870 449 945 498 per-

127 506 238 557 niciosus.
253 506 301 557 lico
312 509 386 555 autem
400 504 511 568 contingit
523 504 650 569 dupliciter.
669 505 719 554 Uno
735 504 830 568 quidem
844 508 946 571 modo,

126 591 155 628 er
165 580 228 642 parte
245 576 278 627 rei
291 577 422 642 significata
438 576 452 628 d
467 590 513 641 qna
524 575 637 627 discordat
647 576 783 641 significatio
800 577 901 628 cultris:
918 587 947 630 ct

126 650 169 700 boc
179 650 254 712 modo,
265 654 367 713 tempore
380 662 445 699 noun
453 649 521 713 legis,
533 648 628 712 peractis
636 647 684 711 jam
697 645 783 699 Christi
799 651 943 713 mysteriis,

127 719 299 785 perniciciosum
316 724 351 771 est
370 722 403 771 uti
418 720 550 771 ceremoniis
565 720 648 771 veteris
660 720 731 784 legis,
746 720 828 784 quibus
843 721 944 773 Christi

127 792 233 857 mysteria
243 792 489 857 figurabanturiutura3
502 792 560 841 sicut
569 791 636 841 etiam
646 792 798 856 perniciosum
812 794 897 855 esset,
915 797 938 845 si

127 864 177 927 quis
197 864 265 915 uerbo
280 865 423 915 confiteretur
438 861 555 913 Christum
574 876 625 914 csse
640 877 770 929 passurum.
784 863 836 913 blio
860 868 943 918 modo

127 936 202 999 potest
214 936 345 999 contingere
354 935 442 986 falsitas
454 934 478 984 in
493 935 600 985 exteriori
616 936 679 985 cultu
690 950 719 985 ex
731 939 796 999 purte
815 934 939 1002 colentis3

126 1010 150 1057 ct
161 1008 204 1057 boc
215 1007 329 1071 precipue
339 1007 364 1057 in
375 1007 436 1056 cultu
447 1006 561 1057 communi
572 1007 613 1070 poi
628 1020 669 1071 per
680 1005 796 1056 ministros
806 1005 944 1058 exhibetur

127 1080 152 1127 tn
162 1092 259 1143 persona
272 1078 344 1130 totius
355 1077 471 1129 Ecclesia.
484 1076 548 1127 Sicut
561 1078 622 1127 enim
635 1077 741 1128 falsarius
756 1081 817 1127 esset
830 1079 875 1140 qui
893 1081 942 1129 ati-

127 1164 171 1213 qua
185 1153 322 1214 proponeret
336 1164 365 1199 ex
376 1152 439 1213 parte
453 1146 550 1213 alicujus
560 1163 610 1213 pun
620 1162 666 1199 nou
676 1148 938 1212 essenteicommissn,

126 1218 158 1270 ita
175 1220 254 1269 vitium
276 1220 383 1270 salsitatis
403 1220 513 1283 incurrit,
526 1222 564 1283 qni
582 1234 611 1270 ex
632 1223 696 1283 parte
714 1219 822 1269 Ecclesiae
840 1220 940 1273 cultum

127 1291 218 1342 exhibet
230 1292 277 1341 lieo
287 1294 363 1341 contra
372 1292 463 1341 modum
477 1290 555 1341 divina
568 1291 702 1342 anctoritate
716 1291 745 1341 ab
758 1289 862 1341 Ecclesia
875 1306 939 1343 cou-

128 1362 232 1412 stitutum
253 1365 276 1413 et
296 1362 320 1411 in
335 1362 434 1413 Ecclesia
453 1366 595 1414 consuetum.
609 1362 674 1412 Unde
695 1361 826 1413 umbrosius
848 1362 911 1413 dicit
931 1382 938 1414 :

128 1433 259 1498 «Indignus
273 1438 308 1485 cst
327 1434 365 1499 qui
385 1435 449 1487 aliter
469 1436 568 1486 celebrat
587 1434 719 1500 mysterium
736 1434 804 1499 qutm
822 1435 941 1488 Christus

126 1506 228 1568 tradidit3
243 1523 257 1553 u
268 1509 291 1556 et
299 1510 392 1571 propter
406 1508 449 1557 boc
463 1507 532 1557 etiam
542 1504 623 1557 Glossa
635 1506 703 1568 dicit,
715 1505 809 1559 Gelos..
821 1506 852 1567 n,
869 1510 940 1570 quod

129 1577 282 1641 «superstitio
301 1582 335 1629 est
349 1578 438 1643 quondo
460 1578 577 1629 traditioni
588 1580 695 1629 bumana,
708 1577 824 1641 religionis
838 1592 935 1632 nomen

127 1648 259 1713 applicatur.
275 1666 289 1697 o

159 1722 191 1771 dd
204 1720 301 1785 primum
312 1736 364 1787 ergo
374 1722 507 1786 dicendum,
521 1722 582 1786 qubd
598 1722 649 1773 clim
662 1723 722 1773 bens
736 1722 883 1785 minoritas,
900 1725 940 1775 illi

127 1792 234 1843 invocant
246 1794 331 1857 ileum,
348 1794 387 1857 qui
399 1795 423 1843 iu
434 1794 516 1858 spiritu
530 1797 552 1843 et
565 1794 661 1845 nerimte
674 1808 726 1843 enm
743 1794 834 1857 colunt,
851 1798 877 1844 ut
892 1797 934 1847 di·

128 1864 186 1915 citur
201 1866 282 1921 locu„
298 1866 334 1915 lV.
351 1866 379 1915 lit
393 1866 443 1915 ideo
460 1863 534 1915 cultus
545 1865 665 1916 continens
676 1864 800 1916 falsitatem
812 1878 862 1915 non
875 1881 937 1931 pcr-

128 1936 186 1985 tinet
198 1935 288 1999 proprie
309 1937 337 1986 ad
351 1936 393 1986 liei
414 1936 597 1996 invocationem,
619 1946 669 1999 quae
682 1936 763 1986 salvat.

159 2008 191 2057 dd
202 2008 324 2058 secundum
340 2007 472 2069 dicendum,
487 2008 546 2071 qnid
561 2011 613 2058 ante
625 2011 717 2071 tempus
732 2008 804 2071 legis,
816 2009 876 2091 justi
887 2025 935 2075 per

127 2078 256 2129 interiorem
272 2078 401 2129 instinctum
423 2079 591 2131 instruebantur
607 2080 634 2130 de
656 2081 722 2131 modo
736 2080 825 2131 colendi
840 2083 932 2148 licum,

127 2164 183 2215 quos
194 2151 234 2201 alii
245 2151 409 2215 sequebantuc3
420 2153 564 2215 postmodum
578 2150 633 2202 verb
645 2150 795 2202 exterioribus
804 2157 932 2218 preceptis

127 2222 185 2273 circa
196 2224 239 2274 boc
247 2220 351 2274 domines
361 2227 415 2273 suut
424 2222 538 2287 instructi,
548 2236 599 2287 que
609 2222 725 2287 preterire
736 2223 870 2287 pestiferum
881 2231 930 2277 est.

159 2296 191 2344 dd
201 2294 293 2345 tertium
308 2292 436 2355 dicendum,
446 2294 506 2356 quod
520 2296 613 2345 diuersae
626 2294 803 2345 consuetudines
816 2296 933 2348 Ecclesiae

129 2366 153 2415 iu
169 2365 231 2415 cultu
246 2365 332 2429 divino,
347 2366 370 2415 in
384 2365 447 2415 nullo
458 2366 548 2420 renati
563 2370 704 2432 repugnant3
717 2370 741 2416 ct
751 2366 803 2417 ideo
813 2370 869 2417 sunt
880 2380 933 2418 ser·

128 2436 216 2499 vande,
229 2438 253 2487 et
267 2450 307 2488 eas
320 2436 433 2503 preterire
447 2436 535 2487 licitum
547 2440 591 2487 est.
