1934 3284
352 161 389 199 nn
399 159 505 200 maman.
682 172 684 181 ·
780 151 827 202 tet

14 244 42 292 et
56 240 87 290 in
102 236 183 288 dielns
194 235 387 300 enutrientem,
402 237 426 288 in
439 237 524 302 quinm
536 239 645 290 memoria
655 239 829 292 remmeetionis

14 311 113 375 agitur,
129 309 213 360 dehent
226 307 300 372 eliqua
311 308 401 372 jejunia
413 309 492 360 inditi.

51 383 107 434 Sed
120 385 201 431 eontra
213 383 261 444 est,
275 381 405 432 eommunis
418 380 526 432 lleeleeie
539 383 687 434 consuetude.

51 455 63 518 (
71 456 221 504 Gonmnsro.
237 477 269 490 -
285 451 428 504 Conveniens
441 451 487 502 fnit
502 455 529 502 nt
541 453 647 504 homines
661 455 728 506 oertis
738 458 828 519 tempo-

16 527 90 576 ribus
109 538 137 575 ae
158 523 240 574 dtenm
260 523 289 574 ad
304 523 445 588 jejunierum
465 524 646 576 ohemmdonem
662 527 782 591 preceptis
800 541 829 579 se

16 595 149 648 laudabilis
163 595 271 646 ldeelesie
284 594 446 646 consuetudine
459 601 607 660 segmentum
621 601 648 647 nt
659 600 830 662 temporeone·

16 667 179 732 dragesime,
197 671 293 731 quatum
312 667 373 721 anni.
387 667 544 732 temporibus,
563 672 588 718 et
608 669 676 719 certis
700 674 829 722 sanctornm

16 739 130 804 Vigiliis.
144 738 153 802 )

51 811 198 874 Respondeo
212 809 345 872 (lieentum,
361 810 496 874 meditent
511 809 580 875 enprl
591 810 678 861 dietum
687 814 724 860 eet
736 811 746 875 (
756 817 799 862 nrt
814 816 828 862 l

19 889 43 935 et
54 889 70 934 3
81 883 105 947 ),
117 881 235 947 jejunium
246 883 274 932 ed
287 883 332 936 dne
341 882 465 946 ordinatae,
474 882 563 933 seilicet
574 883 601 932 ad
611 881 746 933 deletionem
758 885 830 947 culpe

20 961 45 1006 et
61 957 93 1006 ad
108 953 260 1006 elevationem
272 955 355 1004 mentis
369 955 394 1005 in
405 966 512 1019 superne.
524 956 553 1004 nt
563 954 616 1005 ideo
626 954 672 1004 illis
686 955 828 1018 temporibus

20 1027 161 1092 specialiter
175 1027 266 1076 inerunt
280 1025 370 1089 jejunia
385 1025 506 1076 indicendo
518 1026 543 1075 in
558 1025 642 1089 quibus
654 1027 773 1090 oportebat
787 1028 831 1078 ho·

21 1101 103 1150 mines
118 1097 235 1162 lpeeeeto
247 1095 352 1161 purgari,
365 1101 389 1147 et
404 1101 503 1148 mentem
514 1097 614 1148 ildelium
627 1097 711 1147 elevari
722 1097 830 1149 laneum

22 1187 64 1236 per
84 1169 242 1224 devotionem.
257 1171 311 1230 Qua
329 1169 423 1232 quiderm
438 1170 555 1234 precipue
568 1170 689 1222 imminent
702 1174 759 1222 ente
777 1185 831 1235 pas·

23 1245 117 1294 chalem
140 1241 320 1305 solemnitatem,
333 1241 358 1291 in
371 1254 416 1305 qna
433 1245 456 1292 et
470 1242 542 1306 empse
558 1255 600 1306 per
616 1243 755 1305 Baptienrnm
772 1244 831 1293 reln-

23 1319 122 1378 runtnr,
133 1312 174 1378 qni
185 1313 316 1364 solemniter
324 1311 349 1363 in
359 1313 436 1377 vigilie
448 1315 541 1364 Paselre
547 1314 677 1364 celebratur
688 1315 779 1377 qnando
794 1326 832 1365 re·

25 1387 110 1436 colitur
120 1383 234 1436 dominica
242 1385 366 1449 sepultum
377 1385 431 1449 qnia
440 1403 454 1434 e
464 1399 507 1450 per
515 1385 655 1450 Baptismnm
663 1386 830 1452 consepelimur

25 1459 121 1526 Christo
135 1457 160 1508 in
172 1460 281 1518 mortem,
294 1471 308 1504 n
323 1462 349 1506 ut·
359 1456 441 1507 dieitur
454 1457 489 1506 ed
503 1459 585 1519 Rom,
596 1458 635 1508 vl.
651 1459 677 1506 ln
690 1457 750 1507 testo
762 1457 831 1507 mam

26 1530 125 1580 Paeone
142 1531 232 1592 opertet
243 1527 341 1578 maxime
350 1531 450 1580 mentem
461 1528 562 1579 hominis
573 1542 618 1593 per
629 1527 772 1580 devotionem
784 1529 832 1580 ele·

26 1602 76 1652 vari
90 1601 123 1652 ad
136 1599 270 1652 eternitatis
283 1600 386 1664 gloriam,
394 1613 464 1664 onam
473 1601 578 1651 Cnristns
590 1602 730 1665 resurgendo
737 1601 831 1651 inenoa·

26 1674 59 1723 vit
72 1691 78 1724 :
96 1677 124 1724 et
137 1673 189 1722 ideo
198 1671 329 1724 immediate
340 1675 392 1722 ante
405 1672 570 1723 solemnitatem
583 1673 716 1723 Pesennlem
729 1672 832 1722 Ecclesia

28 1745 111 1796 statuit
129 1756 181 1794 esse
193 1743 353 1807 jejunandum.
372 1743 493 1794 eleatem
506 1743 628 1793 rationein
646 1743 736 1807 Vigiliis
751 1742 832 1807 praeei-

28 1829 128 1878 pnarnm
138 1814 302 1878 festivitatum,
313 1815 337 1866 in
351 1815 431 1878 quihus
444 1814 564 1878 preparari
572 1827 616 1864 nos
628 1818 718 1878 oportet
731 1817 758 1864 ed
773 1815 832 1866 leste

28 1887 106 1938 lutura
125 1887 210 1937 deuote
229 1886 372 1937 celebranda.
388 1885 497 1936 Similiter
510 1884 580 1935 etiam
602 1886 740 1936 eonsuetndo
756 1886 833 1936 Eeele·

30 1958 124 2008 siastica
136 1958 220 2020 habet,
232 1961 258 2005 ut
274 1958 297 2006 in
318 1956 414 2020 singulis
427 1956 514 2020 quartis
526 1957 583 2006 anni
596 1956 654 2008 neeri
669 1958 760 2007 ordines
778 1969 832 2007 eon-

29 2029 148 2091 lerantnr,
160 2029 190 2078 ad
202 2041 299 2093 quornm
306 2029 472 2092 susceptionem
486 2031 576 2092 oportet
587 2042 628 2091 per
641 2029 757 2092 jejunium
771 2042 831 2093 pre·

30 2101 105 2162 parari
127 2105 150 2150 et
167 2113 206 2151 eos
225 2100 263 2163 qni
284 2099 401 2162 ordinant,
421 2103 445 2150 et
461 2100 513 2149 illos
527 2099 567 2162 qni
589 2099 706 2150 ordinandi
724 2095 789 2161 sunt,
809 2104 833 2150 et

30 2173 102 2224 etiam
116 2176 190 2224 totnm
201 2172 325 2236 populum,
335 2185 376 2236 pro
387 2172 454 2236 enjus
468 2169 565 2221 ulilitate
578 2170 720 2222 ordinantur.
730 2172 795 2222 Unde
809 2173 834 2221 ei

31 2243 114 2307 legitur
126 2251 200 2302 mec„
219 2245 257 2306 Vl,
274 2243 357 2306 «qnid
370 2243 478 2294 [lominus
495 2245 550 2292 ante
566 2241 726 2306 discipolomm
740 2243 834 2293 electio·

33 2330 84 2368 nem
95 2319 169 2370 exivit
176 2319 201 2368 in
211 2320 312 2368 montom
323 2326 387 2368 orare
398 2317 595 2381 :qnodexponens
602 2315 732 2366 Ambrosius
741 2315 795 2381 (lile.
803 2317 832 2366 v.

33 2387 56 2437 in
69 2391 166 2440 Lucem
177 2390 203 2455 ),
218 2388 287 2438 dicit:
302 2388 381 2448 «Quid
394 2393 417 2439 te
427 2388 502 2439 faeere
512 2388 620 2438 convenit
630 2387 682 2437 einr
694 2388 730 2437 vis
740 2387 832 2452 aliquod

33 2460 132 2512 officinm
143 2460 234 2526 pietatis
250 2460 347 2524 adonai,
360 2462 451 2524 qnando
464 2460 567 2511 Christus
581 2460 692 2510 missurus
702 2460 832 2524 Apostolos,

34 2532 96 2595 priirs
108 2533 198 2584 orauit?
217 2547 231 2580 a
246 2532 312 2582 Ratio
325 2536 401 2582 entem
422 2533 526 2592 numeri,
540 2535 649 2594 qnantum
662 2531 691 2580 ad
702 2532 833 2596 quadrage·

34 2604 114 2655 simale
124 2604 248 2669 jejunium,
256 2607 293 2654 eet
302 2602 384 2668 triplex
393 2602 517 2654 seeundum
526 2601 658 2665 Gregorinm
665 2603 762 2667 (llomil.
772 2605 830 2655 xvi.

36 2674 59 2724 in
69 2675 238 2742 Komopolis).
252 2674 328 2726 Primo
342 2675 447 2739 qnidem‚
462 2674 516 2738 quia
527 2691 542 2724 u
555 2674 630 2724 sintne
641 2674 743 2738 decalogi
757 2689 798 2740 per
807 2676 835 2726 li·

36 2746 86 2799 bros
101 2752 199 2813 mnemon
209 2748 281 2799 saneti
291 2745 409 2812 Evangelii
419 2745 534 2810 impletur.
544 2747 655 2797 Denarinn
668 2750 743 2797 entem
753 2753 835 2812 qnater

38 2819 160 2884 laetania
173 2819 375 2885 quadragenarium
389 2818 468 2882 surgit.
484 2819 549 2870 ellel
562 2835 577 2867 n
589 2819 643 2883 quain
655 2817 679 2868 in
692 2820 737 2870 hee
746 2819 836 2871 mortali

40 2903 128 2958 torpore
140 2895 276 2956 exeuntum
282 2891 402 2949 elementia
411 2891 572 2956 monialium,
581 2895 696 2957 penenine
705 2893 835 2957 rulnpmtes

238 2982 244 3013 t
