1934 3284
260 197 292 236 or
307 196 518 237 vnruuorsoorrrs
532 197 651 239 usurusrr.
806 189 851 238 All

56 277 126 326 tatoni
143 273 258 325 oooultnro
275 273 397 338 prudentor
415 273 459 324 suli
471 273 546 338 aliqua
561 274 757 340 dissimulatione,
769 279 795 327 ut
808 278 853 327 Au·

55 345 160 409 gostinus
169 343 226 396 uicit
234 343 259 396 iu
270 344 310 396 lili.
325 345 361 394 De
371 344 500 395 mendacio
511 347 570 410 (oup.
585 350 624 407 it,
636 360 707 412 propo
716 347 804 411 finem).

84 419 120 468 Au
136 417 244 480 quintum
265 416 398 480 dicendum,
409 415 468 481 qnod
482 415 520 467 ills
534 417 572 480 qui
586 417 671 482 aliquid
687 419 814 483 promittit,
833 419 853 470 si

54 491 138 542 hubent
152 489 256 540 animum
273 488 374 540 faciendi
389 490 449 554 quod
458 490 584 554 promittit,
598 503 645 542 non
666 492 787 556 munitlun,
801 493 853 558 quio

55 577 101 614 non
112 561 215 626 loquitur
226 562 303 612 contri
318 559 340 612 id
359 561 491 625 pupugerit
511 560 535 610 in
550 563 642 624 moute3
657 562 677 613 si
689 563 743 615 vert
763 577 809 616 nou
820 566 853 614 lo-

55 635 100 686 oiut
113 635 177 700 quod
186 632 305 698 promisit,
314 636 370 684 tuno
383 633 601 686 udotnriniltlslitor
609 647 676 699 sporo
688 649 729 700 por
737 638 781 688 hoo
793 635 853 700 quiid

55 707 156 758 numum
170 708 252 755 uuutut.
267 706 431 757 Potesttamen
443 705 548 756 excusari
560 719 589 756 ox
605 707 708 758 duobus:
719 721 764 759 uuo
777 709 851 769 morlo,

56 780 74 830 si
91 777 199 843 promisit
214 777 239 828 iu
251 777 312 841 quod
325 776 446 828 mnnilsott
456 781 492 829 est
505 776 623 840 illinitum,
636 779 689 842 quia
702 780 854 844 promittendo

55 851 176 915 peccarit,
189 849 298 903 mutando
312 853 388 900 autom
405 850 546 914 propositum
559 848 619 901 bont
631 849 699 914 incit3
715 851 759 902 slio
777 853 852 906 modo,

56 925 139 975 nsunt
148 926 241 974 mutatu
251 923 393 974 oonoitionos
400 935 544 986 pouonuninu
553 927 577 974 et
590 922 747 986 negotiorum:
758 924 851 974 uteuim

55 996 145 1046 Seneca
157 995 229 1056 dicit,
245 993 285 1045 lib.
301 995 340 1043 De
357 994 481 1058 temptetis
500 993 553 1055 (lili.
573 995 615 1057 lv,
634 1007 684 1059 usp.
701 995 746 1058 3),
759 996 789 1045 ud
809 997 853 1045 hoo

55 1067 114 1132 quod
136 1068 207 1116 horno
222 1069 327 1117 urentur
345 1066 421 1118 {soors
439 1066 500 1130 quot
517 1066 634 1130 promisit,
655 1065 777 1130 requiritur
793 1065 853 1129 qnod

56 1139 131 1190 omnia
144 1138 265 1189 immutato
273 1143 427 1202 pomnnosnt.
438 1137 543 1202 Alioquin
552 1152 594 1190 neo
603 1139 646 1189 luit
657 1138 754 1188 mendax
766 1137 790 1187 in
801 1150 854 1202 pro

56 1213 182 1273 mit-tendo,
192 1209 246 1274 putu
257 1210 362 1275 promisit
374 1211 436 1274 quod
447 1210 545 1262 husehst
558 1210 581 1260 iu
591 1213 677 1273 ruente,
689 1209 853 1260 subiutollootis

57 1283 139 1334 debitis
154 1282 338 1346 conditionibus3
359 1295 403 1333 neo
417 1283 487 1334 stium
502 1287 537 1334 est
553 1281 652 1334 insulis
672 1295 719 1333 nou
739 1282 854 1346 implendo

58 1355 116 1418 quod
135 1353 257 1418 promisit,
271 1355 326 1419 quia
347 1355 434 1406 eudem
447 1353 586 1406 conditiones
597 1367 643 1406 non
655 1357 741 1404 eruut.
757 1355 821 1405 Unde
831 1358 854 1405 et

58 1426 180 1490 Apostolus
194 1439 242 1477 non
255 1429 293 1476 ost
304 1425 423 1488 mensus,
438 1427 482 1490 pni-
490 1439 537 1478 non
552 1426 594 1476 ivit
608 1427 754 1490 Corinthum,
769 1425 816 1492 qno
829 1437 854 1477 so

58 1494 140 1548 iturum
149 1510 203 1548 osso
210 1496 358 1560 prumisorut,
368 1502 395 1548 ut
405 1497 488 1548 dicitur
500 1498 519 1547 ll
529 1497 565 1547 od
576 1499 645 1554 Gor„
654 1498 672 1562 1,
681 1499 855 1564 ethooproptor

58 1568 222 1634 impedimenta
241 1582 292 1632 quo
305 1573 493 1634 supervenerant.
709 1597 711 1604 ,

86 1641 121 1691 Au
135 1643 228 1690 sextum
239 1639 372 1702 uiuendum,
382 1639 444 1704 quod
459 1639 651 1710 opsrutioaliquu
663 1644 738 1704 potest
750 1639 855 1692 conside-

58 1713 99 1764 rari
115 1710 254 1776 dupliciter:
268 1724 315 1763 uno
330 1713 398 1763 modo
408 1711 532 1762 secundinus
545 1711 656 1776 seipsam,
678 1711 722 1762 alio
740 1711 807 1762 modo
825 1725 854 1762 ox

59 1787 119 1847 parto
127 1781 254 1848 operantis.
260 1783 400 1835 lionduoium
410 1796 463 1848 ergo
471 1783 577 1848 jocosum
587 1795 616 1833 ex
626 1784 678 1847 ipso
689 1796 771 1846 penore
779 1783 855 1848 operis

58 1855 125 1906 lohet
138 1854 251 1907 rationem
269 1855 374 1918 sulendi,
387 1855 492 1919 quumvis
510 1867 539 1905 ex
551 1853 676 1918 intentione
691 1855 787 1905 dissutis
807 1867 854 1904 non

58 1928 142 1981 uentu
156 1927 185 1976 ad
201 1925 336 1990 latendum,
351 1940 395 1978 noo
407 1926 470 1977 tollat
482 1940 512 1976 ex
522 1927 588 1978 modo
597 1925 694 1978 dicendi.
706 1927 752 1978 Neo
770 1931 805 1977 est
819 1926 851 1978 si-

58 2000 109 2052 mile
116 2001 148 2050 llo
156 1998 310 2063 hyperbolicis
317 2003 358 2050 sut
367 1999 545 2063 quibuscunque
554 1997 679 2060 figurativis
691 1997 854 2059 locutionibus,

59 2086 107 2137 quae
119 2071 145 2122 in
164 2084 230 2121 saona
243 2070 358 2135 Susiptura
368 2071 526 2122 innuuntur
540 2069 629 2134 zonis,
646 2070 706 2120 siout
718 2072 856 2134 Augustinus
938 2081 940 2086 ⁴

60 2145 111 2195 dicit
122 2144 148 2194 iu
162 2142 203 2193 lio.
216 2143 251 2192 De
263 2143 394 2194 oueuducio
405 2143 466 2209 (sup.
483 2141 516 2206 tl),
531 2157 545 2190 u
555 2134 669 2206 quinquin
675 2140 769 2205 tigurutsl
776 2141 805 2192 ‘fit
816 2146 855 2192 aut

59 2217 153 2278 dicitur,
167 2229 215 2266 non
232 2218 269 2266 ost
291 2215 448 2278 menducium
466 2214 541 2266 omnis
557 2214 618 2264 onim
639 2213 764 2264 enuntiatio
785 2213 814 2264 ad
832 2213 855 2262 id

59 2289 118 2353 puori
130 2287 251 2350 enuntint,
261 2287 380 2338 referenda
389 2291 436 2350 ost,
445 2300 513 2338 omno
523 2289 599 2338 auten
612 2283 704 2348 Aguratt
716 2289 754 2334 aut
769 2284 855 2334 luctum

59 2363 96 2410 aut
106 2359 208 2420 dietum,
224 2361 269 2410 troo
282 2357 387 2410 enuntiat
394 2359 455 2423 quod
466 2357 579 2421 signitiout
587 2356 622 2409 uis
630 2355 713 2421 qulbus
726 2353 855 2420 intelliges*

59 2433 111 2484 doru
127 2436 172 2484 ost.
183 2449 198 2480 »
306 2455 313 2461 ,
