1934 3284
111 104 160 151 lito
212 114 324 152 neurus
340 114 468 163 ιιισιιιιιι,
481 114 576 159 οιιιιιι.
593 114 691 165 unis,
707 115 763 153 sar.
779 116 814 153 ιιι.

111 192 142 241 ad
155 194 259 253 sumptus
272 203 367 253 magnos
380 190 513 254 iaciendos,
527 194 551 241 et
563 203 627 245 amor
637 190 738 255 pecunie
751 204 819 255 quem
830 192 906 245 mode-

111 262 174 310 ratur
187 258 328 323 magnificus,
341 274 370 313 oe
384 263 488 325 sumptus
507 260 585 325 magni
600 262 762 325 impediantur.

143 330 178 381 ld
193 330 290 395 primum
306 345 359 395 ergo
378 331 511 396 dicendum,
529 331 589 397 qubd
608 332 666 386 sieut
686 332 754 397 supri
776 334 862 385 dietum
877 338 910 386 ιιι

114 400 169 465 (qu.
185 405 223 462 ta,
238 405 281 451 ert.
296 401 340 467 a),
351 404 447 454 uirtutes
465 404 509 455 illei
524 417 574 467 que
587 407 640 454 sunt
652 404 711 455 cirea
723 418 760 455 res
771 405 908 469 exteriores,

112 474 197 524 babent
214 473 312 537 aliquam
328 475 484 527 difficultatem
507 488 536 526 ex
552 474 603 540 ipso
616 489 699 539 genere
713 476 747 527 rei
767 476 828 527 eirea
845 491 910 541 quam

40 559 46 567 ·
111 548 147 595 est
160 546 248 606 ubios,
268 550 292 596 et
310 547 377 597 aliam
391 547 545 600 matruelem
558 560 587 597 er
608 547 764 611 magnitudine
777 548 851 612 ipsius
870 549 909 599 rei.

112 616 142 665 iit
159 617 210 667 ideo
224 621 315 681 oportet
329 618 389 669 cirea
401 618 521 683 pecuniam
534 621 560 669 et
574 633 640 669 usum
654 620 780 683 ejus,esse
794 620 852 673 duas
866 622 911 671 rir-

112 690 191 752 tutes;
209 689 295 741 scilieet
312 690 547 755 liberalitatemque
565 690 657 755 respicit
678 691 827 743 communiter
844 708 910 743 usum

112 760 229 825 pecuniae;
244 766 267 812 et
276 761 474 827 magnificentiam,
490 775 541 827 que
552 762 645 827 respicit
654 776 764 827 maguum
774 764 799 814 in
809 763 911 829 pecunie

113 845 165 883 usu.

143 906 177 956 lid
189 906 312 957 seeundum
326 906 456 968 dicendum,
470 906 532 972 qubd
547 920 602 959 usum
618 906 723 971 pecuniae
736 904 801 957 aliter
814 908 913 971 pertinet

111 977 278 1043 adliberalem,
294 983 318 1031 et
328 980 394 1030 aliter
407 979 434 1028 ad
446 978 601 1043 magnificum.
610 979 644 1029 Ad
653 978 769 1030 iteratam
785 980 849 1031 enim
862 992 912 1045 per-

110 1048 170 1107 tinet
183 1050 309 1102 seeundum
321 1050 382 1115 qubd
393 1049 495 1115 procedit
508 1063 539 1103 ex
556 1050 660 1103 ordinato
673 1050 757 1101 affecte
771 1050 831 1102 ebba
844 1066 913 1115 pecu·

111 1120 177 1170 uias:
188 1124 212 1172 et
218 1122 269 1172 ideo
279 1122 354 1174 ombis
362 1136 417 1173 usus
427 1121 516 1181 debitus
526 1122 641 1187 pecunie,
651 1124 718 1187 eujus
724 1122 912 1186 impedimentum

110 1192 170 1243 tollit
188 1195 315 1245 moderatio
329 1194 413 1245 amoris
434 1192 553 1258 pecunie,
570 1194 668 1258 pertinet
689 1196 717 1245 od
734 1194 911 1257 liberalitatem,

110 1264 198 1316 scilieet
211 1267 270 1316 dora
283 1271 306 1316 et
318 1270 430 1331 sumptus.
441 1266 486 1317 Sed
494 1280 550 1317 usus
562 1265 665 1331 peouuiae
673 1266 772 1331 pertimet
780 1267 809 1321 ad
823 1266 912 1331 magui-

110 1335 177 1386 fioum
193 1337 306 1389 inordina
318 1338 347 1388 ad
358 1338 450 1402 aliquod
460 1351 567 1403 magnum
577 1352 635 1403 opus
644 1336 706 1402 quod
720 1337 850 1389 laciendum
861 1342 910 1391 est:

39 1451 51 1470 ,
111 1410 135 1458 ιι
148 1409 201 1461 talis
218 1422 274 1460 usus
292 1424 339 1461 uon
352 1414 431 1475 potest
442 1423 493 1461 esse
504 1411 554 1462 sire
567 1414 671 1474 sumpta,
681 1410 731 1461 sive
744 1408 856 1475 expensi.

142 1482 176 1531 Ad
194 1482 285 1531 tertium
295 1482 429 1545 dicendum,
446 1481 509 1546 quod
522 1480 656 1547 magnificus
665 1480 734 1533 etiam
746 1482 784 1532 dat
799 1483 861 1533 dora
877 1481 913 1534 uel

110 1553 190 1614 xenia,
199 1556 225 1602 ut
233 1553 315 1603 dieitur
323 1553 348 1602 in
358 1554 396 1604 lV.
406 1554 491 1604 Etbte.
499 1554 544 1618 (l),
554 1567 600 1606 non
609 1558 685 1604 tamea
695 1553 737 1604 sub
745 1554 834 1605 ratioue
844 1555 907 1617 doni,

111 1626 152 1675 sed
169 1623 247 1689 potilrs
261 1625 304 1675 sub
317 1624 404 1678 ratione
419 1626 524 1690 sumptis
536 1626 635 1686 ordinati
654 1627 683 1677 ad
698 1624 787 1687 aliquod
804 1638 865 1691 opus
881 1630 911 1678 ia-

112 1695 230 1759 ciendom;
239 1694 303 1760 put'a,
313 1697 341 1747 ad
352 1698 509 1749 honorandum
520 1698 630 1761 aliquem,
640 1695 677 1747 vel
685 1697 712 1746 ad
725 1695 857 1748 laciendum
869 1699 911 1749 ali-

111 1768 164 1832 quid
181 1770 241 1820 unde
256 1768 376 1833 proueniat
388 1771 461 1821 bonor
474 1770 518 1821 toti
532 1770 632 1833 eivitati3
645 1768 704 1819 siout
723 1766 776 1819 edm
790 1769 845 1819 lacit
866 1770 912 1821 ali-

111 1839 167 1905 quid
182 1841 211 1891 ad
226 1842 286 1905 quod
300 1844 348 1891 tota
364 1841 444 1893 avitas
457 1842 534 1893 studet
545 1844 588 1904 ιι).

143 1913 177 1963 ltd
186 1916 291 1977 quartum
301 1912 431 1975 dicendum,
441 1912 501 1977 qubd
514 1911 646 1977 principalis
654 1915 718 1961 aetus
728 1910 819 1963 uirtutis
829 1917 865 1965 est
878 1914 912 1963 in-

111 1985 181 2036 terior
197 1984 294 2047 electio,
305 1997 373 2049 qiam
385 1984 458 2035 virtus
468 1987 544 2049 potest
555 1984 639 2035 babere
651 1983 736 2047 absque
746 1984 857 2037 exteriori
867 1986 912 2035 lor·

111 2060 183 2108 tuna:
195 2062 219 2108 et
230 2056 263 2107 sio
273 2055 343 2107 etiam
355 2069 442 2121 pauper
451 2059 528 2120 potest
541 2068 592 2107 esse
606 2054 746 2119 magnificus.
758 2052 803 2105 Sed
811 2057 841 2107 ad
849 2061 912 2108 exle-

110 2129 183 2181 m'o'res
195 2131 260 2179 aetus
273 2128 381 2178 virtutum
393 2129 538 2191 requiruntur
547 2128 607 2178 bona
617 2128 713 2177 fortuma
721 2163 728 2187 ,
737 2126 797 2177 sicut
808 2129 912 2191 quedam

110 2202 277 2254 iustrumenta:
291 2204 313 2251 et
326 2198 450 2251 mouodirm
461 2200 505 2249 boo
513 2236 520 2261 ,
528 2212 614 2263 pauper
627 2210 673 2249 noo
687 2201 763 2261 potest
776 2202 853 2249 aetum
863 2214 910 2251 ma-

110 2272 248 2336 gnificentie
257 2271 393 2324 exteriorem
406 2269 544 2322 exercerem
555 2269 592 2319 bis
605 2283 655 2334 que
666 2272 718 2319 sunt
731 2282 814 2332 magua
823 2270 912 2335 simpli-

141 2407 176 2473 (1)
190 2412 242 2458 Etsi
249 2411 317 2458 xenia
326 2422 373 2456 nou
384 2410 485 2469 appellat
492 2406 609 2467 expresse,
617 2408 658 2453 sed
670 2407 706 2453 vel
716 2408 780 2454 dorso
790 2402 911 2479 (dapsile),

111 2484 148 2529 vel
158 2483 331 2529 retributiones
342 2482 463 2530 domorum
475 2475 656 2553 (ἀντιδωρεὰς),
666 2492 720 2539 oop.
730 2479 755 2541 5,
769 2480 911 2540 granolet,

109 2553 146 2600 vel
159 2553 222 2610 apud
235 2556 258 2600 S.
271 2553 384 2599 Thomam
397 2554 451 2600 Ιιιι,
463 2554 487 2597 7.

144 2628 178 2691 (Β)
193 2632 240 2677 Vel
255 2632 317 2677 eirea
338 2632 400 2689 quod
417 2633 501 2679 civitas
517 2638 567 2682 tote
579 2638 719 2689 occupetur,
733 2632 800 2689 quasi
811 2631 910 2677 studium

111 2715 178 2749 suurn
199 2702 229 2747 ad
245 2702 270 2747 id
288 2705 426 2758 oouloreus;
442 2710 467 2750 ut
483 2704 586 2750 insinuat
598 2715 672 2761 mosea
685 2703 777 2761 phrasis
790 2701 810 2753 εί
822 2701 874 2773 περὶ
888 2722 910 2751 τι

111 2772 181 2821 πᾶσι
193 2771 286 2829 ἡπόλις
298 2768 443 2841 σπουδάζει,
461 2775 524 2833 quod
535 2776 569 2827 sio
583 2774 696 2821 verbatim
706 2774 771 2821 reddi
785 2779 876 2833 potest,
887 2777 910 2819 aa·

111 2843 179 2887 eirea
192 2840 310 2900 quiddam
322 2847 371 2891 totu
381 2846 468 2894 eloim
478 2844 565 2893 eluda.
