1934 3284
106 112 152 161 ιιι
212 124 319 162 erenum
336 121 466 171 securum,
482 117 575 168 coner.
592 119 672 170 cxvii,
690 121 746 160 nur.
763 122 797 163 ιι.

106 200 193 261 utendi,
205 200 342 251 assimilatur
352 198 449 249 bebitni.
461 198 559 248 Emissio
569 201 646 248 numm
656 197 756 264 alicujus
766 199 809 262 rei,
825 204 933 266 quantb

107 273 133 322 lit
145 272 174 322 ad
187 271 273 336 aliquid
284 270 420 330 distantius,
430 267 517 321 tantbi
525 269 606 332 majori
619 269 702 320 uirtute
716 271 837 334 procedit,
856 273 934 324 sicut

106 346 170 406 patet
182 342 207 392 in
221 343 259 394 bis
269 356 319 405 que
336 342 506 407 projiciuntur:
522 344 545 390 et
556 341 607 391 idco
620 355 648 392 ex
664 341 744 406 mejeri
757 343 847 394 uirtute
860 359 932 408 pro-

107 415 166 465 cedit
178 414 240 478 publ
256 414 339 478 allonis
351 415 440 465 emittat
459 413 583 479 pecuniam
599 413 673 464 dando
687 425 737 463 eam
754 413 820 477 allis,
845 419 931 479 quam

107 488 243 550 exponendo
260 500 311 537 eam
324 485 384 536 circa
403 487 513 550 seipsum.
529 485 647 548 Proprium
663 488 699 535 est
713 489 788 536 autem
802 486 933 552 uirtutis,

107 561 134 606 nt
143 557 258 622 precipue
270 559 350 632 teniat
363 559 388 607 in
399 558 423 607 id
435 559 495 622 qnod
508 555 631 622 perfectius
640 560 691 622 esl3
705 569 759 608 nam
769 575 783 605 u
793 557 878 609 virtus
889 567 933 610 est

107 629 218 692 perfectio
233 631 351 694 quedam,
371 632 431 679 »nt
452 629 535 679 dicitur
552 627 577 678 in
592 629 633 678 llll
657 628 787 693 Pbyer'cor.
808 629 850 695 (1)
876 647 883 680 :
903 639 934 682 et

107 701 161 750 ilco
173 700 273 752 liberalis
291 700 389 751 maxime
407 701 511 751 landatur
525 713 554 750 ex
565 699 665 750 latione.
791 713 795 721 ·
954 721 955 728 ι

140 773 173 821 lul
189 773 289 836 primum
306 786 360 836 ergo
377 772 515 836 (licendum,
530 770 590 835 quod
607 771 636 822 ad
651 770 792 836 prudentiam
811 774 931 835 pertinet

108 844 221 894 custodire
236 845 411 908 pecuniamne
428 842 563 908 surripiatur
576 844 615 892 eut
628 841 737 892 inutiliter
752 843 929 909 expendatnr;

108 915 150 963 secl
162 915 249 966 utiliter
262 929 313 964 eam
334 915 464 979 expendere
477 927 524 964 non
538 918 574 964 est
592 913 686 964 minoris
701 913 829 977 prudentie
849 916 932 979 quam
954 977 955 982 ἵ

108 986 197 1037 ιιιίιιιιι·
211 1001 261 1038 eam
278 1000 421 1050 conservare,
440 987 481 1037 seo
495 985 600 1050 majoris;
621 985 673 1048 quin
689 987 755 1050 plura
768 989 822 1035 sunt
838 989 929 1037 atten-
954 1015 955 1018 =

110 1058 184 1108 denda
197 1059 259 1109 circa
268 1073 334 1109 nsum
347 1058 465 1123 pecunie,
480 1055 519 1121 qui
530 1056 666 1106 assimiletur
675 1057 755 1117 motui,
768 1055 839 1120 qurim
859 1057 929 1108 circa

108 1131 323 1192 munerationem,
341 1145 391 1196 quae
402 1130 540 1180 assimilatur
553 1127 634 1192 quieti.
653 1126 717 1185 Quid
733 1131 809 1176 autem
826 1127 928 1192 illiqul

110 1207 261 1266 snscepemnt
278 1205 387 1267 pecunias
400 1202 428 1252 ab
439 1201 490 1251 aliis
504 1199 625 1264 acquisitas
640 1197 756 1250 liberalibs
770 1201 927 1264 expendant,

109 1275 175 1336 quasi
186 1274 312 1325 existentes
321 1274 405 1338 inopie?
420 1273 546 1337 inexperti,
559 1272 579 1322 si
589 1275 682 1336 propter
691 1271 762 1322 solam
771 1273 833 1322 hanc
847 1275 926 1324 inex-

111 1345 243 1407 perientiam
257 1346 380 1396 liberaliter
388 1346 552 1409 expenderent,
565 1355 611 1393 non
624 1342 850 1394 baberentrirtutem
859 1343 925 1394 libe·
954 1391 955 1412 ἶ

110 1415 214 1480 renunc,
222 1419 262 1467 sed
272 1419 408 1482 quandoque
416 1414 718 1481 hujusmodiiuexperientia
727 1424 752 1464 se
761 1414 831 1464 habet
841 1415 928 1467 solirm

111 1485 172 1538 sicut
184 1489 266 1539 tollens
281 1488 470 1554 impedimentum
489 1485 641 1550 liberalitatis,
657 1485 689 1536 ila
709 1485 769 1550 qnod
784 1487 925 1554 promptius
954 1483 955 1488 ’

110 1557 234 1609 liberaliter
249 1564 318 1624 agant
329 1576 335 1609 :
348 1560 416 1609 timor
429 1561 492 1609 enim
505 1557 588 1623 inopie
604 1571 631 1608 ex
646 1559 695 1623 ejus
708 1557 851 1622 experientia
863 1571 924 1624 pro·

110 1631 317 1695 cecens‚inpcrlit
330 1631 464 1695 quandoque
479 1645 520 1682 cos
533 1633 572 1695 qui
583 1631 737 1694 acquisierunt
750 1629 875 1694 pecuniam
891 1643 923 1681 ne
954 1669 955 1672 ,

111 1714 162 1752 cam
175 1706 309 1752 consumant
322 1701 445 1753 liberaliter
457 1703 560 1766 agend03
575 1709 599 1752 et
610 1700 713 1751 slmlliter
726 1713 789 1751 amor
802 1715 849 1764 quo
865 1717 921 1754 cem
954 1743 955 1768 3

111 1778 190 1823 amant
202 1776 310 1838 tanquam
323 1773 441 1838 pmprium
452 1775 568 1837 ellectum,
578 1779 604 1824 ut
617 1773 767 1837 Philosophus
777 1773 833 1824 dicit
847 1775 874 1824 iu
890 1775 921 1824 lV

144 1918 179 1968 ln
192 1919 315 1968 monadum
331 1918 466 1982 dicendum,
481 1917 542 1982 qnbd
557 1919 616 1969 sicut
630 1917 714 1968 dictum
729 1921 774 1982 est,
788 1917 816 1966 ad
831 1917 920 1969 libera·

112 1988 199 2039 litatem
214 1989 312 2054 pertinet
323 1989 487 2041 conuenienter
500 1989 535 2038 uti
548 1988 658 2054 pecnnia,
672 1994 695 2040 et
711 2003 752 2054 per
769 2001 920 2054 consequens

113 2061 277 2113 conuenienter
290 2063 358 2125 dare,
373 2062 434 2126 quod
448 2066 483 2112 est
497 2061 589 2125 quidam
608 2062 787 2126 pecuniamne.
803 2061 922 2118 Quaelibet

113 2137 189 2184 autem
202 2133 276 2185 uirtus
286 2135 390 2185 tristatur
398 2135 426 2184 de
439 2133 552 2184 contrario
565 2133 600 2183 sni
614 2133 691 2194 antris,
702 2136 726 2183 et
738 2131 794 2182 uitet
807 2132 861 2196 ejus
872 2135 919 2183 im·

112 2206 259 2270 pertimentn3
279 2207 301 2257 el
319 2210 394 2264 eutem
408 2206 469 2270 qnod
487 2206 523 2256 est
535 2204 696 2256 conuenienter
710 2207 762 2255 dure
784 2205 828 2255 duo
844 2219 920 2271 oppo-
954 2219 955 2228 ³

113 2283 208 2340 nnntnr,
226 2278 315 2328 scilicet
332 2291 378 2327 non
392 2278 446 2327 dare
459 2277 520 2340 qnod
534 2277 695 2327 conuenienter
714 2280 749 2326 cst
765 2276 880 2340 dandum,
895 2281 919 2326 et
954 2289 955 2334 ς

114 2349 168 2399 darc
181 2349 266 2412 aliquid
281 2348 473 2399 inconvenienter
490 2363 495 2396 :
511 2351 571 2402 unde
586 2350 613 2399 de
630 2351 726 2411 utroque
740 2347 843 2398 tristetur
856 2350 917 2400 libc-
954 2369 955 2372 ¹

113 2420 175 2482 ralis,
191 2422 231 2471 sed
246 2423 274 2471 de
286 2419 361 2487 primo
373 2420 458 2484 magis,
473 2419 525 2483 quia
540 2419 591 2484 plus
602 2419 725 2484 opponitur
740 2420 830 2492 proprio
844 2420 915 2472 actui.

114 2491 202 2542 itticleo
215 2493 284 2542 etlam
297 2505 345 2543 non
356 2492 394 2542 dat
406 2492 528 2554 omnibus3
541 2493 689 2557 impediretur
707 2491 767 2542 eninr
784 2497 848 2543 ectus
866 2493 916 2556 ejus
954 2511 955 2514 ¹

114 2562 135 2613 ei
143 2564 283 2626 quibuslibet
298 2565 370 2627 daret,
385 2577 431 2615 non
441 2564 501 2614 enim
515 2563 609 2614 liaberet
622 2563 682 2615 urile
696 2563 747 2614 aliis
758 2564 822 2614 daret
835 2564 915 2628 unibus

114 2636 167 2685 dure
183 2637 300 2687 convenit.

146 2710 179 2759 Ad
196 2708 288 2758 tertium
307 2710 443 2775 dicendum,
460 2707 521 2774 quod
536 2709 600 2760 dore
618 2714 641 2761 el
663 2711 776 2776 occipere
792 2723 817 2761 se
830 2707 913 2761 babent

147 2854 179 2917 (ι)
195 2858 225 2902 lit
243 2854 321 2902 uidere
334 2864 370 2903 ent
382 2864 439 2904 text.
454 2857 499 2918 1⁸,
514 2869 561 2904 non
575 2858 605 2906 17
615 2891 622 2913 .
633 2857 693 2905 elcut
710 2855 787 2916 priris3
804 2855 911 2913 quamvis
