1934 3284
126 179 172 226 228
245 185 354 226 suenum
371 186 500 238 SECUNDB,
516 186 612 236 uului.
627 185 697 239 xcix,
713 186 769 226 m.
786 187 806 225 1·

125 265 185 328 quod
203 275 290 314 serrum
309 263 430 328 pertinere.
449 266 510 330 drgo
529 266 618 317 videtur
635 263 697 329 qnod
718 263 927 328 nonenoeane

125 333 233 400 importet
249 333 394 386 violationem
406 334 504 401 udoujno
515 336 584 388 neeri.

158 411 181 455 3.
195 407 323 469 Preteree,
339 407 411 471 major
420 409 455 458 est
464 407 537 458 virtou
549 406 666 471 orionem
675 407 747 458 virtue
759 408 867 461 hominio.
878 411 927 463 Sed

126 491 165 528 res
178 489 247 528 seorae
258 477 272 527 i
283 479 329 530 Deo
347 478 492 530 inuetitutem
505 478 617 530 obtinent.
635 479 694 542 Ergo
709 493 757 532 nou
771 485 868 544 poenum
886 496 930 546 per

127 548 233 601 hominen
249 549 343 614 violeri3
358 550 427 602 etita
441 550 584 616 onriegirm
596 563 644 602 uou
655 551 746 604 ridetur
759 565 810 604 osee
825 569 839 601 n
857 566 930 607 neno

126 620 161 672 rei
177 619 278 672 violatio.
293 637 307 670 o

158 693 204 745 Sed
225 697 305 744 contre
320 697 369 758 est,
384 695 445 758 qnod
463 693 563 746 Isidorus
582 694 638 746 dieit
655 696 682 747 iu
699 697 756 748 libro
769 697 929 764 Etymoioq„

128 763 189 830 quod
206 781 220 814 n
235 765 357 830 euenieguo
371 765 453 817 dieitur
472 765 501 816 uir
516 777 544 817 oo
557 765 619 830 qodd
629 780 693 820 neore
706 767 777 833 legit,
787 769 835 819 oid
844 774 880 821 eet
892 771 930 820 iu-

128 839 198 888 retur.

160 909 508 973 (concinno-secrodunt
520 912 555 961 eet
563 922 633 962 onore
645 910 680 960 rei
696 909 817 973 violatio.)

158 982 294 1046 Respondeo
308 982 443 1045 dicendum,
455 981 516 1046 quod
531 982 590 1032 siout
600 994 628 1032 en
642 980 710 1047 sopri
722 980 790 1032 dietis
802 983 877 1047 petet,
888 1001 930 1034 eo·

128 1069 201 1105 erem
212 1054 294 1104 dicitnr
307 1052 390 1117 aliquid
403 1065 468 1104 exeo
478 1052 539 1116 qnid
550 1052 579 1104 ud
596 1053 793 1103 divinumonltum
802 1055 929 1106 ordinetur.

128 1125 192 1176 Siout
210 1127 286 1176 autem
302 1138 331 1175 ex
348 1137 375 1174 eo
394 1122 454 1188 quod
468 1123 555 1187 eliqnid
574 1124 691 1175 ordinatur
703 1124 729 1174 iu
746 1123 928 1190 duernionem,

129 1197 220 1248 sortitur
232 1196 341 1246 rationem
352 1194 405 1244 boni
412 1231 421 1257 ,
429 1194 462 1244 ita
470 1197 540 1244 etiem
549 1208 579 1245 ex
589 1197 633 1246 hoo
644 1194 704 1259 qood
715 1193 802 1258 aliquid
808 1196 931 1260 deputetur

127 1267 254 1317 edentium
270 1264 324 1328 Dei,
335 1265 434 1316 efficitur
449 1265 563 1328 quoddam
573 1265 693 1324 divinum
708 1266 775 1316 etsie
787 1266 809 1318 ei
823 1269 930 1331 quedem

128 1337 258 1388 reverentie
267 1336 371 1398 debetur,
384 1349 434 1398 qne
449 1336 547 1386 retertur
560 1336 585 1385 in
595 1338 675 1387 Deum.
684 1337 713 1387 Et
725 1336 777 1389 ideo
792 1351 860 1390 omne
873 1339 930 1390 illud

128 1407 189 1470 qood
204 1408 232 1459 ad
243 1407 413 1458 irreverentiam
430 1420 506 1458 rerum
523 1419 638 1458 oaorernm
652 1408 762 1472 pertinet,
772 1410 801 1460 ed
817 1409 930 1474 injurium

128 1479 168 1530 Dei
179 1479 292 1543 pertinet,
302 1481 325 1528 et
336 1477 404 1528 hehet
417 1477 532 1542 sacrilego
545 1479 666 1530 rationem.

161 1550 307 1614 Adummim
324 1563 378 1612 ergo
396 1549 532 1612 dicendum,
545 1548 607 1613 quod
624 1549 749 1602 secundior
763 1551 929 1616 Philosophum

130 1621 174 1672 inl
186 1620 268 1671 Erote.
281 1621 341 1685 (cup.
353 1623 387 1684 it,
399 1621 484 1673 bouum
494 1633 615 1672 commune
625 1622 699 1685 uenis
712 1625 748 1672 est
760 1623 876 1685 quoddam
894 1625 929 1676 di-

129 1693 225 1754 vinnm3
238 1695 261 1743 et
278 1692 329 1742 ideo
342 1691 465 1756 antiquitus
485 1697 584 1746 rectores
604 1692 733 1756 reipublice
756 1692 843 1743 divini
862 1709 930 1746 voee-

129 1766 219 1826 oentn,
237 1762 303 1827 qnasi
329 1761 412 1813 divine
433 1763 580 1827 providentie
601 1763 711 1828 ministri,
726 1763 850 1817 ueoondiru
874 1766 931 1818 illud

129 1838 202 1901 Sep„
217 1836 263 1886 Vi:
281 1851 294 1883 o
308 1833 364 1884 Cium
378 1835 459 1885 essetis
472 1833 569 1890 ministri
586 1834 651 1898 regui
665 1835 739 1898 iilius,
754 1848 801 1886 nou
813 1837 878 1890 reete
890 1838 930 1901 jn-

129 1907 231 1958 dioeotis.
252 1923 266 1954 »
285 1906 313 1954 ut
325 1905 359 1955 sio
372 1918 412 1968 per
427 1907 548 1970 quemdam
568 1906 667 1957 nominis
683 1907 857 1969 extensionem,
873 1908 931 1960 iilud

129 1980 188 2044 quod
207 1977 305 2043 pertinet
318 1977 350 2040 nd
368 1975 539 2028 irreverentiam
560 1976 670 2043 principis
686 1978 792 2043 (seilicet
811 1978 930 2045 disputare

129 2049 157 2101 de
167 2050 219 2114 ejus
226 2047 320 2114 judicio,
330 2061 359 2098 nn
372 2051 476 2111 oportent
486 2048 561 2113 ipsum
573 2048 656 2114 sequi),
666 2049 791 2101 neoondirm
806 2053 929 2115 quemdem

129 2121 299 2174 similitudinem
316 2119 456 2184 sacrilegium
472 2119 563 2170 dieitur.

160 2194 193 2244 to
205 2193 328 2244 secundum
337 2192 468 2254 dicendum,
477 2190 536 2255 qudd
549 2191 647 2255 populus
659 2192 797 2246 christianus
810 2207 851 2258 per
860 2193 929 2244 tidem

128 2269 152 2318 et
164 2269 303 2317 sacramente
321 2263 405 2315 Christi
418 2262 569 2312 sanctificatus
587 2266 637 2326 est,
651 2265 775 2317 seeundirm
791 2265 848 2316 iliud
862 2267 875 2314 1
892 2265 929 2314 od

128 2339 251 2396 domii:
266 2354 279 2389 n
289 2337 332 2388 Sed
341 2334 411 2386 abluti
422 2333 494 2397 estio,
509 2334 550 2385 sed
568 2335 704 2388 sanctificati
720 2337 792 2401 estin3
807 2353 821 2385 o
836 2341 860 2388 et
876 2337 929 2388 ideo

128 2409 140 2460 1
153 2410 232 2466 Pete„
246 2408 281 2470 ll,
297 2406 396 2459 dieitur:
410 2422 424 2454 r<
437 2405 483 2456 Vos
495 2404 551 2457 estio
565 2419 637 2470 genus
651 2409 758 2472 electum,
767 2409 843 2472 regale
852 2421 930 2458 enuer-

128 2478 229 2540 dotiurn,
244 2493 300 2542 gens
310 2481 403 2539 ennete,
416 2477 515 2543 emulus
528 2477 692 2542 aequisitiorrio.
705 2495 719 2526 o
731 2480 760 2529 Et
772 2480 823 2532 idoo
834 2479 858 2530 id
868 2478 931 2542 quod

128 2550 154 2600 tt
169 2549 194 2598 in
205 2549 312 2615 iniurium
325 2549 404 2616 populi
416 2547 543 2613 christiani,
556 2549 643 2601 seilicet
651 2549 713 2614 qnod
723 2550 827 2602 iulideleu
837 2550 860 2600 ei
869 2563 931 2615 prae·
964 2567 966 2571 ·

128 2621 244 2683 firiautnr,
260 2620 359 2685 pertinet
375 2623 402 2672 ad
415 2620 586 2672 irreverentiam
600 2633 670 2672 neore
691 2620 733 2672 rei.
748 2622 813 2674 Unde
825 2622 932 2674 ratione-

128 2691 203 2742 biliter
215 2691 380 2756 saerilegium
395 2691 484 2743 dieitur.

160 2763 194 2812 td
206 2761 299 2814 tertium
316 2761 448 2827 dicendum,
459 2761 519 2826 qndd
533 2760 626 2814 violatio
641 2763 680 2814 irio
693 2763 755 2828 lorge
769 2764 851 2816 dieitur
864 2778 931 2831 quo·

128 2845 224 2896 eumque
238 2833 388 2884 irreverentia
401 2836 437 2885 vel
452 2831 608 2885 exhonoratio.
628 2833 691 2884 Sient
710 2840 787 2886 autom
803 2837 877 2888 horror
896 2839 931 2887 est

127 2905 301 2970 inhonorando,
317 2918 362 2958 non
375 2909 451 2960 nutem
465 2905 490 2958 iu
505 2918 533 2958 eo
549 2905 589 2970 qui
606 2906 774 2973 denuntient
790 2907 928 2961 domnini
