1934 3284
104 166 149 213 161
230 168 339 209 secunus
356 166 480 219 amnon,
494 166 586 214 ouusr.
604 166 663 217 xcn,
676 165 732 205 sur.
746 169 774 206 rr.

104 251 186 301 Eitis.
201 249 239 299 Sis
253 259 307 310 ergo
319 244 449 310 superstitio
462 247 498 295 esi
507 244 587 293 ritintn
596 244 704 309 religioni
720 245 851 310 oppositum
866 264 907 303 ω.

104 322 201 374 cundino
213 332 347 383 excessum,
359 332 405 368 nou
415 317 468 382 quia
482 317 533 383 pins
542 316 648 367 exhibeat
661 318 685 367 iu
700 317 787 368 cultum
799 319 911 376 diuinum

104 393 172 458 puin
186 406 240 443 vera
257 391 354 454 religio,
374 391 413 441 seri
429 390 481 453 quia
495 387 587 439 exhibet
600 389 686 439 snitum
705 389 810 442 diuinum
820 394 860 443 rei
872 398 915 447 eui

102 479 150 517 nou
159 465 234 525 debet,
246 464 280 513 rel
291 477 319 514 eo
328 464 395 514 niodo
407 476 451 527 que
466 476 512 513 nou
526 462 602 513 debet.

135 538 168 588 Ad
182 537 280 601 primum
294 547 347 597 ergo
358 534 494 595 dicendum,
504 533 565 597 quod
574 532 633 584 sieut
645 534 736 583 bonum
749 539 912 601 metaphorice

103 610 186 661 dieitur
198 608 221 657 in
237 606 316 671 maiis,
330 611 398 671 prout
413 606 507 657 dicimus
521 606 614 655 bonum
634 606 771 664 lotrensem,
786 608 820 658 ite
835 610 912 664 etium

103 682 195 733 nomino
204 681 311 729 virtutum
327 679 461 744 pindoque
470 678 636 743 transumptive
645 678 786 743 eoeipinutur
795 681 821 731 in
830 684 911 749 maiis3

104 755 162 805 siout
177 752 296 818 prudentie
307 753 441 817 quandoque
452 751 545 814 ponitur
557 764 598 815 pro
609 751 700 811 astutia,
711 752 836 803 munuum
846 756 911 809 iilud

103 828 173 889 Lero„
183 825 233 876 xvi
245 838 251 874 :
263 824 340 874 «Filii
350 824 419 888 hujus
428 822 507 873 osculi
520 822 678 886 prudentiores
687 822 741 872 tiliis
751 823 810 874 iuois
819 831 886 877 sunt.
894 846 910 876 »

103 898 131 947 Et
144 909 185 961 per
198 896 361 947 hunerondum
376 894 510 959 superstitio
518 894 602 944 uioinr
611 907 661 946 esee
673 894 761 957 religio.

134 968 444 1029 strenuissimorum,
456 964 517 1029 quiri
529 965 589 1016 uliud
598 969 636 1017 ost
644 965 782 1031 otpmoiogia
792 969 912 1036 uomiuis,

103 1044 127 1093 et
142 1042 204 1093 uliud
219 1044 255 1092 est
269 1039 402 1103 siguiiostio
416 1038 532 1101 nominis,
547 1038 685 1103 etymologia
697 1038 761 1088 eninr
780 1040 915 1094 attenditur

102 1113 260 1165 senrrndimid
278 1112 291 1161 i
308 1124 352 1175 quo
368 1109 492 1176 imponitur
505 1123 589 1161 nomeu
607 1111 637 1160 ud
653 1110 848 1176 significandum,
858 1128 915 1168 uo-

102 1186 171 1235 minis
186 1184 241 1236 vero
257 1182 393 1247 significatio
408 1182 532 1235 attenditur
542 1181 667 1233 seeundum
682 1181 706 1231 id
719 1182 747 1233 ni
759 1182 821 1245 quoti
835 1185 917 1249 sigui·

104 1256 215 1307 tinendnn
236 1268 319 1307 nornen
338 1254 469 1319 imponitur.
492 1256 548 1313 oue
565 1255 700 1317 pindoque
721 1254 809 1305 diverse
832 1264 913 1311 suut:

102 1339 188 1377 nomeu
205 1324 359 1389 euimispiiis
369 1326 495 1390 imponitur
504 1324 518 1375 t
528 1324 621 1376 lesione
632 1324 706 1389 pedis,
719 1329 854 1377 nontamen
862 1330 914 1382 iios

103 1396 222 1461 signiiient.
239 1395 344 1461 Alioquin
357 1396 451 1458 terrum,
465 1395 519 1445 eirnr
528 1395 610 1460 pedem
623 1396 703 1460 iaeriet,
719 1395 777 1459 iupis
786 1403 861 1450 esset.
872 1402 915 1452 Si-

103 1469 187 1520 militer
196 1468 264 1519 etiarn
279 1480 362 1519 nomen
379 1467 546 1532 superstitionis
559 1478 607 1518 uon
617 1471 708 1532 oportet
717 1467 778 1531 quid
790 1468 917 1533 signitioet

103 1540 159 1591 iilud
174 1540 187 1591 ir
200 1554 244 1605 quo
258 1552 341 1591 nomen
356 1544 390 1589 est
404 1539 544 1604 impositum.

135 1614 168 1663 tid
180 1612 271 1665 tertium
285 1611 404 1662 direntium
414 1650 420 1673 ,
432 1611 494 1675 quon
504 1612 584 1676 religio
595 1623 643 1662 nou
653 1615 727 1677 potest
736 1613 917 1671 habereeroos-

101 1692 152 1735 sunr
168 1682 291 1735 secundini
309 1683 460 1747 quantitatem
482 1684 623 1747 ahsolutum
638 1687 713 1748 potest
728 1688 805 1734 tumen
819 1688 914 1741 trabere

104 1768 220 1807 excessum
235 1754 358 1807 secundini
368 1756 517 1818 quintinum
530 1756 692 1823 proportionis,
704 1757 873 1820 proutsoiiieet
888 1762 917 1812 iu

102 1827 168 1877 onitu
178 1826 255 1877 divino
269 1827 294 1875 nt
306 1826 392 1891 siiqrrid
401 1827 465 1891 quod
478 1826 528 1877 fieri
540 1840 586 1877 uou
595 1827 670 1878 debet.
743 1835 746 1841 ’

401 1992 563 2056 rurrcnnns
577 1998 605 2049 n.
637 2069 646 2075 ..

205 2164 209 2170 .
235 2123 775 2181 1111111εἰητάἰυενεωεκρονειίίίωιὲωρεοίεε.

136 2254 168 2305 nd
186 2253 309 2305 secundnm
322 2252 355 2303 sie
365 2251 502 2315 proceditur.
511 2251 605 2302 Videtur
617 2251 678 2316 qnod
693 2263 739 2302 nou
749 2253 796 2303 siut
809 2252 916 2309 diverses

102 2324 269 2391 superstitionis
277 2324 376 2390 speeies.
386 2322 443 2381 Quia
451 2322 577 2378 seeundum
588 2323 751 2388 Piriiosopiruro
762 2325 807 2374 iul
818 2326 913 2390 Topic.

103 2398 164 2463 (cup.
176 2397 225 2461 1³),
242 2414 255 2445 u
266 2397 286 2447 si
303 2394 541 2459 nnumoppositorum
560 2396 643 2446 dieitur
652 2395 822 2460 multiplieiter,
837 2401 864 2449 ei
872 2413 916 2451 re·

102 2469 221 2533 liquum.»
237 2468 280 2519 Seri
289 2467 369 2531 religio
379 2467 415 2518 oui
428 2466 551 2531 opponitur
564 2466 707 2531 superstitio,
723 2480 769 2517 uon
785 2469 859 2523 most
873 2470 916 2521 di-

103 2538 296 2602 versasspeeies,
312 2540 352 2589 seri
369 2552 449 2591 ornnes
462 2538 513 2603 ejus
524 2542 589 2589 aetus
600 2540 628 2590 ad
640 2552 709 2594 noenu
726 2537 826 2602 speeiem
842 2542 910 2592 reie-

102 2614 191 2663 ruutun.
206 2611 265 2674 Ergo
280 2624 323 2662 noe
335 2612 465 2675 superstitio
479 2612 550 2663 hibet
562 2611 665 2663 diuersus
676 2611 775 2676 speeies·

134 2688 157 2733 e.
172 2684 299 2746 Pronoea,
312 2683 417 2747 opposite
429 2688 483 2736 snut
495 2684 557 2736 oiroe
571 2685 639 2735 idem.
650 2684 696 2738 Sed
707 2682 849 2746 reiigio,oui
862 2698 913 2749 op·

102 2754 193 2817 ponitur
207 2753 350 2817 superstitio,
364 2758 399 2805 est
412 2756 472 2807 eirea
486 2768 513 2806 ea
529 2756 611 2819 quihus
624 2756 752 2806 ordinamur
768 2754 794 2804 iu
814 2756 895 2807 Deum
901 2794 911 2820 ,

103 2828 129 2877 ut
140 2823 207 2889 sopri
219 2823 322 2874 habitum
338 2828 373 2877 est
387 2826 440 2893 (qu.
458 2831 498 2890 81,
510 2832 554 2885 ert
567 2832 581 2877 1
592 2831 616 2879 ei
627 2827 668 2891 5).
683 2827 733 2879 Non
744 2838 800 2889 ergo
810 2826 909 2890 species

102 2893 281 2960 superstitionis,
299 2908 348 2961 quie
364 2898 483 2964 opponitur
500 2898 621 2964 religioni,
635 2900 732 2965 possunt
749 2898 838 2950 attendi
860 2911 899 2952 so·
