1934 3284
127 230 173 281 itt
251 238 358 280 smenon
371 226 499 286 mmmm,
512 235 604 284 oum
617 233 682 287 xcv,
692 223 757 278 'stc
770 226 799 278 iu.

158 316 436 384 neapolitensium,
454 311 516 381 qubd
531 314 591 366 siem
603 305 891 381 snprtdictum‘esthu.
906 317 939 364 ss

127 395 151 442 et
168 394 212 449 st,
231 394 275 441 ert.
291 389 337 453 l),
352 388 484 453 superstitio
497 385 605 451 importat
616 388 742 439 indebitum
760 388 852 439 cultum
874 386 938 439 divi-

126 460 214 513 nitatis.
232 462 264 512 sd
289 461 373 511 cultum
395 460 471 509 autem
496 458 536 509 llei
557 458 658 521 pertinet
677 459 763 523 aliquid
783 461 939 524 dupliciter:

128 546 175 585 uno
184 534 259 593 mado,
267 530 318 581 edm
325 530 409 595 aliquid
420 530 466 581 ileo
477 530 578 591 clienter,
587 532 624 581 uel
635 531 777 595 meridedum,
787 532 827 581 vel
835 532 940 594 oblatio,

128 605 165 655 vel
176 604 259 669 aliquid
270 601 414 667 bujasurodl3
430 602 475 651 alio
486 602 571 663 modo,
585 600 638 652 edm
649 603 734 665 aliquid
744 603 855 654 divinum
871 616 942 655 assu-

129 670 211 736 mitur,
227 675 287 726 sicut
300 673 466 739 supradictum
481 678 518 724 est
531 675 559 723 de
570 672 701 737 juramento
713 676 720 736 t
732 688 772 737 qu.
782 678 830 739 ⁴tl,
845 681 895 729 art.
916 679 941 737 5,

126 747 155 797 ad
169 747 203 810 t).
222 747 252 796 lit
267 747 318 797 ideo
329 746 358 797 ad
369 744 553 809 superstitionem
568 745 667 808 pertinet
680 758 725 809 non
738 744 811 808 solim
827 747 888 799 cium
899 760 942 797 sa·

127 818 235 869 cridcium
248 816 389 869 demonibus
402 814 497 866 otlertur
509 829 551 880 per
563 815 711 866 idololatriam
719 853 728 879 ,
737 816 864 870 aetoliam
882 818 940 871 cim

128 889 212 955 aliquis
224 890 320 941 assumit
333 887 441 937 sutilium
457 888 586 938 demonum
598 888 627 937 ad
644 886 730 951 aliquid
747 874 887 943 laciendum
904 892 944 942 vel

128 964 319 1027 cogrrosceudnm.
336 960 414 1011 oannis
431 962 508 1009 autem
525 959 634 1011 divinatio
646 973 674 1011 er
693 959 829 1023 operatione
849 966 944 1017 demo-

129 1044 184 1083 num
201 1034 320 1097 provenit,
332 1031 368 1081 vel
382 1030 435 1094 qnia
446 1028 555 1094 expresse
567 1031 682 1081 demones
694 1030 831 1082 invocantur
846 1037 879 1087 ad
900 1035 947 1085 lu-

130 1108 181 1155 tura
199 1102 378 1163 manifestanda,
393 1101 430 1152 uel
444 1100 496 1165 quia
514 1104 630 1153 demones
643 1102 750 1166 ingerunt
767 1116 792 1153 se
808 1108 884 1159 uanis
904 1110 945 1159 in·

130 1175 289 1239 quisitouibus
298 1174 431 1235 futororum,
439 1171 682 1223 ulmenteslnuutinum
690 1172 807 1238 implicent
819 1180 945 1241 vanitate;

131 1247 159 1297 de
177 1259 221 1311 qus
239 1244 342 1295 uanitate
363 1244 445 1295 dicitur
466 1244 491 1293 in
507 1246 548 1295 Ps.
563 1243 655 1295 llxxlll
670 1259 677 1293 :
693 1261 707 1291 u
721 1246 771 1295 Non
790 1252 905 1313 respexit
920 1251 948 1300 in

130 1316 245 1367 mnitates
256 1322 280 1367 et
288 1316 390 1367 insanias
399 1316 475 1366 falsas.
485 1332 499 1362 u
507 1316 572 1365 Vana
583 1321 658 1365 autem
670 1314 789 1379 inquisitio
801 1316 946 1375 futurorum

132 1391 182 1450 est,
196 1388 285 1451 quando
302 1386 385 1450 aliquis
402 1386 503 1436 loturum
517 1398 657 1450 prenoscere
679 1391 767 1451 tentat,
781 1389 846 1440 nude
871 1406 948 1456 pre-

131 1456 196 1509 no'sci
207 1470 252 1509 nun
265 1462 350 1521 potest.
364 1456 509 1509 Manifestum
519 1460 555 1508 est
567 1470 621 1520 ergo
635 1457 695 1523 qubd
713 1457 826 1513 divinatio
841 1466 948 1527 species

133 1531 167 1581 est
179 1528 355 1593 superstitionis.

164 1594 196 1651 bd
212 1601 308 1663 pdmum
323 1612 377 1663 ergo
394 1596 527 1663 dicendum,
540 1598 599 1663 qubd
616 1599 725 1651 divinatio
739 1600 841 1665 pertinet
851 1608 887 1659 ad
904 1623 951 1659 cu·

132 1673 255 1723 niosilatem
275 1677 382 1737 qnantum
398 1671 426 1721 ad
445 1671 513 1721 tinem
525 1670 653 1733 intentum,
674 1672 714 1735 qui
730 1678 766 1722 est
786 1680 951 1742 precognitio

132 1746 273 1806 futurorum3
285 1746 324 1795 sed
334 1741 432 1809 pertinet
440 1738 467 1791 ud
479 1743 674 1807 superstitionem,
683 1749 792 1809 quantum
801 1746 832 1795 ad
843 1752 952 1803 modum

134 1828 148 1867 ο
165 1816 280 1867 erationis.

149 1830 199 1937 prid
215 1888 339 1937 secundum
352 1886 472 1938 dicendum
482 1926 489 1947 ,
500 1886 560 1950 subd
571 1884 705 1951 hujusmodi
716 1886 824 1938 diuinatio
836 1894 955 1953 pertinet

135 1951 163 2010 ad
173 1958 258 2009 cultum
272 1958 399 2009 demonum
410 1996 415 2019 ‚
425 1958 449 2007 in
464 1963 572 2021 quantum
586 1957 668 2021 aliquis
682 1958 752 2007 utitur
761 1959 863 2022 quemue
874 1972 955 2033 pacto

135 2030 205 2081 tacito
217 2028 254 2079 vel
267 2039 374 2093 expresso
388 2042 439 2078 oum
451 2029 607 2079 deruouibus.¹

167 2103 200 2153 bd
212 2100 301 2152 tertium
316 2100 435 2151 dicendum
445 2138 451 2163 ‚
462 2101 521 2165 qubd
539 2100 633 2151 innova
647 2101 697 2164 lege
712 2114 776 2153 meus
787 2102 894 2159 bominis
912 2124 958 2161 ars

136 2178 199 2227 cetur
216 2172 395 2239 atempuralium
408 2171 572 2234 sollicitudine3
584 2177 606 2223 et
615 2172 667 2223 ideo
679 2178 768 2231 nonest
779 2172 802 2223 in
813 2187 878 2227 nova
892 2180 961 2245 lege

136 2246 221 2311 aliquid
238 2245 365 2297 institutum
380 2244 407 2294 ad
419 2243 618 2308 praecognitionem
630 2243 755 2298 futurorum
768 2250 901 2300 eventuum
920 2257 959 2304 me

136 2316 297 2383 temporalibus
314 2318 392 2367 rebus.
413 2316 438 2365 ln
456 2315 529 2367 ueteri
549 2320 624 2365 autem
638 2316 706 2379 lege,
720 2329 771 2379 que
784 2319 959 2380 promittebat

136 2392 240 2452 terrena,
255 2394 318 2440 erant
334 2388 510 2440 consultationes
524 2388 553 2437 de
570 2386 653 2437 futuris
670 2387 696 2436 ad
713 2385 850 2451 religionem
869 2396 963 2454 perti-

135 2461 242 2510 uentibus
251 2479 258 2523 3
268 2462 329 2511 unde
340 2460 422 2511 dicitnr
435 2460 507 2515 lsai„
519 2457 583 2507 Vlll:
598 2475 611 2505 u
623 2460 649 2507 ut
659 2456 710 2507 cium
721 2456 821 2507 dixerint
836 2460 867 2510 ad
884 2478 935 2515 vos
950 2484 958 2515 :

136 2532 232 2593 Quaerite
246 2532 259 2583 b
272 2532 409 2597 pythonibus
422 2536 445 2582 et
459 2530 473 2579 lt
487 2530 572 2581 divinis
584 2528 623 2593 qni
641 2528 737 2579 strident
749 2528 774 2578 in
793 2530 960 2585 incantatio—

135 2603 202 2653 nibus
213 2604 272 2665 suis;
287 2622 299 2649 u
315 2604 390 2654 subdit
399 2602 465 2668 quasi
479 2601 649 2666 responsionem
664 2616 670 2650 :
683 2617 697 2647 a
709 2600 822 2668 Numquid
831 2616 883 2655 non
900 2620 960 2670 po-

126 2674 203 2739 pulus
212 2673 224 2723 d
233 2670 278 2723 beo
289 2687 329 2725 suo
343 2673 441 2739 requiret
451 2672 561 2723 visionem
573 2684 614 2736 pro
626 2672 687 2721 vivis
697 2674 721 2720 et
731 2674 844 2726 mortuis?
854 2692 871 2721 b
883 2676 942 2728 Fue

135 2750 189 2795 tuot
208 2749 283 2795 tamen
296 2744 321 2795 in
336 2756 395 2795 novo
407 2744 554 2795 testamenta
572 2742 640 2794 etiam
655 2742 725 2805 aliqui
743 2741 877 2809 prophetiae
898 2750 965 2813 spi-

135 2814 205 2867 ritum
217 2814 340 2879 babentes,
351 2816 391 2879 qui
404 2816 473 2865 molta
482 2818 511 2866 de
523 2813 735 2865 lutmiseventibus
745 2816 926 2877 predixerunt.
