1934 3284
308 190 577 233 ncanmmanamrann.
796 182 842 233 tlt

46 269 77 316 na
88 265 144 319 illud
161 267 225 331 qaod
241 267 323 319 dicitu
338 268 417 324 ticet,
432 270 533 321 itllllllll
551 284 559 321 a
576 284 590 319 o
603 270 622 321 0
636 270 782 335 presumptio
801 286 842 323 ne·

46 339 159 421 ematosa,
171 340 232 421 unda
243 343 319 391 menta
327 340 368 392 eal
379 358 393 388 n
405 342 456 393 lton
467 355 522 405 ergo
531 342 705 406 pusillanimitas
718 343 840 408 opponitur

46 415 275 547 argaman,
287 484 349 549 oudd
362 484 537 549 pusillanimitas
555 488 578 535 et
591 486 766 549 magnanimitas
778 486 845 539 dille-

45 559 95 604 runt
106 554 233 605 secnnddm
243 556 422 621 magnitudinem
434 560 459 608 et
469 556 605 622 parvitatem
616 557 700 621 anim,
713 563 739 610 ut
747 572 777 611 ex
787 560 845 625 ipsis

44 628 174 678 nominihus
188 632 290 692 apparet
306 628 353 679 Sed
364 642 484 693 magnum
494 632 527 680 et
537 642 648 694 peanum
664 634 718 682 sunt
731 632 845 697 opposita.
954 670 955 673 ,

45 699 103 763 Ergo
114 700 292 765 pusillanimitas
311 700 435 765 opponitur
445 700 637 765 magnanimitati.

75 772 238 833 (dormanno.
250 794 282 811 -·-
294 771 351 823 Cim
368 771 483 837 oppositio
497 772 547 825 uitii
558 774 585 823 ad
602 773 708 825 intutam
723 775 796 839 magia
805 788 844 827 ae·

45 841 144 894 cundiam
156 842 272 907 propriam
287 844 385 908 speciem
398 844 467 909 qaum
477 844 604 896 manniam
620 858 710 896 causam
722 847 760 897 uel
773 846 843 897 effec-

45 918 91 964 tum
99 917 241 979 attendatur,
250 914 459 981 pusillanimitatem
468 916 650 981 magnanimitati
661 917 746 969 directi
757 918 845 983 oppam

44 987 193 1051 perspicuum
205 987 267 1053 ast).
518 1027 520 1036 .

74 1060 213 1123 Respondes
224 1059 360 1123 dicendum,
371 1058 434 1123 qndd
447 1059 625 1125 pusillanimitas
637 1062 713 1125 potest
723 1061 844 1126 tripliciter

44 1130 196 1181 considerari.
210 1130 260 1181 Uno
271 1132 338 1181 modo
352 1130 475 1181 secundina
487 1131 601 1196 seipsam:
614 1136 637 1183 ct
650 1132 684 1183 sic
698 1133 844 1185 manilestnm

45 1203 78 1251 cst
84 1202 147 1265 qndd
155 1200 280 1253 accundim
286 1202 400 1267 propriam
406 1202 517 1254 radonem
523 1204 646 1267 opponitur
654 1203 844 1267 magnanimitati,

45 1272 112 1338 lona
128 1274 207 1324 ditiert
220 1272 344 1325 secunddm
356 1272 506 1325 differentiam
521 1274 683 1337 magnitudinis
694 1280 717 1326 et
725 1277 845 1342 parvitatis

46 1344 103 1398 daca
126 1346 197 1397 idem.
216 1346 274 1395 llam
293 1344 352 1395 sicut
372 1346 531 1409 magnanimus
549 1358 579 1397 ex
600 1345 669 1396 animi
690 1348 845 1411 magnitudine

46 1418 118 1468 tendit
137 1417 168 1467 ad
180 1429 275 1481 magna,
288 1416 322 1467 ita
336 1417 494 1482 pusillanimus
509 1430 538 1467 ex
551 1416 620 1467 animi
640 1418 752 1481 paruitate
767 1432 792 1471 se
809 1432 846 1471 re·

45 1489 114 1541 trahit
127 1489 241 1552 imagnis
251 1490 296 1555 ll).
307 1489 356 1540 llio
367 1490 434 1540 modo
444 1492 524 1553 potest
534 1488 673 1540 considerari
685 1495 788 1555 exparte
799 1504 846 1544 sum

44 1574 119 1613 cansa
130 1570 182 1625 qnae
197 1574 227 1611 ex
243 1564 309 1625 parte
320 1560 450 1612 intellectis
463 1564 499 1611 eat
511 1560 639 1625 ignorantia
653 1562 751 1626 proprie
769 1564 847 1614 condi-

45 1632 128 1695 tionis3
146 1637 252 1697 exparte
266 1637 342 1685 antem
355 1632 487 1697 appetitis,
502 1636 538 1683 cat
550 1634 619 1683 timor
633 1634 753 1687 deficiendi
765 1634 791 1685 in
808 1635 847 1687 hia

45 1718 96 1768 gau
106 1702 167 1755 falso
179 1704 276 1755 estimat
288 1706 399 1756 excedere
408 1718 472 1755 suam
484 1704 625 1755 facultatem.
633 1706 710 1756 l'ertio
727 1703 847 1772 modo'po-
921 1744 925 1757 .

45 1779 88 1827 test
104 1776 242 1828 mnsiderari
257 1780 366 1841 qnantum
380 1778 409 1827 ad
425 1776 546 1838 effectam,
560 1775 602 1839 qui
615 1779 650 1826 est
662 1778 776 1829 retrahere
794 1790 818 1828 se
832 1776 846 1829 d

45 1847 136 1911 magnis
149 1847 232 1911 quibua
247 1852 283 1899 ost
297 1848 387 1912 dignus.
398 1848 442 1899 Sed
456 1847 516 1897 sicut
529 1846 596 1911 snpra
608 1846 693 1898 dictum
706 1852 742 1899 est
749 1886 759 1913 ‚
774 1861 846 1914 oppo-

46 1919 99 1971 sitio
115 1918 171 1969 uitii
182 1920 211 1969 ad
232 1918 340 1970 uirtutem
358 1919 484 1970 attenditur
496 1918 568 1981 magis
589 1918 714 1971 secunddm
731 1920 845 1985 propriam

46 1991 160 2055 speciem,
174 1990 243 2055 quim
260 1990 383 2043 secundnm
397 2001 489 2041 cansam
502 1988 541 2039 uel
554 1989 659 2040 ellectum
674 2006 681 2040 z
696 1994 721 2041 et
735 1992 787 2043 ideo
801 2006 845 2058 pu-

46 2062 190 2113 sillanimitas
200 2062 287 2114 dinone
302 2060 482 2126 magnanimitati
498 2060 629 2125 opponitur.

78 2136 113 2185 ld
127 2133 225 2198 primum
236 2148 290 2199 ergo
304 2134 437 2195 dicendam,
449 2132 511 2197 qudd
525 2132 584 2183 ratio
598 2131 637 2181 illa
650 2133 750 2197 procedit
766 2134 793 2184 de
805 2148 847 2199 pu-

47 2205 207 2256 sillanimitate
220 2219 249 2257 ex
262 2209 326 2270 parte
340 2218 414 2256 canae
427 2218 496 2269 mam
511 2204 579 2254 habet
595 2202 619 2253 iu
632 2203 758 2255 intellectu.
773 2206 801 2255 lit
813 2209 849 2257 ta-

48 2290 102 2327 men
114 2289 162 2327 non
179 2276 271 2341 proprie
283 2280 358 2341 potest
375 2275 420 2327 dici
432 2275 493 2339 qndd
504 2278 635 2341 opponatur
646 2276 771 2340 prudentiae
780 2277 850 2327 etiam

47 2345 174 2396 secundinm
192 2360 283 2398 caumm
297 2360 376 2411 snam;
391 2346 446 2409 quia
463 2345 516 2397 talis
535 2345 665 2409 ignorantia
684 2357 731 2395 nou
748 2346 852 2409 procedit

49 2430 79 2468 ex
90 2416 288 2481 insipientia,aed
300 2418 374 2482 magis
386 2430 416 2468 ex
428 2416 521 2481 pigritia
535 2414 694 2467 considerandi
704 2428 768 2467 suam
778 2417 851 2467 fand-

49 2492 132 2551 tatem,
144 2493 171 2539 ut
183 2488 266 2540 dicitur
278 2490 302 2540 in
312 2490 352 2540 ll.
363 2491 459 2550 litote„
469 2490 508 2541 uel
525 2487 652 2553 exequendi
666 2488 726 2552 quod
738 2498 785 2541 ane
798 2488 852 2541 sui

47 2560 110 2623 jacet
123 2562 244 2625 potestati.

79 2634 116 2683 ld
130 2634 256 2685 secundnm
269 2632 399 2697 dicendum,
411 2632 473 2697 qnod
483 2632 542 2684 ratio
550 2631 591 2683 illa
599 2632 704 2697 procedit
716 2633 745 2684 de
756 2632 852 2698 pusilla·
883 2658 885 2662 ·
954 2712 955 2715 Ἴ

49 2704 154 2755 almitate
171 2717 201 2755 ax
211 2703 391 2769 parteelieotda.

80 2776 114 2828 ad
137 2775 232 2829 testim
252 2774 388 2839 lineatim,
405 2774 467 2840 qndd
489 2774 546 2825 ratio
564 2774 604 2826 illa
622 2775 724 2841 procedit
745 2789 775 2829 ex
790 2780 854 2843 parte

83 2919 117 2985 (l)
134 2922 219 2970 donna
227 2923 342 2971 monitu
353 2922 469 2982 sapienda
480 2922 631 2977 cenaene,
641 2925 703 2987 ⁴Vll,
715 2936 777 2973 vora.
801 2922 832 2971 lc
844 2939 851 2967 a

636 3050 639 3054 -
714 3020 759 3070 td*
