1934 3284
119 197 151 252 rt
202 209 310 250 munna
324 207 454 258 munna,
470 207 564 256 enm.
580 206 685 254 unum,
701 203 756 244 mr.
772 203 833 242 nnn.

118 285 249 349 munti,
258 289 285 336 nt
295 284 347 336 edm
355 283 408 348 quis
417 282 474 348 petit
482 281 638 347 junrriitieo
647 281 717 345 (pred
729 279 927 343 nominantem

118 355 316 424 plicationem);
334 354 383 406 sino
398 353 471 406 sotim
489 354 574 405 iactum
592 355 710 414 narrem,
725 347 850 405 mudum
865 349 927 401 iilud

119 434 205 484 sono„
224 429 254 478 xl
270 443 304 478 :n
318 427 378 478 Eece
396 438 464 488 mem
479 437 543 479 amns
558 424 703 484 intrantur,
718 422 823 486 »tqued
837 424 930 472 rocem

122 496 344 565 infimmiionem).
358 495 450 558 Tertii,
460 493 583 558 requiritur
594 493 653 549 ratio
662 491 799 557 impetendi
812 491 930 556 qnedpe

121 569 184 634 titum
193 571 269 622 etheo
278 567 474 632 ratesponensi,
483 567 554 617 veina
563 567 628 630 parte
635 562 930 628 potentialiutioqnidem

30 657 33 668 ·
121 639 261 705 impetrandi
274 642 376 704 exparte
389 639 447 698 diei,
464 640 501 688 est
513 636 564 700 eins
577 635 686 686 metitus
696 637 788 698 propter
800 646 873 696 quum
887 647 930 698 pe·

121 712 192 764 timus
208 709 318 770 exaudiri,
332 709 455 761 seeundum
469 708 523 758 idun
539 705 671 765 Danielis,
682 705 713 756 IX
729 720 735 754 ε
751 705 877 767 «Propter
894 708 931 754 te

124 781 245 846 metipsum
256 781 341 832 inclina
354 781 415 830 Deus
426 792 491 830 mens
502 790 579 828 aurem
592 781 664 841 tuam3
679 779 728 826 net
736 775 764 826 ad
774 776 818 825 hnc
826 775 933 838 pertinet

125 851 263 902 obsecratio
268 887 278 914 ,
289 863 339 914 que
350 853 384 902 est
397 848 532 902 contestatio
542 860 583 912 per
592 859 669 908 saera;
678 846 736 898 sieut
745 844 797 896 eim
809 844 927 896 dicimus:

127 919 199 974 &Per
211 921 353 974 nativitatem
363 924 426 970 tuam
441 920 512 970 iibere
525 932 568 970 nos
580 918 685 970 domiue.
701 935 716 965 n
729 916 796 968 Ratio
813 917 873 970 uere
883 917 932 966 im-

126 995 231 1060 petrandi
242 1008 271 1045 ex
289 996 353 1058 parte
364 990 482 1056 petentis,
498 1008 512 1039 e
529 995 565 1042 est
581 988 794 1054 gratiarumactio,
811 1004 826 1034 n
841 1002 890 1052 qna
905 990 934 1038 de

126 1065 226 1130 adneptis
241 1063 356 1116 besem
371 1063 457 1127 prutina
467 1065 563 1125 mentes
575 1074 690 1113 meemnr
700 1059 804 1124 aeeipare
820 1064 934 1122 minoen,

126 1137 192 1192 utin
210 1136 302 1188 tolieotn
314 1133 405 1186 dieitur.
422 1134 451 1186 Et
469 1133 521 1184 ideo
535 1132 591 1184 dieii
608 1132 702 1194 iiluna,
720 1131 738 1182 l.
753 1131 878 1191 Timete„
899 1132 936 1192 ii,

127 1207 188 1274 qnid
201 1207 226 1258 in
237 1205 307 1258 missa
323 1203 519 1256 nnmeemtinmn
532 1207 587 1255 suni
598 1216 651 1268 qne
662 1201 795 1268 preosdunt
807 1212 938 1254 ennoema-

126 1278 230 1338 tionem,
245 1294 259 1324 n
277 1275 302 1326 in
315 1275 398 1340 quibus
416 1275 521 1339 quedem
538 1287 603 1326 mern
619 1277 836 1334 commemorantum
854 1290 872 1322 n
883 1287 938 1324 nra-

127 1350 203 1402 iiones
214 1349 268 1398 sunt
276 1347 301 1398 in
311 1347 363 1410 ipss
371 1346 665 1412 memoratissimum
674 1343 849 1396 mnnsmnximd
861 1345 935 1397 denen

127 1419 212 1472 elevari
230 1418 255 1482 in
270 1419 353 1480 Denm3
369 1417 565 1482 «postulationes
584 1420 662 1472 nutem
674 1419 729 1468 sunt
740 1416 766 1466 in
782 1417 937 1478 innuentibus

127 1489 276 1556 petitoribus
284 1525 290 1550 ,
298 1487 422 1552 petimen
434 1487 537 1540 redonen
544 1524 553 1552 ,
566 1487 591 1539 in
601 1488 657 1539 tine.
670 1503 685 1534 s
697 1487 724 1537 ln
736 1485 843 1551 ptus-iim
863 1487 939 1538 etiam

129 1560 237 1612 Euolesim
251 1559 416 1611 collectiones
434 1562 531 1622 quatuor
542 1562 639 1623 possunt
651 1557 752 1620 attendi3
768 1555 826 1606 sieut
839 1555 868 1606 in
889 1561 940 1610 eni-

130 1632 190 1684 lnota
199 1629 325 1691 Trinitatis,
335 1630 395 1694 quod
402 1629 501 1684 dicitur:
514 1626 829 1694 aonmpnnmsempissme
838 1627 916 1691 Deus,
924 1648 938 1678 n

131 1701 230 1766 pertinet
244 1701 271 1750 ad
285 1700 397 1752 orationis
409 1713 531 1755 ascensum
543 1700 568 1750 in
580 1702 652 1752 Deum
661 1715 669 1762 3
677 1699 740 1763 quod
752 1697 834 1748 dieitur
845 1714 854 1747 :
867 1716 883 1747 e
893 1702 940 1760 Qui

131 1772 214 1823 dedisti
226 1771 317 1822 damulis
329 1771 392 1836 tuis,
405 1775 461 1834 eto„
474 1787 489 1818 n
503 1771 602 1835 pertinet
620 1771 649 1823 ad
667 1770 791 1834 pretiorum
804 1768 940 1834 notionen13

133 1843 194 1906 quod
207 1841 289 1893 dictim
304 1857 310 1891 ι
328 1857 341 1889 n
354 1841 438 1895 Presia
450 1855 599 1906 quesumus,
612 1857 629 1889 n
643 1841 743 1904 pertinet
754 1839 784 1890 nd
796 1841 940 1902 postulatio-

133 1925 201 1975 oem3
217 1912 278 1975 qnod
296 1911 320 1962 in
342 1911 389 1962 dne
407 1911 499 1975 ponitur
517 1928 524 1961 t
549 1913 620 1965 «Per
636 1911 758 1962 Dominum
777 1913 878 1961 nostrum
904 1914 945 1964 ie·

134 1995 202 2047 sum,
217 1984 274 2045 otu,
294 1997 308 2030 n
325 1980 425 2046 pertinet
445 1982 474 2032 ad
492 1981 681 2034 obsecrationem.
703 1982 731 2032 in
749 1979 944 2032 Collatinnidnn

133 2056 211 2104 autem
224 2055 342 2112 Petrum,
362 2052 455 2104 Cotton.
466 2053 508 2116 ix,
521 2053 732 2114 extenuationis,
746 2065 798 2116 eap.
814 2055 843 2102 m
861 2056 887 2103 et
905 2069 946 2106 se·

135 2123 292 2189 quantinus),
307 2140 322 2174 n
337 2123 465 2176 obsecratio
478 2126 516 2177 osi
529 2124 656 2189 impterao'o
669 2137 712 2182 seu
730 2121 810 2188 petitio
823 2137 866 2186 pro
883 2139 946 2188 pen·

136 2195 206 2259 catis,
223 2195 277 2262 quia
290 2196 328 2250 vel
348 2207 390 2260 pro
403 2195 553 2260 presentibus
574 2196 613 2247 net
630 2209 673 2260 pro
691 2193 813 2260 preteritis
829 2195 946 2246 admissis

136 2267 185 2320 suin
198 2267 354 2330 unnsquisque
368 2269 517 2331 compunctus
534 2264 624 2317 neniam
637 2268 780 2330 depreeatur.
798 2265 876 2317 onon
889 2272 946 2329 est,

135 2339 188 2391 oirnr
204 2339 290 2406 aliquid
309 2351 419 2390 vovemus
438 2339 489 2388 Dan
511 2338 551 2388 nsi
566 2337 695 2394 oderimus,
712 2337 767 2388 eim
782 2337 947 2392 mnuntinntes

137 2407 192 2460 huin
204 2409 287 2461 mundo
299 2408 437 2474 spondemus
446 2421 490 2459 nos
500 2407 548 2460 toti
560 2409 635 2461 cerdis
647 2408 772 2466 intentione
780 2407 878 2461 unnim
891 2423 947 2460 ser-

136 2479 304 2542 nituros30i1m
325 2479 458 2542 pollicemur
475 2492 518 2532 nos
534 2478 678 2544 purissimam
692 2478 793 2543 onrporia
810 2478 947 2530 omitterem

138 2563 180 2605 teu
192 2548 330 2602 immobilem
350 2549 486 2613 patientiam
498 2550 641 2602 exhibituros
655 2553 779 2614 perpetum
791 2550 832 2600 rei
840 2549 898 2600 edm
915 2553 948 2602 de

138 2621 204 2674 onrde
211 2623 287 2672 nostm
297 2619 385 2674 radioos
395 2622 434 2674 ire
445 2635 488 2672 seu
496 2621 596 2674 tristitie
606 2625 702 2675 mortem
707 2619 824 2685 operantis
836 2621 950 2673 funditus

138 2691 249 2756 eruendas
262 2704 379 2743 voremus.
390 2691 517 2745 Postulatio
528 2693 580 2744 eim
589 2706 630 2757 pro
643 2693 694 2745 aliis
703 2691 814 2757 pndmes,
823 2691 864 2742 nel
873 2707 917 2758 qun
924 2709 949 2743 nn

140 2764 195 2814 dnm
209 2775 286 2813 sumus
294 2761 319 2812 in
328 2763 416 2814 fervore
425 2763 522 2828 Spiritus
531 2763 650 2814 constituti
660 2764 759 2814 solemus
769 2762 877 2814 emittere
886 2803 893 2825 ‚
903 2779 949 2827 pru

139 2831 215 2886 ohnds
233 2833 318 2883 nostris
332 2832 371 2882 uei
384 2846 425 2896 pro
439 2833 510 2884 totins
520 2833 600 2884 mnndi
610 2847 667 2898 paon
678 2837 812 2898 poscentes,
825 2835 873 2886 ete.
888 2834 950 2884 Gra-

139 2902 225 2955 tiarum
239 2901 389 2986 aetiopqunm
402 2915 442 2982 per
455 2901 585 2963 inednbiios
595 2917 707 2959 excessus
717 2895 782 2958 niens
795 2903 848 2956 Den
859 2905 920 2962 retes
934 2909 955 2970 t,
