1934 3284
288 199 320 238 B}
334 199 446 240 leltlffl
462 199 587 241 elamor.

334 369 494 422 sustentus
510 371 538 420 ll.

111 493 196 538 Utrum
215 494 345 544 fonteneto
361 497 462 553 simplem
477 498 510 542 stt
525 499 647 553 peccatum
661 496 771 541 mortale.

71 620 105 668 td
129 619 252 669 secundum
272 621 304 672 sic
323 622 454 685 proceditur
469 623 511 686 (1).
529 622 624 673 Videtur
639 621 699 686 quod
717 621 839 672 fornicatio

43 689 139 752 simplex
155 703 202 740 nou
219 692 248 742 sit
263 698 379 756 peccatum
394 693 541 744 mortalem
556 693 684 756 euinque
699 692 765 742 simul
783 705 839 742 cou-

42 765 201 820 numerantur,
212 763 316 814 videutur
331 777 382 815 esse
398 765 465 816 unius
481 765 584 816 rationis.
594 765 639 830 Sed
653 763 773 814 fornicatio
783 776 839 814 con-

42 838 171 883 numeratur
187 833 320 900 qrrihusdtm
335 851 385 899 que
399 851 444 887 nou
458 842 511 887 suut
524 842 618 900 peccata
629 835 739 886 mortalia.
754 833 839 883 Dicitur

42 905 103 955 euim
117 906 183 960 Act..
197 906 236 955 XV
252 922 257 955 :
276 925 289 955 n
304 908 439 958 distinentis
454 923 496 958 vos
510 909 538 958 ah
553 907 675 956 immolatis
692 906 840 955 simulachro·

41 990 104 1039 rum,
123 981 146 1026 et
160 977 283 1040 sanguine,
299 983 322 1030 et
335 979 453 1040 srrffocato,
463 979 654 1042 etlornicatione.
669 978 784 1027 ultimum
798 989 837 1025 au·

41 1052 86 1097 tem
107 1062 162 1098 usus
177 1062 221 1099 nou
242 1054 277 1099 est
293 1055 409 1114 peccatum
427 1052 538 1113 mortale,
557 1049 681 1102 secundini
702 1049 756 1098 illud
768 1050 786 1098 l.
804 1048 839 1098 od

45 1120 117 1176 Tim„
133 1121 162 1170 tv
174 1135 180 1170 :
192 1119 273 1170 «Nihil
284 1122 431 1184 rejiciendum
443 1124 547 1186 estquod
556 1137 609 1172 cum
618 1121 740 1186 gratiarum
752 1120 839 1170 actione

43 1191 173 1256 percipitur.
189 1209 202 1239 u
218 1193 275 1256 Ergo
289 1193 407 1245 fornicatio
421 1209 466 1246 non
483 1198 518 1244 est
532 1198 650 1257 peccatum
665 1192 766 1242 mortulo.

73 1267 97 1312 t.
115 1265 237 1324 Praetcrea,
250 1265 335 1314 unllam
353 1269 471 1328 peccatum
489 1265 582 1315 mortale
598 1264 658 1314 cadit
674 1264 716 1314 sub
729 1266 840 1327 precepto

43 1333 129 1384 diuino.
141 1333 185 1384 Sed
199 1336 278 1393 oreo,
292 1338 310 1399 1,
323 1337 450 1400 praecipitur
464 1337 477 1386 a
490 1337 585 1386 [lumino
598 1353 604 1386 ι
616 1355 630 1382 a
640 1335 710 1397 Vade,
723 1347 787 1384 sume
800 1333 841 1383 tibi

43 1421 137 1458 uxorem
151 1406 336 1472 fornicationum,
352 1414 374 1460 et
384 1410 418 1459 lac
428 1410 487 1460 lilios
504 1409 712 1460 fornicationum.»
723 1409 783 1471 Ergo
792 1407 841 1457 lor·

43 1479 128 1529 dicatio
146 1492 191 1528 uon
208 1485 242 1530 est
256 1487 374 1546 peccatum
388 1483 492 1534 mortale.

76 1555 97 1600 3.
121 1553 249 1616 Praeterea,
263 1555 349 1603 nullum
365 1559 479 1617 peccatum
495 1553 589 1604 mortale
606 1551 630 1601 iu
646 1551 762 1616 Scriptura
779 1562 841 1601 sacra

44 1621 130 1686 absque
146 1624 322 1686 reprehensione
336 1628 531 1675 commemoratur.
553 1624 596 1674 Sed
611 1622 731 1673 fornicatio
748 1620 843 1684 simplex

43 1700 233 1745 commemoratur
253 1696 277 1746 iu
290 1697 405 1760 Scriptura
423 1697 448 1746 in
464 1696 565 1758 antiquis
578 1695 679 1759 patrinus
698 1694 749 1743 siue
766 1705 844 1755 repre-

43 1765 176 1816 honsione:
193 1767 252 1818 sicut
268 1768 349 1831 legitur
365 1769 461 1832 Gracc,
480 1763 789 1830 sarmentorumque
806 1776 843 1812 ac·

43 1838 113 1888 cessit
131 1839 158 1887 ad
171 1842 230 1904 Agar
247 1841 350 1889 ancillam
369 1854 446 1902 suam;
461 1844 484 1890 et
503 1840 562 1890 intra
577 1843 621 1900 30,
636 1837 717 1900 legitur
735 1837 763 1885 de
776 1834 843 1884 Jacob

43 1907 104 1971 quod
119 1912 215 1960 accessit
228 1911 256 1960 ad
271 1911 364 1961 ancillas
379 1925 473 1960 uxorum
486 1924 577 1960 suarum
590 1910 668 1958 Balam
687 1912 710 1957 et
719 1907 841 1969 zelpham3

44 1985 68 2030 ct
84 1979 144 2030 iutra
169 1986 211 2044 38,
223 1983 305 2046 legitur
326 1981 385 2046 qudd
402 1983 470 2032 ludas
491 1982 587 2032 accessit
607 1981 635 2030 ad
652 1981 761 2039 Thamar,
776 1989 843 2040 quarn

44 2053 169 2102 estimavit
183 2056 332 2105 meretricem.
350 2055 407 2116 mgr
428 2053 548 2104 fornicatio
561 2053 659 2116 simplex
677 2064 723 2101 nou
737 2054 773 2100 est
787 2060 844 2112 pec·

44 2130 121 2175 catum
137 2126 238 2177 mortale.

77 2199 100 2246 t.
117 2197 240 2260 Fraterno,
258 2215 271 2246 u
286 2211 353 2248 omne
368 2203 486 2263 peccatum
504 2196 598 2246 mortale
612 2193 760 2245 contrariatur
770 2191 844 2242 chau-

44 2267 95 2317 tati.
108 2285 122 2314 u
136 2267 179 2318 Sed
190 2270 308 2320 fornicatio
316 2270 411 2334 simplex
427 2283 471 2320 non
482 2267 630 2319 contrariatur
637 2264 742 2315 charitati
752 2303 758 2325 ,
769 2277 842 2326 neque

44 2343 157 2402 qnantum
171 2343 199 2390 ad
220 2342 363 2393 dilectionem
379 2343 431 2403 llei,
447 2342 500 2406 quia
517 2353 563 2392 uon
578 2346 614 2390 est
627 2337 710 2389 directe
727 2341 845 2401 peccatum

45 2417 125 2461 contra
134 2414 268 2478 Deum,nec
277 2415 344 2466 etiam
358 2420 468 2480 quantum
478 2415 506 2464 ad
519 2411 661 2464 dilectionem
671 2408 781 2473 proximi,
792 2409 845 2472 quia

44 2496 86 2545 per
109 2483 154 2534 hoc
173 2487 240 2536 homo
261 2486 317 2536 ualli
338 2486 425 2537 homiui
443 2485 498 2536 tacit
517 2483 633 2549 iujuriam.
648 2483 706 2546 Ergo
726 2478 845 2531 fornicatio

45 2554 145 2620 simplex
160 2569 205 2606 uon
220 2562 254 2608 est
266 2563 385 2623 paccatum
399 2558 502 2610 mortale.

77 2633 101 2680 5.
119 2630 246 2691 Praeterea,
261 2644 328 2681 omne
342 2635 457 2695 peccatum
474 2628 567 2680 mortale
584 2628 646 2678 ducit
658 2627 684 2676 iu
696 2625 846 2690 perditionem

45 2740 134 2796 objecti
144 2747 239 2798 propter
253 2741 337 2788 lurtum
347 2741 408 2800 quud
416 2741 480 2794 dacin
491 2741 588 2785 alterum
596 2739 684 2784 ratione
694 2736 745 2782 linis
753 2743 847 2796 propter

45 2803 170 2848 ruceclriunr
185 2805 220 2850 rel
234 2804 409 2850 fornicationem
421 2817 490 2860 quam
505 2802 612 2848 intendit.

76 2872 114 2936 (1)
129 2879 162 2922 lle
173 2875 210 2921 luis
222 2877 292 2922 etim
303 2877 433 2936 1V‚Sent.,
446 2876 501 2922 dist.
520 2874 559 2934 tr,
575 2880 619 2921 nrt.
629 2873 654 2934 l,
666 2873 806 2931 quastione.
820 2871 845 2932 l,

45 2937 157 3000 incorp.²
171 2946 197 2984 ut
208 2945 231 2985 et
240 2942 375 2998 quostiuuc.
385 2939 409 3002 S,
424 2945 473 2986 turu
486 2941 511 2986 iu
520 2952 596 2999 corp,
610 2945 659 2984 tum
672 2938 701 2984 acl
715 2938 740 2982 S.
