1934 3284
107 143 153 202 2³8
248 156 358 198 saeuum
374 157 503 208 sumnum,
516 157 608 204 ounsr.
625 156 652 207 c,
667 156 721 195 nur.
736 143 762 193 ri.

111 234 261 299 spiritualium
280 239 377 298 possunt
393 233 436 284 dici
453 247 500 285 non
517 234 590 284 solim
607 233 762 288 simoniaci,
780 231 819 282 sed
839 229 914 282 etiam

108 305 224 356 Gr'ezr'tae.

139 377 171 426 ld
191 376 295 438 quintum
312 375 446 440 dicendum,
461 374 520 441 qudd
539 374 631 426 nominc
649 373 771 440 emptionis
784 377 809 424 et
824 373 909 424 uendi-

107 447 175 496 tionis
193 447 327 512 intelligitur
345 447 420 499 omnis
434 448 563 498 contractus
576 459 623 498 non
643 446 764 511 gratuitus.
783 446 847 496 Unde
865 457 913 495 uec

108 519 203 569 mulatio
219 520 390 584 prebendarum
406 519 443 570 vel
458 517 662 569 ecclesiastieorum
676 516 840 569 beneficiorum
859 515 914 566 fieri
935 578 938 580 q

107 593 182 656 potest
199 590 330 640 auctoritate
343 591 442 656 partium
456 590 542 652 absque
553 590 653 653 periculo
666 589 780 653 simonia,
796 589 854 638 sicul
867 601 915 639 nec

107 661 247 721 transactio,
260 665 284 712 ut
303 662 355 712 lura
371 661 536 723 determinent3
557 663 636 724 potest
655 664 733 711 tamen
752 660 862 724 prelatus
882 673 916 710 ex

109 733 184 783 olticio
201 746 241 808 suo
253 733 430 797 permutationes
439 731 569 795 hujusmodi
583 731 668 796 iecere,
680 745 721 796 pro
731 744 800 784 ceusu
812 729 865 780 utili
874 723 917 781 ucl

109 817 246 855 necessarm.

141 877 173 926 td
195 879 283 927 sextum
307 875 441 941 dicendum,
460 874 520 941 quod
534 876 593 927 sicut
614 875 690 925 anima
709 874 766 924 uiuit
784 873 913 925 secundum

109 947 221 1012 seipsam,
244 961 328 1012 corpus
351 952 427 998 autem
446 947 504 997 uiuit
521 960 550 997 en
568 946 654 998 unione
673 944 770 1009 unimae3
788 945 820 996 ita
841 945 914 995 etiam

111 1020 212 1082 quaedam
227 1023 281 1070 sunt
294 1018 419 1083 spiritualia
431 1017 556 1069 secunddm
569 1017 654 1082 scipsa,
665 1018 724 1067 sicut
734 1020 877 1068 sacramenta
887 1021 913 1068 et

111 1091 154 1140 alia
178 1089 321 1155 hujusmodi,
338 1090 439 1152 quedam
463 1092 538 1139 autem
559 1089 666 1140 dicuntur
680 1087 805 1154 spiritualia
822 1101 851 1137 cx
869 1087 916 1138 hoe

112 1161 171 1226 qudd
184 1161 266 1211 talibus
287 1161 417 1223 adderent3
432 1161 493 1210 unde
507 1160 581 1210 Causd
594 1160 619 1225 l,
635 1175 673 1223 qu.
695 1164 724 1224 3,
742 1173 793 1224 cup.
810 1159 841 1210 Si
854 1161 917 1224 quir

112 1227 246 1296 objecerit,
266 1230 348 1282 dicitur
366 1231 425 1298 qudd
447 1231 599 1295 «spiritualia
615 1232 664 1282 sine
680 1231 831 1296 corporalibus
845 1232 917 1285 rebus

114 1317 159 1354 uon
172 1301 365 1367 proliciunt,sicut
373 1315 415 1355 nec
424 1302 500 1352 anima
508 1302 557 1352 sine
565 1315 656 1367 corpore
667 1302 812 1366 corporaliter
823 1301 918 1352 vivit.»

145 1376 178 1425 bd
190 1373 311 1438 septimum
326 1373 528 1438 dicendum‚qudd
543 1376 605 1438 Papa
615 1378 691 1438 potest
704 1373 819 1424 incurrere
833 1373 920 1424 uitium

115 1445 233 1506 simonie,
249 1444 308 1494 sicut
322 1448 344 1493 et
358 1445 454 1508 quilibet
467 1445 525 1494 alius
542 1447 627 1509 laomo;
642 1449 759 1508 peccatum
775 1444 837 1494 euim
852 1444 919 1496 tentd

115 1517 137 1565 iu
151 1517 224 1580 aliqua
237 1529 333 1580 persona
345 1521 380 1566 est
395 1517 494 1580 gravius,
505 1517 591 1580 quantd
602 1517 712 1580 mej0rem
726 1515 814 1567 obtinet
825 1516 917 1568 locum.

115 1587 222 1647 Quamvis
239 1587 300 1636 enim
314 1603 351 1640 res
364 1589 470 1640 Ecclesia
483 1588 529 1638 sint
545 1589 595 1653 ejus
608 1592 634 1638 ut
646 1587 777 1653 principalis
796 1587 921 1651 dispensu-

114 1660 186 1724 toris‚
200 1673 246 1710 non
263 1664 338 1710 tamen
352 1664 406 1712 sunt
417 1662 468 1726 ejus
482 1664 508 1710 ut
522 1661 609 1710 domini
619 1663 643 1710 et
654 1659 802 1725 possessoris.
812 1659 840 1708 llt
853 1659 917 1721 idco,

117 1729 137 1780 si
147 1731 258 1794 reciperet
270 1731 392 1796 proaliquo
403 1745 427 1782 re
437 1731 548 1796 spirituali
558 1731 679 1796 pecuniam
687 1733 714 1782 de
721 1730 834 1781 reditibus
845 1731 921 1781 ecclc·

116 1802 156 1852 sire
175 1801 284 1864 alicuius,
303 1817 347 1854 non
367 1808 452 1854 careret
472 1802 528 1852 vitio
547 1803 667 1866 simoniae3
683 1807 706 1852 et
726 1801 829 1852 similiter
848 1803 920 1852 etiam

116 1875 194 1937 posset
211 1873 330 1926 simoniam
351 1874 492 1926 committere
510 1873 641 1940 recipiendo
657 1873 776 1938 pecuniam
795 1872 920 1937 abaliquo

117 1943 188 2010 luico,
207 1957 253 1996 uon
266 1945 368 1997 debonis
381 1945 498 1996 Ecclesiae,

410 2125 571 2178 telleneus
586 2125 616 2175 ll.

121 2252 206 2299 Utrum
215 2264 306 2309 semper
314 2253 346 2298 sit
359 2251 472 2296 illicitum
486 2263 530 2308 pro
541 2238 699 2296 corroboratis
711 2249 837 2306 menmium
851 2251 924 2298 dure.

152 2381 185 2430 td
201 2379 323 2429 secundum
338 2377 371 2428 sic
387 2376 525 2441 proceditur.
539 2375 635 2427 Videtur
647 2375 707 2440 qudd
720 2389 765 2427 non
783 2388 876 2440 semper
890 2377 921 2428 sit

120 2445 223 2499 illicitum
236 2463 277 2514 pro
293 2448 441 2500 sacramentis
451 2447 571 2512 pecuniam
585 2449 646 2497 dare.
661 2447 793 2512 Baptismus
808 2449 873 2498 enim
885 2450 922 2498 est

120 2521 189 2586 jenua
206 2523 412 2583 sacramentorum,
431 2523 455 2568 ut
474 2519 499 2568 in
517 2519 556 2569 lll.
570 2523 630 2583 part.
645 2518 741 2569 dicetur.
754 2518 798 2568 Sed
812 2517 867 2568 licet
881 2519 924 2583 (ut

121 2591 225 2656 uidetur)
244 2591 269 2640 in
284 2591 361 2656 aliquo
382 2603 436 2642 casu
454 2591 507 2642 dare
523 2590 641 2654 pecuniam
660 2603 701 2654 pro
719 2589 849 2655 baptismo,
864 2589 922 2654 puli

122 2665 210 2728 quando
224 2665 327 2714 sacerdos
340 2675 436 2727 puerum
451 2663 586 2715 morientem
599 2661 735 2726 siuc'pretlo
746 2661 861 2727 baptizare
874 2675 923 2712 nou

122 2735 197 2785 vellet.
212 2735 272 2798 Ergo
283 2747 328 2785 nou
345 2747 435 2800 semper
455 2740 491 2786 est
508 2733 610 2784 illicitum
626 2745 701 2784 emere
716 2732 753 2784 rel
765 2734 866 2786 uendere
880 2747 922 2784 sa-

123 2810 244 2858 eramenta.

154 2883 178 2929 2.
200 2881 326 2944 Praeterea,
350 2877 473 2932 marimum
496 2882 689 2949 sacramentorum
707 2882 743 2932 est
763 2879 927 2948 Eucharistia,
