1934 3284
355 159 387 195 our
401 157 488 197 suoru.
776 151 823 199 948

38 234 89 286 terit
102 232 202 287 totaliter
218 233 292 286 enims
304 234 317 286 i
331 246 425 298 eorpore
439 237 542 298 sspsrrts
552 233 578 288 in
589 236 708 292 stutuillo.
724 243 751 290 θ’
761 238 822 298 Quid

40 320 81 356 ros
91 307 135 357 hor
147 304 239 356 sciverit
257 305 348 370 etquid
362 306 510 370 ignoraverit.

325 489 488 540 iuncosus
504 489 522 540 1.

144 614 238 678 ¹Utrrtrvs
245 615 329 660 anima
345 613 449 659 miste
458 615 570 672 rapiatur
583 616 615 661 oei
629 616 719 662 divina.

46 743 83 794 id
100 742 197 807 primunr
211 741 245 792 sie
257 741 384 805 proceditur
398 741 442 804 (ti.
453 741 547 794 Videtur
557 742 617 807 quod
631 743 707 794 enimv
721 742 823 796 hominis

36 829 63 866 ou
83 814 184 878 rapiatur
202 814 230 864 ad
252 813 339 864 divino.
358 813 472 864 Diffiuitur
487 815 546 866 euius
562 828 575 865 e
592 815 725 879 quibusdum
743 819 822 880 raptus

42 889 73 938 air
86 900 115 936 eo
127 886 187 950 quod
199 890 237 936 est
247 885 371 935 secundum
385 889 498 948 naturam,
508 885 532 936 iu
544 885 568 936 id
578 886 638 950 quod
648 891 685 936 est
697 899 767 950 supra
781 899 823 937 nu·

37 972 100 1021 rum,
115 959 142 1006 ut
153 957 278 1020 superioris
293 962 392 1018 nature,
404 956 511 1008 elevatio.
526 973 539 1004 u
555 959 595 1008 Est
605 962 681 1009 sutem
695 957 823 1008 secundinus

35 1036 121 1081 uturum
136 1028 236 1080 hominis
246 1032 271 1079 ut
280 1028 308 1078 ad
322 1027 399 1079 divino
411 1028 521 1079 elevetur.
534 1029 593 1078 Dicit
607 1029 668 1080 onim
681 1029 822 1092 Augustinus

35 1132 38 1152 r
50 1102 152 1166 princip.
168 1101 278 1165 confere.
294 1099 416 1150 :oFooisti
427 1113 484 1160 uos,
499 1100 602 1160 Domine,
612 1101 640 1151 ud
651 1103 683 1162 te,
695 1099 823 1163 inquietum

35 1179 51 1224 rt
62 1179 235 1236 cornuorum,
249 1173 322 1223 donee
335 1171 461 1236 requieseat
472 1172 498 1221 in
511 1176 543 1222 te.
558 1188 573 1220 o
587 1173 639 1224 Non
651 1183 706 1234 ergo
724 1171 824 1224 hominis

35 1248 90 1298 rivus
105 1245 190 1310 rapitur
203 1245 232 1294 ed
246 1245 333 1294 divina.

44 1324 71 1370 2.
87 1319 210 1375 preterea,
220 1314 342 1381 Dionysius
353 1313 410 1364 dioit
420 1315 479 1364 Vlil.
494 1329 544 1379 esp.
557 1315 592 1366 Do
607 1315 823 1376 Diuin.1tomr'rv.,

34 1391 75 1441 rod
93 1388 181 1454 justitia
191 1388 230 1438 Dei
244 1388 266 1438 iu
275 1389 320 1438 troc
329 1386 452 1437 attenditur
468 1386 530 1450 quod
545 1403 558 1434 o
569 1387 675 1437 omnibus
689 1387 757 1438 rebus
769 1386 823 1438 dis·

34 1461 97 1512 ibuit
110 1459 238 1512 seeundum
255 1473 321 1510 suurn
332 1459 425 1508 modum
437 1463 460 1510 st
472 1458 616 1522 dignitatem.
627 1475 642 1511 u
653 1460 699 1511 Sed
711 1458 772 1522 quod
782 1459 824 1510 sli-

34 1534 68 1584 ris
88 1532 190 1582 elevetur
203 1544 272 1595 supra
284 1531 306 1580 id
321 1530 382 1594 quod
397 1533 432 1581 est
444 1529 570 1582 seeundum
586 1533 703 1593 usturam,
714 1543 760 1582 nou
771 1543 823 1596 pres·

33 1609 72 1656 net
91 1605 120 1654 ad
139 1604 230 1654 modum
249 1602 350 1652 hominis
362 1602 399 1652 vei
415 1601 560 1664 dignitatem.
575 1601 634 1666 Ergo
654 1601 744 1654 videtur
762 1601 823 1669 quoi

33 1689 60 1728 ru
74 1673 179 1738 rapiatur
190 1687 256 1724 meus
268 1673 367 1724 hominis
385 1673 398 1723 ir
413 1674 464 1723 Deo
474 1672 498 1722 in
511 1673 596 1724 diviua.

43 1753 69 1798 3.
92 1747 219 1805 Praetores,
237 1748 315 1809 raptus
337 1744 457 1807 quamdam
481 1743 614 1796 violentiam
642 1744 758 1809 importat.
778 1746 822 1798 seu

39 1821 111 1872 Deus
123 1830 170 1867 non
188 1817 246 1881 regit
259 1829 301 1866 uos
316 1829 357 1880 per
368 1814 501 1866 violentiam
513 1819 536 1866 et
549 1815 670 1878 oosott,o
685 1821 710 1868 ut
725 1817 823 1868 Damus·

33 1904 91 1942 snus
104 1887 158 1938 dicit
174 1886 553 1952 (rio11.uefiueorttoo.,oup.
567 1890 596 1936 30
604 1885 622 1950 ).
633 1887 684 1938 Non
693 1899 748 1950 ergo
757 1901 821 1940 meos

33 1961 116 2016 ominis
127 1958 214 2022 rapitur
224 1959 253 2008 vd
263 1958 351 2009 divina.

41 2034 92 2084 Sed
108 2034 187 2081 eontra
205 2033 254 2092 esi,
265 2027 327 2092 quod
340 2031 370 2082 ti.
388 2029 425 2080 od
443 2030 515 2090 Cor„
532 2029 658 2093 x11,uieit
674 2029 817 2094 Apostolus:

38 2105 95 2158 Soio
109 2102 228 2153 homiuem
236 2102 262 2151 in
273 2101 363 2152 Christo
375 2105 466 2166 raptum
475 2103 585 2167 usquead
597 2103 690 2154 tertium
702 2103 792 2154 colum.
804 2118 817 2150 s

33 2178 56 2229 bi
78 2173 137 2226 dicit
153 2174 254 2224 Glosss:
271 2177 404 2237 «raptum,
420 2173 503 2238 idest,
520 2177 599 2226 ooutru
616 2177 720 2225 naturum
738 2174 819 2224 eleva-

33 2265 72 2300 rm.
89 2263 106 2293 t)

46 2322 244 2381 (Coresusro.-
252 2317 348 2382 Rapitur
360 2330 524 2380 nonnunquam
534 2317 610 2368 suiuus
620 2317 720 2369 hominis
728 2319 820 2381 quondo

33 2393 99 2445 siritu
117 2390 195 2442 diviso
212 2391 240 2440 ort
259 2391 438 2456 supernaturalis
450 2391 561 2454 elevatur,
579 2405 630 2444 oum
645 2390 821 2445 abstractionoi

33 2463 194 2527 usibitibus.)

44 2535 185 2600 Respondeo
206 2535 344 2597 dioeudovo,
358 2533 419 2597 quod
436 2539 529 2600 ruptor
546 2534 678 2587 vioteutivnr
699 2536 821 2599 qurrndu

33 2611 126 2674 sportut
134 2642 142 2668 ,
154 2609 181 2656 ut
191 2606 275 2658 dietum
293 2610 329 2658 est
343 2607 440 2671 (argum.
454 2611 495 2670 ³).
506 2608 637 2659 Violentum
650 2610 726 2660 auteur
739 2606 822 2658 dieitur

42 2680 115 2744 ouius
129 2676 266 2742 principium
278 2681 394 2740 mortu,
406 2678 439 2729 nii
447 2678 578 2730 muteronis
589 2692 617 2730 eo
630 2678 691 2746 quod
704 2677 751 2730 viru
760 2678 822 2743 prti-

43 2828 84 2893 (1)
100 2831 178 2877 lisinis
187 2832 258 2878 etism
268 2844 309 2888 ou.
320 2830 361 2891 13,
373 2831 490 2893 noverit,
504 2832 608 2881 srt.1ot
621 2835 646 2896 fl,
660 2835 689 2881 sti
703 2833 732 2890 ὅς
748 2840 772 2885 ot
786 2836 820 2884 11.

33 2893 360 2956 or.,111,tsot.t,eot.t.
