1934 3284
372 183 404 222 h!
415 182 507 224 ROMA.

337 366 498 421 nhmcdltls
514 370 544 420 ll.

74 560 77 564 Α
99 490 184 538 Utrr'tm
199 493 280 538 ironia
293 492 327 538 rit
340 493 421 539 minue
438 497 559 551 peecatum
574 494 647 552 produt
658 496 788 552 iactantia.

74 620 105 670 lld
118 620 244 671 secundum
260 619 293 670 sic
312 619 442 684 proceditur
457 620 503 684 (t).
517 620 612 671 Videtur
633 620 691 685 qudd
708 623 781 674 ironia
796 637 843 676 non

48 690 75 739 sit
87 691 163 742 miuus
176 695 298 756 peecatum
311 690 379 756 qudm
391 691 512 755 jactantia.
526 693 649 756 Utramque
663 693 722 744 euim
737 701 772 746 εει
784 711 843 762 pec·

47 766 129 825 catum,
146 763 172 812 iu
192 767 303 826 quantum
325 762 425 812 declinat
445 763 584 825 luerit-ate,
602 779 652 828 oure
672 767 790 830 equalitas
806 771 842 820 est

47 834 152 895 quadam.
169 834 215 884 Sed
227 834 256 884 ιιι
274 834 403 898 equalitate
417 848 463 885 non
478 835 551 900 magis
569 835 668 886 declinat
687 837 727 900 qui
742 839 842 902 excedit,

46 903 107 965 quim
119 905 160 968 uui
175 904 267 955 minuit.
281 906 342 969 [tngo
354 905 429 956 honio
441 919 488 956 nou
506 911 542 956 est
555 906 631 957 minus
643 912 760 971 peccatum
773 910 842 974 quarn

44 974 155 1036 jucunde.

72 1051 94 1096 s.
109 1048 236 1111 Praeterea,
247 1047 373 1099 seeunddm
387 1049 549 1112 Philosophum
562 1049 635 1099 imnia
649 1051 784 1114 quandoque
790 1052 840 1116 jac-

45 1117 109 1168 tantia
119 1122 166 1168 εει.
179 1118 294 1169 tacentia
306 1123 383 1168 autem
397 1132 444 1169 nou
455 1122 491 1169 εει
498 1120 580 1170 ironia.
593 1122 652 1185 Ergo
665 1122 738 1172 ironia
748 1133 794 1173 non
805 1126 841 1174 εει

46 1189 115 1240 minus
129 1195 252 1254 pecermm
267 1189 334 1254 quim
348 1190 467 1253 jactantia.

73 1265 95 1311 t.
109 1263 240 1325 Ριιειειει,
254 1261 386 1319 Ρνουενι.,
400 1263 488 1326 xxvi,
503 1263 586 1314 dieitur
600 1279 606 1313 :
624 1265 743 1324 «Quando
756 1266 843 1316 sahmi·

42 1333 94 1382 serit
105 1345 188 1384 rocem
199 1344 273 1394 suam,
287 1343 318 1383 ue
331 1333 453 1384 credideris
464 1334 500 1396 ei,
515 1335 622 1399 quoniam
632 1339 721 1400 septem
734 1337 842 1402 nequitie

44 1407 91 1454 sunt
103 1405 130 1455 in
141 1404 211 1455 corde
225 1403 295 1455 illius.
311 1421 326 1452 u
340 1405 386 1456 Sed
398 1406 532 1457 submittere
552 1419 632 1458 rocem
643 1407 742 1472 pertinet
756 1409 784 1458 ad
796 1409 842 1459 iro-

44 1475 107 1527 niam.
121 1475 183 1540 Ergo
196 1476 222 1525 in
232 1487 259 1526 ca
273 1479 309 1526 est
321 1475 441 1540 multiplex
458 1477 569 1540 nequitia.

70 1548 111 1599 Sed
125 1550 269 1610 commem,
283 1548 344 1612 qnod
358 1548 510 1612 Philosophus
521 1549 577 1598 dicit
589 1548 614 1598 in
627 1549 655 1600 IV
670 1550 767 1610 stuic„
777 1549 839 1614 qudd

45 1619 164 1671 «huniaet
171 1618 248 1669 miuhs
255 1619 359 1671 dicentes
368 1620 477 1682 gratiores
483 1619 611 1670 secundhur
619 1633 694 1671 mores
700 1619 814 1672 ridentur
824 1637 839 1668 ι

71 1692 278 1757 (Concunsro.-
247 1691 401 1742 -lactantia
415 1691 542 1741 seeunddm
559 1704 585 1742 εε
597 1691 687 1756 grauior
701 1696 735 1743 est
753 1692 840 1756 ἱιοιιίι,

44 1776 170 1846 menonem
185 1763 299 1814 exanimi
316 1763 425 1814 deteriori
440 1762 592 1840 dispositione
612 1764 751 1827 contingat
745 1763 843 1816 ironiam

44 1837 167 1896 madorem
179 1847 231 1886 esse
244 1834 377 1898 pereutit.)

70 1907 207 1972 despondeo
219 1907 356 1970 dicendum,
373 1907 436 1971 quod
446 1907 507 1958 ειειι
522 1906 591 1971 sopri
608 1869 694 1958 dictum
708 1909 756 1966 est,
770 1919 842 1958 unum

45 1980 184 2032 menducium
195 1981 231 2030 εει
244 1979 336 2042 grauius
347 1979 444 2029 altero:
454 1979 591 2061 quandoque
600 1980 692 2042 quidem
705 1992 734 2029 ex
748 1979 842 2030 materia

45 2050 68 2098 ε
82 2065 128 2116 uua
145 2055 195 2114 est,
207 2051 267 2101 sieut
285 2051 429 2102 mendacium
445 2051 506 2114 quod
525 2050 575 2100 iit
569 2064 594 2100 ιι
609 2050 710 2101 doctrina
724 2050 842 2114 religionis

45 2127 76 2171 cst
88 2123 252 2186 gravissimum
261 2139 269 2186 3
278 2123 413 2185 quandoque
426 2125 503 2172 ειιειιι
514 2135 541 2172 ει
553 2121 638 2173 motivo
652 2123 680 2172 ad
693 2121 843 2186 peccandum,

45 2191 99 2242 sicut
113 2193 260 2243 mendacium
276 2193 444 2256 perniciosum
461 2197 497 2243 est
510 2193 601 2256 grauius
615 2192 684 2256 quidm
700 2192 845 2256 officiosum

45 2265 78 2312 rel
86 2267 212 2326 jocorum.
223 2264 299 2314 lronla
310 2267 387 2314 autem
396 2268 421 2314 ει
431 2263 544 2328 jactantia
554 2263 613 2314 cinca
621 2263 682 2314 idem
694 2263 844 2324 mentiuntur,

44 2335 78 2384 rel
91 2337 166 2387 rerhis
177 2336 215 2386 rel
231 2335 412 2399 quibuscumque
422 2335 574 2386 exterioribus
588 2335 675 2398 signis,
691 2332 847 2384 seilicotciuoa

45 2407 193 2458 conditionem
202 2419 325 2471 persone:
339 2407 401 2457 unde
412 2410 521 2470 quantum
531 2406 560 2457 ad
568 2407 612 2457 hoc
625 2405 721 2468 emiolia
730 2409 791 2454 suut.
801 2404 847 2456 Sed

46 2481 67 2524 ιι
81 2478 204 2542 plurimum
212 2478 326 2542 jactantia
338 2491 369 2528 ex
378 2478 475 2543 turpiori
485 2479 572 2531 motivo
586 2477 703 2542 procedit,
718 2475 806 2528 scilicet
818 2487 848 2527 ex

11 2578 12 2595 ι
45 2549 212 2612 appetitulucri
225 2550 263 2600 uel
276 2549 386 2613 honoris;
400 2548 474 2600 ironia
483 2548 537 2600 vend
551 2561 580 2600 ex
590 2547 702 2611 hocqudd
711 2547 771 2612 lugit
780 2547 848 2612 (lieet

45 2624 78 2669 cst
92 2621 237 2683 inordinate)
250 2634 292 2686 per
303 2621 428 2672 elationem
442 2621 494 2676 aliis
503 2621 580 2684 grauis
594 2633 663 2670 esse:
680 2623 703 2670 et
721 2618 848 2672 secundhur

46 2690 86 2740 hor
99 2693 253 2758 Philosophus
275 2692 332 2742 dicit
354 2691 416 2756 qudd
434 2691 547 2755 jactantia
567 2693 603 2741 est
620 2689 712 2754 grauius
728 2695 849 2770 peccatum

45 2761 127 2823 unhn'
120 2766 201 2816 uuum
214 2763 335 2829 Contingit
343 2768 422 2815 ιιιιειι
438 2761 575 2828 quandoque
589 2761 650 2822 uudd
664 2755 747 2826 aliquis
760 2760 849 2810 minora

79 2907 110 2973 (ll
122 2915 155 2961 lte
163 2913 202 2960 hit
211 2911 284 2960 etium
296 2910 338 2958 ubi
351 2911 431 2971 soprd,
445 2921 489 2956 seu
500 2908 558 2956 locis
573 2913 617 2957 ιιι.
630 2907 643 2955 1
658 2909 801 2967 prenotatis.

138 3023 165 3063 ι.
723 3007 752 3056 lt
