1934 3284
160 183 207 223 'us
219 181 338 224 ‘rsrrmm
352 183 527 226 marnam
542 186 569 225 ov
584 185 700 226 svscucr.
793 175 839 226 ull

73 262 108 313 ld
121 260 214 314 tertium
229 261 361 328 dicendum,
379 261 439 328 qnod
453 262 649 328 hpropelsntihus
664 263 842 315 verecundamur

41 337 137 398 propter
154 337 314 384 nocumentum
335 333 388 386 inde
408 335 561 399 proveniens,
582 337 642 399 quod
661 338 697 387 est
718 335 841 386 didamso'o

42 406 103 471 apud
114 406 206 456 multos.

73 477 107 528 dd
126 481 232 540 quartum
244 477 364 529 dicendum
375 516 381 540 ,
391 477 450 542 quod
461 479 531 530 etiam
544 480 573 530 ah
582 479 628 530 illis
640 478 768 543 interpres
779 477 840 530 nihil

41 549 95 600 mali
109 547 218 612 fecimus,
235 549 307 613 magis
321 553 501 602 verecundamur
517 555 611 616 propter
626 555 788 601 nocumentum
805 563 843 600 se-

40 635 126 688 quens,
142 621 195 684 quia
208 621 294 673 scilicet
302 625 395 687 perhoe
405 623 531 675 amittimus
541 625 623 674 honam
635 621 766 687 opinionem
775 636 842 686 qoam

42 695 69 745 de
85 692 153 744 nohis
171 693 299 758 habehant,
313 699 336 745 et
346 695 415 746 etiam
431 695 484 759 quia
498 695 635 746 «contraria
644 698 711 758 juxta
723 709 749 746 se
766 694 844 759 posits

41 765 129 830 majora
144 763 269 815 videntur:
284 781 299 812 o
313 765 437 817 undecim
452 767 536 830 ahqnis
551 766 628 818 schith
640 767 668 817 de
686 765 762 831 aliquo
772 779 842 829 quem

41 837 127 888 honum
143 834 279 898 estimavit,
291 837 376 901 aliquid
387 843 452 902 turpe
466 838 583 903 percipit,
598 838 748 902 apprehendit
761 839 804 888 hoc
817 840 843 887 nt

42 908 139 972 turpius.
156 906 189 956 tlh
201 905 246 956 illis
255 911 330 958 autem
346 907 454 972 tordius
472 909 557 972 aliquid
569 911 598 960 de
614 921 674 959 novo
688 907 839 972 postulamus,

41 979 77 1028 vel
90 989 189 1042 quorum
201 990 263 1028 nunc
275 978 347 1042 primh
363 981 466 1030 volumus
482 993 533 1032 esse
545 979 623 1040 arsid,
639 980 711 1043 magis
729 991 845 1030 verecun-

43 1050 124 1100 damur
134 1051 225 1113 propter
239 1054 398 1102 nocumentum
408 1051 462 1102 iude
472 1051 620 1116 proveniens,
632 1051 692 1115 quod
701 1049 844 1114 estimpedi-

43 1127 147 1173 mentum
161 1121 279 1186 implendas
291 1121 423 1188 petitionis,
439 1127 463 1174 et
476 1123 581 1176 amicitie
595 1123 789 1176 consummandus.

336 1266 494 1354 duciculus
507 1303 547 1353 ιι.

48 1427 218 1474 verumetiam
232 1427 260 1473 iss
270 1428 383 1474 virtuosis
397 1429 534 1476 homicidos
548 1429 620 1487 possit
634 1441 682 1495 esse
694 1430 845 1476 verecundia.

29 1569 38 1586 ι
75 1557 110 1606 dd
125 1557 229 1618 quartum
249 1556 283 1608 sic
298 1557 427 1622 proceditur
438 1557 483 1623 (l).
498 1558 592 1609 Videtur
606 1557 666 1621 qnod
679 1557 748 1608 etiam
761 1556 786 1606 in
799 1556 847 1606 vir-

48 1628 118 1678 tuosis
134 1627 262 1679 hominihus
272 1628 344 1693 possit
354 1641 405 1680 esse
416 1629 561 1682 verecundia.
576 1630 766 1680 «contrariorum
780 1627 844 1679 enim

48 1698 155 1750 contrarii
173 1705 227 1750 sunt
243 1701 339 1752 ellectus
356 1717 370 1748 o
385 1702 426 1767 (nt
440 1702 488 1766 jam
502 1707 532 1763 l,
546 1707 574 1764 t,
588 1716 628 1766 qu.
651 1706 695 1765 35,
711 1705 754 1752 art.
771 1706 798 1762 5,
814 1713 843 1750 er

48 1770 188 1834 Philosopho
204 1775 304 1823 comtum
321 1776 383 1834 est).
399 1774 444 1824 sed
466 1773 500 1822 illi
516 1773 623 1836 quisunt
640 1772 847 1837 superabundantis

49 1844 154 1902 malitie,
172 1855 218 1894 non
233 1845 421 1908 verecundantur,
439 1845 565 1896 monnddm
587 1845 641 1896 illud
664 1847 767 1900 ierem..
786 1846 817 1895 lll
838 1859 844 1894 :

50 1931 63 1962 o
74 1915 149 1966 Frons
158 1914 259 1965 mulieris
267 1915 391 1966 meretricis
399 1915 459 1966 lucta
471 1916 568 1978 esttibi,
577 1917 671 1967 noluisti
682 1918 846 1967 erubescere.»

50 1987 108 2051 Ergo
121 1985 208 2050 illiniri
223 1991 277 2038 sunt
286 1987 396 2049 virtuosi,
410 1987 483 2051 magis
496 1989 682 2039 verecundantur.

80 2064 103 2108 s.
123 2059 251 2120 Praeterea,
264 2058 417 2122 Philosophus
430 2059 485 2108 dicit
499 2057 524 2107 in
536 2059 564 2108 ll.
581 2059 690 2116 litetur,
705 2059 766 2123 quod
782 2076 796 2105 ιι
806 2059 848 2108 ho-

50 2130 125 2182 miues
137 2141 183 2179 non
192 2128 408 2181 solimoruheseunt
417 2130 474 2181 vitia
479 2167 489 2193 ,
498 2131 538 2180 sed
548 2129 617 2180 etiam
627 2131 693 2195 signa
703 2130 810 2180 vitiorum
817 2146 825 2192 3
833 2145 848 2176 o

50 2215 100 2265 quae
111 2201 204 2266 quidem
214 2201 324 2266 contingit
333 2201 401 2252 etium
413 2215 463 2253 esse
475 2201 501 2252 in
510 2201 628 2253 virtuosis.
639 2203 697 2266 Ergo
709 2202 735 2251 in
744 2200 849 2252 virtuosis

51 2277 128 2336 potest
142 2285 193 2323 esse
203 2273 347 2324 verecundia.

83 2349 106 2396 3.
122 2346 250 2408 pretereo,
272 2345 409 2396 verecundia
422 2348 459 2396 est
480 2345 571 2396 emmor
585 2343 787 2410 inplodationis.s
804 2343 849 2394 Sed

52 2416 164 2479 condirgit
177 2416 265 2480 aliquos
273 2417 385 2468 virtuosos
396 2417 533 2480 ingloriosos
541 2431 607 2481 esse,
615 2415 671 2482 puli
682 2417 702 2467 si
713 2414 770 2465 lalsd
782 2414 850 2465 dida·

53 2491 156 2550 mentor,
174 2487 211 2536 vel
231 2487 298 2538 etium
315 2487 408 2553 indigne
427 2488 548 2554 opprohria
567 2487 689 2554 patiantur.
710 2487 770 2550 Ergo
783 2498 850 2536 vere·

52 2560 134 2610 condia
145 2562 221 2624 potest
233 2573 283 2610 esse
295 2560 320 2610 in
330 2560 422 2612 homine
433 2561 545 2612 virtumo.

84 2635 107 2682 t.
123 2635 249 2694 Praeterea,
263 2633 398 2684 verecundia
412 2637 449 2684 est
462 2646 516 2697 pars
533 2632 705 2697 temperantia,
719 2635 745 2681 nt
767 2630 851 2681 dictum

53 2706 89 2753 est
102 2705 158 2769 (qo.
175 2706 247 2767 ltu).
261 2704 317 2755 Pars
334 2709 467 2756 autemnon
482 2709 599 2815 separatur
617 2704 700 2757 htoto.
719 2701 777 2753 Cim
796 2713 851 2765 ergo

85 2857 476 2920 (tloohisstiemsnperitmtsv.
489 2858 671 2922 xirlllfflolmd
663 2857 849 2957 μιιιιιριιΝ.

57 2920 362 2985 dtttc„lect.1l‚col..³
