1934 3284
191 159 401 200 neruorum-ur
415 159 542 201 mmmm
557 161 692 202 mamare.
796 156 842 206 om

37 239 169 296 rectumne
178 237 262 290 mtficit
271 238 385 301 advitam,
396 238 462 302 quari
470 251 511 302 pro
520 239 677 305 condimento,
693 242 751 294 eierat
761 257 841 309 parum

33 319 69 366 de
80 313 130 365 eale
141 309 226 361 sufficit
240 309 264 359 in
273 309 333 360 cibo.
351 326 366 358 a

76 386 113 436 ad
124 384 221 448 primum
236 395 291 446 ergo
301 381 433 445 dicendum,
445 381 506 446 qndd
523 382 576 446 qnia
594 384 754 448 paenitentibus
767 388 842 440 luctus

34 457 155 512 indicitur
167 468 209 520 pro
222 453 332 519 pereatm
345 454 485 507 interdicitur
496 455 529 506 eis
541 456 615 508 ludus.
632 459 678 508 Nee
688 460 731 510 hoe
743 461 842 524 pertinet

34 533 72 583 ad
85 527 167 579 uitium
182 527 294 590 detectis,
309 527 362 591 quia
381 529 423 578 hoc
437 527 511 593 ipsum
530 530 566 578 est
582 529 706 580 secundam
724 531 842 596 rationem,

35 600 109 667 quod
122 599 191 650 ineis
202 600 270 650 indue
282 597 428 650 diminuatur.

75 673 114 724 Ad
125 671 248 721 necandum
265 669 399 730 dicendum,
410 669 470 734 qudd
482 671 592 722 ieremias
605 671 637 721 ibi
650 673 749 736 loquitur
761 687 844 724 aecum

36 748 103 800 ddm
112 742 284 807 congruentiam
291 742 415 806 temporie,
427 743 494 807 eujus
504 746 576 794 statue
586 744 657 809 magis
670 745 755 796 laetum
766 746 841 810 requi·

33 821 126 880 rebat3
142 816 202 866 unde
215 814 310 866 subdit:
327 815 419 865 «solue
435 816 553 879 sedebam,
568 818 674 880 quoniam
693 817 845 868 amaritudine

35 887 141 958 replesti
154 901 200 938 me.
215 903 229 934 o
253 887 318 947 Quod
329 890 406 936 autem
418 885 499 937 dicitur
515 886 583 948 Tot„
598 887 643 950 ΙΙΙ,
658 888 755 951 pertinet
768 889 796 937 ad
810 889 845 939 lu-

36 965 102 1015 dum
118 959 273 1023 superfluum
288 959 348 1022 qood
361 961 423 1022 patet
435 971 464 1008 ex
478 971 507 1024 eo
523 957 581 1022 qnod
596 959 719 1023 sequitur:
737 977 750 1008 c
766 961 844 1024 Neque

37 1047 101 1089 cum
111 1030 150 1081 trie
159 1030 198 1094 qni
211 1030 237 1080 in
252 1030 344 1079 levitate
356 1029 484 1091 ambulant,
499 1029 632 1094 participem
647 1043 682 1080 me
695 1030 789 1094 praebui.
799 1047 813 1077 »

77 1105 115 1157 ad
135 1103 227 1153 tertium
241 1101 360 1151 dicendum
370 1139 376 1161 ,
386 1101 446 1164 qudd
461 1101 579 1151 austeritas
597 1100 720 1152 seeundum
736 1100 795 1164 qued
810 1105 847 1152 est

40 1181 138 1236 virtue,
157 1187 204 1225 non
222 1172 322 1224 excludit
339 1185 418 1224 omnes
436 1172 608 1235 delectationes,
625 1174 663 1224 sed
681 1175 806 1237 superfluas
824 1179 848 1224 et

37 1246 189 1303 inordinatas
207 1261 212 1294 :
230 1245 291 1294 unde
311 1245 400 1295 ridetur
415 1243 527 1308 pertinere
541 1245 570 1294 ad
589 1244 758 1306 affabilitatem,
779 1257 847 1308 qnam

39 1319 205 1381 Philosophus
216 1316 328 1378 (etam,
344 1315 376 1379 1),
390 1317 534 1365 amicitiam
552 1316 668 1376 nominat,
682 1316 719 1366 uel
733 1320 850 1381 eutrope-

39 1396 115 1445 liam
133 1390 182 1440 rire
191 1388 394 1452 jucunditatem.
410 1389 438 1436 Et
454 1390 532 1437 tamen
549 1387 651 1438 nominat
664 1391 688 1439 et
704 1387 781 1439 definit
797 1401 848 1439 eam

41 1467 95 1525 eie,
112 1460 236 1512 eeeuaddm
248 1458 429 1511 convenientiam
443 1460 472 1510 ad
484 1460 658 1524 temperantiam
668 1499 674 1523 ‚
684 1461 752 1526 cujus
763 1463 800 1512 eet
812 1461 850 1511 de

39 1533 186 1589 lectationae
195 1531 328 1597 reprimere.

296 1805 464 1876 QUAESTIO
480 1804 607 1870 CLXIX.

79 1950 120 2002 De
132 1948 248 1998 modertm
258 1950 288 1995 ire
301 1948 423 2065 comior}
432 1951 572 2005 metue,
586 1947 616 1992 ier
628 1945 689 1992 deror
699 1945 820 1992 articulos

424 2031 496 2065 reue.

81 2171 172 2224 Dmnde
186 2169 373 2222 considerandum
387 2172 422 2221 eet
434 2169 462 2219 de
469 2166 579 2219 modestia
593 2164 719 2218 secundum
728 2165 788 2230 qudd
798 2177 853 2218 con·
952 2167 953 2170 ’

49 2244 117 2300 sistit
126 2242 152 2294 in
162 2241 269 2292 exteriori
279 2244 397 2307 apparatu.

82 2315 151 2367 Circa
160 2315 204 2364 hoc
215 2318 346 2377 merantur
356 2314 401 2364 doe
413 2327 420 2362 ε
433 2315 459 2362 1⁰
469 2311 547 2362 Utrdm
562 2311 622 2364 circa
632 2309 769 2362 exteriorem
781 2321 850 2372 appa·

49 2391 131 2440 retum
146 2384 220 2449 posuit
228 2397 278 2436 esee
286 2384 359 2434 virtue
371 2387 395 2435 et
408 2383 498 2434 vitium.
510 2387 537 2432 2⁰
548 2379 629 2433 Utrim
640 2381 747 2432 mulieres
760 2381 855 2444 peccent

49 2455 181 2514 mortaliter
193 2456 219 2506 iu
233 2456 347 2521 superduc
360 2459 449 2508 ornatn.
