1934 3284
384 162 414 198 ns
429 158 520 198 aloru.
803 150 849 197 illle

29 241 170 291 remanent
188 236 268 301 aliquae
285 236 445 301 impressiones
460 236 485 286 in
499 236 590 298 anima,
604 250 661 300 ques
679 240 759 301 postea
773 238 851 289 conle-

31 324 102 361 rens
118 310 148 359 ad
159 310 329 373 phantasmata,
341 312 487 358 memoratur.
506 308 570 359 llude
589 322 632 359 nec
645 312 715 359 totam
733 308 796 360 illam
813 323 852 361 m·

33 382 177 445 gnitionem
192 382 231 430 aut
247 380 345 445 cogima
359 382 463 443 poterat,
478 383 518 429 aut
528 378 604 431 verbis
616 379 750 444 exprimere.

349 548 508 613 isneupus
523 551 549 599 v.

67 670 163 719 Utraim
173 671 256 716 colena
265 670 337 717 Pauli
349 670 376 715 io
390 674 456 715 stulu
464 671 508 779 ullo
517 672 596 727 suerit
605 670 712 717 totaliter
719 672 734 717 ὰ
742 685 839 729 corpore

392 746 476 791 separo
488 749 511 780 u.

80 859 118 909 Ad
130 857 235 921 quintum
246 856 279 907 sic
292 856 419 923 proceditur
430 856 475 921 (l).
489 858 584 909 Videtur
593 858 654 922 qudd
668 858 743 909 anima
751 860 816 910 Pauli
828 860 853 911 in

39 933 112 983 statu
129 929 169 979 illo
182 928 251 980 inerit
264 929 362 981 totaliter
374 928 388 979 d
401 942 495 993 corpore
511 934 625 994 separata.
638 930 699 980 Dicit
717 930 777 981 enim
794 932 853 995 ipe

40 1003 137 1063 stolus,
158 1001 186 1052 ll.
200 1001 236 1051 od
252 1003 317 1061 Gor„
331 1001 368 1051 V:
383 1000 518 1060 «Quamdiu
532 1014 612 1052 sumus
625 1002 651 1052 in
661 1014 771 1066 corpore,
786 1016 853 1067 pere-

41 1076 170 1139 grinamur
182 1072 195 1123 la
207 1074 318 1136 Dumium
335 1086 376 1137 per
392 1073 458 1123 tidem
474 1072 535 1123 enim
549 1074 704 1137 ambulamus,
714 1078 740 1124 et
755 1088 802 1125 non
813 1089 854 1139 per

42 1144 163 1211 speciem.
174 1161 187 1191 o
202 1144 246 1195 Sed
260 1146 344 1195 Paulus
356 1144 381 1195 io
396 1148 457 1195 statu
468 1144 509 1195 illo
522 1158 568 1195 non
584 1144 767 1210 peregrinabatur
777 1147 792 1197 a
804 1148 852 1198 llo-

43 1218 130 1278 mino,
143 1214 195 1279 quia
204 1216 295 1268 videbat
307 1219 378 1267 ileum
388 1231 430 1281 per
439 1216 558 1281 speciem,
569 1220 596 1267 ut
605 1216 689 1268 dictum
706 1222 741 1268 est
753 1217 807 1283 (art.
818 1219 853 1283 3).

44 1291 113 1352 Ergo
127 1301 174 1339 nun
184 1293 232 1338 erat
246 1288 271 1339 iu
283 1301 387 1352 corpore.

82 1364 109 1409 2.
125 1360 247 1425 Praeterea,
262 1360 364 1423 potentie
376 1360 456 1411 anime
468 1372 514 1410 non
524 1362 601 1423 potest
616 1358 701 1410 elevari
717 1373 785 1424 supra
803 1360 855 1424 ejus

44 1430 193 1494 essentiam,
206 1430 231 1480 in
242 1444 286 1495 qun
300 1430 420 1481 radicatur.
439 1431 482 1481 Sed
502 1430 642 1495 intellectus,
652 1432 691 1495 qui
707 1434 742 1483 est
755 1432 858 1495 potentie

46 1503 148 1561 anime,
161 1501 185 1550 in
195 1505 260 1567 raptu
272 1501 315 1551 luit
326 1502 500 1567 inseparalibus
513 1502 639 1553 abstractus
649 1516 690 1566 per
703 1502 855 1554 elevationem

45 1576 81 1626 ud
107 1572 208 1624 divinum
234 1572 456 1638 contemplationem.
479 1574 538 1637 Ergo
564 1572 636 1623 mulld
659 1574 730 1639 mame
757 1574 857 1626 essentia

47 1646 140 1697 anime
154 1644 198 1693 luit
214 1648 316 1709 separata
327 1644 452 1709 deorpore.

85 1723 111 1767 3.
127 1718 255 1779 Praeterea,
270 1717 329 1768 uires
344 1717 424 1767 anime
433 1716 567 1780 vegetabilis
576 1721 629 1769 sunt
642 1718 713 1781 magis
725 1719 854 1771 materiales

48 1790 124 1858 qnam
138 1788 199 1840 uires
213 1790 294 1841 anime
313 1788 440 1841 sensitiue.
455 1790 500 1841 Sed
516 1790 635 1854 oportebat
648 1791 788 1841 intellectum
805 1794 857 1843 abs·

51 1862 116 1915 trabi
137 1860 151 1911 d
168 1861 254 1912 viribus
268 1860 348 1913 anime
365 1861 491 1923 sensitivae,
512 1865 538 1910 ut
548 1862 633 1911 dictum
653 1866 687 1912 est
698 1863 707 1926 l
718 1866 759 1913 art.
771 1866 783 1911 l
794 1863 814 1926 l,
827 1866 857 1915 ad

51 1940 101 1987 boc
115 1937 141 1983 ut
157 1937 273 1997 raperetur
284 1933 312 1983 ad
331 1932 450 1983 uidendam
462 1932 564 1983 diuinam
579 1934 707 1984 essentiam.
720 1934 778 1997 Ergo
787 1935 857 1987 multb

51 2005 130 2070 magis
149 2006 265 2069 oportebat
280 2004 339 2069 qudd
361 2005 530 2055 abstraheretur
544 2004 653 2055 avidius
665 2006 746 2055 anime
762 2010 857 2069 regela-

52 2078 119 2137 bilis‚
129 2090 225 2141 quarum
233 2077 364 2141 operatione
376 2082 479 2128 cessante
488 2078 536 2142 jam
547 2076 609 2127 nullo
617 2077 684 2127 modo
693 2075 770 2126 anima
779 2090 858 2128 rema-

53 2155 98 2204 net
116 2149 205 2213 corpori
218 2148 348 2213 cuujuncta.
363 2148 422 2212 Ergo
441 2149 530 2200 videtur
546 2147 607 2212 qudd
626 2146 725 2211 oportuit
746 2146 772 2197 in
792 2151 858 2212 raptu

54 2219 124 2275 Pauli
138 2220 236 2270 animam
251 2220 350 2271 totaliter
363 2219 377 2271 a
390 2233 484 2286 corpure
497 2234 548 2271 esse
561 2224 696 2285 separatam.

88 2292 136 2343 Sed
147 2294 224 2341 centra
241 2295 289 2356 est,
307 2293 366 2356 qued
383 2292 523 2357 duguslinus
537 2292 591 2343 dicit
602 2290 628 2341 in
640 2292 725 2355 Epist.
740 2292 776 2341 ud
790 2292 859 2341 Pou-

54 2369 156 2418 lioum,
171 2366 201 2415 de
214 2364 321 2415 videndo
339 2366 420 2415 Deum
437 2364 521 2430 (Epist.
537 2363 621 2428 exin:
639 2365 715 2414 cNun
728 2362 858 2414 incredibile

56 2443 94 2490 est
105 2436 239 2500 quibusdam
253 2437 339 2489 sanctis
353 2437 453 2489 noudum
463 2436 496 2485 ita
505 2435 632 2498 defunctis,
645 2439 671 2484 ut
682 2433 812 2498 sepelienda
820 2448 858 2485 ca-

57 2513 143 2561 dareta
151 2512 293 2559 remanerent
298 2546 306 2572 ,
324 2509 392 2558 etiam
403 2508 471 2557 istam
485 2506 640 2558 excellentiam
654 2505 800 2557 revelationis
810 2507 861 2571 ejus

60 2581 135 2630 luisse
151 2592 295 2642 concessam,
306 2595 320 2625 »
335 2583 360 2629 ot
379 2579 465 2629 scilicet
478 2578 581 2628 viderent
595 2578 666 2627 ileum
675 2590 716 2641 per
729 2578 859 2630 essentiam.

59 2652 111 2702 Non
120 2663 173 2713 ergo
185 2648 229 2699 init
241 2654 392 2701 necessarium
400 2649 459 2701 utin
465 2652 531 2713 raptu
539 2648 606 2698 Pauli
619 2646 695 2698 anima
703 2648 755 2713 eius
763 2651 862 2701 totaliter

63 2725 205 2786 separaretur
216 2721 230 2773 i
241 2734 343 2787 corpure.

98 2828 129 2893 (l)
144 2834 176 2877 lle
187 2830 300 2877 hiseliam
311 2844 351 2889 qu.
363 2830 402 2891 lo,
416 2832 443 2877 de
454 2832 533 2891 verit,
545 2836 589 2878 art.
599 2829 630 2886 5;
646 2836 670 2878 el
679 2834 711 2879 11.
725 2833 794 2883 Gor..
807 2833 859 2891 xli,

66 2897 121 2941 lect.
141 2892 164 2953 l,
178 2894 201 2939 in
215 2894 268 2941 line.
