1934 3284
131 96 186 190 tot⁴
250 147 362 190 ma
377 145 611 198 nummum.
625 145 714 199 mm,
730 145 787 188 aar.
803 149 821 187 r.

425 332 585 384 siliculus
602 331 623 384 Ι.

133 461 219 508 ooo-r
226 461 293 506 mm
300 461 441 506 commoratu
449 461 562 504 misiam
571 459 644 515 porcio
653 465 703 504 me
712 459 798 506 otrico
806 462 831 506 et
840 461 922 507 utiam

160 589 193 640 tu
202 588 299 653 primum
309 587 343 638 sic
351 586 489 652 proceditur.
500 586 594 638 Videtur
601 585 660 650 qued
670 585 731 636 cirea
740 587 885 640 exteriorem
897 599 925 637 or·

32 679 43 702 ·
129 665 209 712 uatum
222 673 269 710 nou
281 659 355 724 possit
363 671 414 709 erte
426 657 498 708 virtue
509 660 534 708 et
544 657 634 708 vitium.
646 657 757 708 llxterior·
765 659 831 710 euim
842 663 925 711 enare

129 745 177 784 rou
189 731 251 783 iuuet
259 729 349 782 uotirl
360 733 453 792 uatum
461 729 522 780 ursle
534 733 558 779 et
567 727 693 781 mommo
701 729 867 782 diversitatem
874 737 924 782 teu

129 816 210 868 porum
219 807 244 854 ot
260 803 359 854 meorum
371 801 478 852 imiimi.
496 801 560 852 Uale
573 800 714 864 Augustinus
731 801 790 852 uicit
806 802 834 852 iu
846 804 885 854 lll.
900 803 928 852 De

130 876 249 926 doctrino
263 875 359 926 cirico.
370 874 438 938 (cap.
455 877 484 923 tt
494 873 502 937 l
508 909 516 936 ,
526 871 587 937 quod
597 887 612 920 a
622 873 707 924 talares
718 875 741 924 et
758 875 890 925 muimes
899 879 927 924 tr·

130 946 284 1000 uitwhubere
296 946 356 1011 apul
364 949 452 996 ueteres
460 946 575 995 Romanor
586 943 696 1008 flagitium
709 947 777 1008 erat3
789 947 927 996 uuucauteu

130 1021 228 1072 honesto
245 1019 296 1070 loeo
307 1018 368 1068 uatis
380 1029 428 1068 uou
448 1029 488 1067 ers
501 1017 584 1067 urcem
596 1014 705 1079 flagitium
720 1019 768 1066 eet.
784 1031 799 1064 s
814 1017 864 1068 Sei
880 1017 927 1066 sicut

130 1091 283 1156 Philosophus
298 1089 390 1140 dicitirr
403 1089 530 1139 lisicia
545 1091 614 1154 (cap.
627 1092 638 1137 l
653 1086 675 1150 ),
690 1104 705 1136 a
720 1089 865 1140 naturaliter
878 1089 926 1138 tuce
947 1105 948 1108 ¹

129 1163 198 1214 uotis
217 1161 320 1226 aptitudo
340 1160 486 1212 adiutrice
507 1176 523 1208 rr
536 1161 596 1224 Ergo
612 1159 674 1210 ciros
687 1158 826 1223 hujusmodi
842 1173 888 1212 nou
899 1163 926 1209 est

129 1232 202 1284 virtus
213 1236 237 1284 et
250 1231 343 1284 silium.

161 1309 185 1355 t.
198 1305 325 1366 preterca,
335 1303 356 1354 ei
368 1304 428 1354 circa
440 1303 577 1354 nterimem
594 1302 680 1354 cultum
692 1306 759 1354 essct
774 1303 855 1355 virtus
867 1307 890 1355 et
900 1302 926 1351 ri

129 1376 200 1438 ium,
213 1379 330 1440 oporteret
343 1374 404 1438 qaod
417 1374 561 1440 superfluitas
576 1374 600 1425 irr
613 1373 697 1425 telilus
711 1377 779 1426 esset
796 1375 895 1437 citima,
908 1377 926 1424 et

128 1447 197 1500 dour
209 1447 312 1499 muctar
321 1446 423 1498 vitiosas.
432 1447 478 1498 Sei
492 1445 635 1512 superfluitas
647 1446 671 1496 iu
683 1445 748 1496 cultu
763 1447 880 1499 exteriori
890 1459 926 1496 nou

129 1519 281 1571 videturesse
296 1518 389 1582 vitiosa,
406 1520 459 1584 quia
472 1519 542 1570 etiem
560 1519 688 1569 sacerdotes
699 1521 724 1568 et
738 1518 848 1574 ministri
861 1520 926 1570 utria

128 1590 154 1640 in
171 1603 234 1641 sacro
248 1589 374 1641 mmistemo
391 1589 561 1655 pretiosissimis
577 1589 679 1640 restibus
700 1592 811 1640 utuntur.
829 1591 927 1642 Similiter

128 1661 198 1712 etiam
209 1661 310 1713 deiocus
320 1662 343 1711 iu
353 1661 435 1712 talibm
445 1675 491 1713 uon
502 1661 591 1712 videtur
600 1674 650 1714 esse
658 1660 767 1722 vitiosus,
781 1663 840 1726 quia
852 1665 877 1713 iu
889 1665 926 1712 lar·

128 1733 180 1784 dem
193 1734 341 1796 quorumdam
356 1734 438 1784 dicitur
450 1734 487 1785 od
499 1733 584 1791 Heba„
595 1735 626 1784 lll
636 1749 642 1784 :
654 1751 668 1782 e
678 1733 833 1788 circuierunt
846 1736 872 1787 iu
886 1749 924 1785 roe·

128 1805 181 1857 lotis
190 1809 213 1857 et
223 1805 247 1856 in
255 1805 354 1870 pellibus
362 1806 470 1871 capricis.
485 1805 562 1858 »lion
572 1805 720 1871 operietur
734 1805 801 1872 quoo
812 1808 840 1862 iu
854 1808 925 1862 talibus

128 1877 200 1942 possit
209 1892 259 1930 esse
267 1878 341 1929 rictus
351 1882 374 1929 et
386 1879 474 1929 vitium.

161 1953 184 2000 t.
200 1951 327 2013 merea,
342 1951 416 2001 omem
424 1951 496 2002 vetes
506 1954 546 2002 eut
560 1952 597 2002 est
608 1949 751 2012 theocorus,
768 1954 811 2004 aut
825 1953 924 2015 morulis,

128 2025 168 2073 aut
177 2021 343 2073 intellectualis.
358 2022 403 2073 Sed
412 2022 611 2087 circahujuemodi
625 2035 670 2072 uon
680 2022 791 2074 consistit
806 2026 884 2077 vetus
895 2027 924 2076 iu·

128 2093 263 2144 tellectuelie
269 2129 279 2155 ,
293 2107 344 2157 que
356 2093 473 2159 perficitur
489 2094 515 2144 in
532 2095 607 2158 aliqua
622 2093 750 2158 cognitione
765 2097 884 2150 veritatis.
899 2097 925 2148 Si·

123 2165 211 2216 militer
225 2166 294 2216 etium
310 2175 354 2216 eoo
370 2170 406 2217 ost
423 2165 455 2216 ili
468 2167 540 2218 virtus
552 2163 693 2230 theologice,
708 2177 760 2230 qua
775 2169 851 2220 labet
862 2171 923 2220 mee

128 2251 169 2300 pro
181 2237 288 2301 objecto3
303 2252 346 2288 noc
356 2242 393 2288 est
403 2238 472 2289 etiam
486 2238 518 2288 ihi
532 2238 607 2303 aliqua
616 2237 724 2288 uirtutem
738 2239 923 2305 moraliumque

127 2307 278 2373 Ptritosopirus
291 2309 364 2372 mugit
377 2309 487 2373 (litote,
506 2310 540 2372 ll,
555 2321 605 2375 cap.
626 2309 690 2360 scel
703 2309 745 2374 7).
761 2311 828 2374 Ergo
842 2313 922 2363 vidae

126 2379 187 2443 quod
201 2379 260 2430 eirca
273 2380 403 2444 hujumodi
415 2381 500 2430 cultum
512 2391 557 2432 nor
566 2380 640 2446 possit
652 2381 791 2432 cese-rimus
801 2385 829 2433 et
839 2383 922 2434 riuum

158 2451 204 2502 Sed
216 2453 431 2503 contremescens
444 2453 473 2503 ad
484 2452 592 2504 virtutem
606 2452 712 2517 pertinet.
722 2451 770 2525 Sed
781 2451 808 2503 iu
823 2453 923 2506 emerici

127 2522 188 2571 cultu
199 2523 354 2574 consideratur
367 2524 470 2588 quadam
481 2526 599 2576 honestas.
611 2525 670 2574 Dicit
680 2523 741 2574 enim
753 2525 896 2588 Ambrosius,
905 2527 919 2576 l.

126 2594 164 2642 De
178 2595 273 2658 officiis
281 2595 343 2659 (cap.
354 2595 395 2659 te)
407 2611 415 2644 z
425 2613 439 2643 (ι
448 2597 520 2647 ltecm
532 2596 633 2660 corporis
646 2609 691 2646 uon
703 2594 734 2645 sit
747 2595 919 2660 affectatricem

126 2665 246 2726 naturalis,
271 2667 380 2730 simplex,
402 2668 520 2731 neglectus
542 2669 615 2732 magis
635 2665 703 2733 quim
724 2667 860 2732 expetitus;
880 2683 918 2720 uer

125 2733 232 2794 pretiosis
247 2739 270 2784 et
285 2737 412 2788 ellremilrus
425 2738 522 2802 adjutus·
534 2739 690 2801 vestimentis,
703 2739 744 2790 sed
756 2741 916 2803 communibus

124 2803 151 2848 ut
160 2800 274 2852 honestati
284 2806 321 2855 rel
334 2809 466 2858 necessitati
479 2809 537 2858 nihil
551 2809 624 2872 desit,
644 2809 703 2859 nihil
713 2811 809 2861 accedat
819 2811 893 2863 nitori
905 2827 916 2860 r

125 2869 184 2931 llige
196 2870 221 2918 iu
238 2875 344 2926 erteuori
357 2878 421 2928 cultu
433 2883 511 2942 potest
523 2892 576 2932 esse
589 2880 660 2931 vetus
673 2882 698 2930 et
711 2879 805 2933 vitum
