1934 3284
344 241 376 278 os
390 239 558 278 rorrrrcomu.
804 231 847 277 tun

53 317 181 382 inexpiabili
198 317 276 381 pretio
293 316 402 368 adversius
420 318 498 367 omniu
514 315 569 366 uitia
589 318 703 380 decertat,
717 317 803 368 invicta
819 318 847 368 nd

52 387 149 451 labores,
159 387 227 439 fortis
237 389 266 438 ad
279 388 394 453 pericula,
406 388 499 452 rigidior
512 388 621 439 adversius
633 389 778 454 voluptrios,
795 391 850 440 dura

53 459 159 510 adversius
173 459 429 520 illecehrus,uvuritiam
441 460 505 523 fuget
517 463 622 523 tanquam
631 461 705 510 lehem
716 461 847 524 quemdem,

53 545 100 593 pun
110 532 221 582 uirtutem
230 530 361 593 edomineh
372 534 418 581 net
425 531 484 582 idem
496 535 574 595 posteu
586 532 660 582 subdit
671 533 699 582 de
713 532 764 582 eliis
775 531 846 582 uitiis.

53 603 98 653 lloc
115 608 254 653 autemnon
273 606 348 666 potest
362 603 485 654 conuenire
499 603 568 652 alicui
582 602 673 666 speciali
689 603 775 654 uirtuti.
791 605 851 668 Ergo

52 675 158 725 tortitudo
176 687 223 724 non
238 677 274 724 est
286 674 392 738 specialis
401 674 481 725 uirtus.

81 751 103 795 3.
119 747 248 808 Proerna,
262 759 346 797 nomen
367 747 533 797 fortitudinish
552 745 656 798 firmitate
670 751 784 811 sumptum
801 762 851 799 esse

52 817 150 868 uidetur.
165 818 209 867 Sed
226 818 320 867 tirmiter
335 831 360 868 se
373 819 456 870 hahere
470 819 568 883 pertinet
587 819 614 868 ud
630 833 721 869 omnem
733 820 850 882 virtutem,
917 813 921 820 ’

52 893 76 938 ut
92 889 177 940 dicitur
186 889 212 938 in
222 891 242 938 ll
257 889 342 939 Ethic.
358 890 417 953 Ergo
429 891 537 940 tortitudo
552 894 587 940 est
600 891 673 940 virtus
684 891 803 954 generalis.

80 962 126 1012 Sed
138 965 219 1012 contre
228 965 275 1021 est,
291 962 351 1024 quod
362 962 427 1012 xillt
440 962 533 1012 Mouet.
549 963 611 1026 (cup.
623 965 657 1024 tt,
668 963 788 1026 Gregorius
798 977 852 1014 con-

52 1037 155 1083 numerat
170 1045 222 1082 enm
233 1032 284 1082 aliis
293 1033 423 1084 uirtutibus.

81 1105 429 1169 (cunerono-Fortitudo,
448 1109 475 1155 ut
487 1106 589 1169 puaednm
609 1105 679 1155 unirni
692 1105 800 1169 firmitas,
817 1110 852 1156 est

53 1176 123 1227 virtus
134 1176 256 1240 generalis,
270 1175 306 1226 nel
318 1177 393 1240 potiris
403 1177 494 1227 uirtutis
508 1176 631 1240 cujuslibet
644 1176 743 1227 conditio
760 1181 811 1239 est;
826 1181 853 1226 ut

52 1248 103 1299 nero
116 1248 143 1298 in
157 1246 264 1310 grauibus
276 1252 300 1298 et
319 1247 408 1312 mugnis
422 1248 530 1312 periculis
543 1249 629 1299 animat
637 1286 645 1312 ,
661 1247 765 1312 specialis
779 1248 851 1298 uirtus

53 1319 114 1383 est.)
809 1362 812 1368 .

80 1391 221 1454 Respondeo
235 1390 368 1453 dicendum,
385 1391 443 1456 quod
459 1392 519 1441 sicut
533 1390 599 1454 cupri
616 1391 701 1441 dictum
721 1392 850 1456 111(1,1,

53 1478 89 1527 qu.
103 1467 136 1513 61
154 1466 178 1512 ct
192 1461 250 1525 65),
266 1475 350 1512 nomen
368 1463 538 1526 fortitudinis
552 1461 670 1526 dupliciter
683 1463 756 1527 accipi
769 1467 852 1528 potest.

52 1538 100 1587 lino
111 1535 197 1595 modo,
209 1533 334 1584 secundirm
346 1533 405 1598 qndd
422 1534 523 1586 absolute
534 1534 642 1598 importat
651 1536 770 1597 qnamdam
785 1535 853 1588 animi

52 1608 199 1668 firmitatem
215 1608 239 1655 et
258 1606 382 1656 secundirm
396 1608 440 1657 hoc
453 1610 489 1657 est
499 1605 611 1666 generalis
629 1605 715 1670 virtus,
730 1607 767 1656 nel
778 1605 855 1670 petiis

53 1678 155 1730 conditio
168 1677 290 1742 cujuslibet
306 1675 409 1738 uirtutis,
420 1677 473 1741 qnia
488 1677 547 1726 sicut
560 1677 709 1740 Philosophus
722 1677 778 1727 dicit
792 1678 815 1727 in
832 1677 853 1727 ll

52 1753 150 1811 Echio„
166 1767 180 1797 u
190 1751 218 1800 ad
228 1749 335 1799 uirtutem
349 1750 471 1813 requiritur
489 1748 581 1800 firmiter
599 1751 622 1799 et
636 1749 781 1800 immobiliter
800 1763 854 1815 ope·

52 1825 103 1874 ruri.
116 1840 132 1871 u
149 1821 199 1872 hlio
215 1823 281 1871 ruodo
294 1823 370 1884 potest
384 1820 458 1884 accipi
476 1819 584 1871 tortitudo
603 1819 725 1870 secundium
739 1821 799 1883 qudd
812 1821 854 1870 im-

53 1899 128 1960 portat
145 1893 277 1942 firmitatem
290 1892 378 1942 tnnthrn
395 1891 420 1942 in
434 1892 573 1962 sustinendis
588 1896 610 1942 et
627 1891 764 1955 repellendis
778 1891 815 1942 his
830 1891 855 1942 in

51 1970 133 2032 quihus
147 1964 247 2016 maxime
265 1964 357 2016 difficile
375 1968 411 2014 est
425 1964 554 2014 firmitatem
565 1964 656 2024 hahere,
672 1963 759 2013 scilicet
770 1963 794 2012 in
814 1963 855 2013 ali-

52 2041 134 2104 quibus
151 2036 259 2102 periculis
280 2037 395 2098 grauibus.
410 2036 475 2086 Unde
497 2035 583 2084 Tullius
601 2035 656 2084 dicit
669 2033 692 2083 in
707 2048 747 2084 sua
768 2035 853 2084 Rheto-

54 2113 116 2169 ee'en,
129 2110 160 2166 11.
181 2113 220 2170 ot,
235 2107 296 2171 pndd
309 2107 418 2158 fortitudo
428 2110 463 2157 est
473 2106 792 2170 nconsideratapericnlornm
807 2120 856 2155 sus-

52 2183 142 2246 ceptio,
154 2185 178 2232 ct
194 2179 297 2230 laborum
308 2179 435 2244 perpessio.
454 2195 468 2225 u
485 2179 514 2228 Et
529 2177 562 2228 sic
576 2177 683 2228 tortitudo
697 2177 789 2241 ponitur
804 2189 856 2240 spe·

52 2254 115 2305 ciniis
130 2253 212 2314 uirtus,
229 2254 308 2315 utpote
322 2251 438 2301 materiem
449 2249 620 2302 determinatam
633 2249 727 2299 hebens

83 2328 118 2377 hd
135 2325 235 2390 primum
255 2335 309 2386 crgo
325 2323 461 2386 dicendum,
474 2322 534 2386 qudd
553 2319 677 2388 secundine
691 2319 855 2383 Philosophum

54 2398 77 2449 in
90 2401 100 2447 l
113 2399 150 2448 De
161 2396 221 2446 coelo
233 2396 304 2458 (text.
317 2397 382 2455 116),
392 2409 475 2446 nomen
484 2395 593 2444 virtutis
604 2393 701 2444 retertur
713 2393 741 2441 ad
751 2391 855 2442 ultimum

55 2470 171 2533 potentie.
188 2467 274 2516 iticitur
286 2470 360 2516 autern
371 2479 417 2515 uno
426 2467 493 2516 modo
502 2465 604 2529 potentia
614 2463 722 2514 naturalis
731 2463 857 2514 secundino

55 2554 122 2604 quem
137 2534 221 2602 uliquis
235 2539 310 2601 potest
325 2538 432 2587 resistere
444 2535 657 2600 corrumpentibus3
674 2532 717 2586 alio
727 2536 804 2597 modo,
819 2547 856 2585 se·

57 2611 154 2662 mndhm
163 2609 224 2676 qnod
237 2614 273 2659 est
286 2609 422 2672 principium
434 2608 525 2672 agendi,
538 2613 563 2658 ut
573 2611 638 2672 'patet
648 2607 673 2658 iu
684 2607 703 2656 ll
716 2607 854 2672 Metuphys.

57 2681 199 2745 (tertii).
215 2681 244 2732 Et
255 2681 317 2742 ideo,
328 2681 381 2744 quiu
394 2681 443 2730 haec
453 2679 554 2744 acceptio
564 2683 599 2730 est
614 2679 762 2744 communior,
772 2691 856 2730 nomen

57 2755 164 2803 virtutis
175 2751 300 2804 secundino
309 2751 368 2816 qndd
381 2753 489 2815 importat
502 2769 515 2800 u
530 2751 634 2802 ultimum
645 2752 697 2802 talis
710 2751 830 2816 potentino,
843 2767 857 2798 n

59 2828 93 2874 est
106 2838 239 2886 commune3
253 2837 304 2874 narn
318 2824 389 2874 uirtus
404 2823 555 2874 communiter
575 2827 664 2888 sumpte
680 2824 737 2874 nihil
751 2823 811 2873 uliud
824 2825 860 2872 est

58 2896 125 2958 puin
138 2896 231 2947 lechitus
245 2909 291 2958 quo
305 2896 358 2959 quus
370 2898 446 2960 potest
456 2894 514 2946 hene
528 2895 625 2958 operari.
641 2893 770 2945 Secundhm
782 2896 859 2943 eutem

59 2966 118 3030 qudd
125 2967 233 3034 importat
243 2967 366 3017 ultimum
377 2968 497 3031 potentior
507 2966 580 3032 primo
592 2968 662 3019 modo
673 2965 749 3028 dicte,
760 2964 799 3030 qui
809 2963 860 3026 qui·
