1934 3284
135 168 181 218 tta
249 179 357 218 soccum
372 179 502 230 mensum,
514 179 606 226 quaer.
621 178 706 229 curn,
720 179 775 218 aar.
789 181 813 218 r.

138 258 199 319 lyces
210 254 273 306 enim
287 255 400 320 praecipat
414 256 443 306 de
460 255 592 308 fortitudine
610 255 802 309 numentanus
819 255 864 306 Sed
875 269 927 306 mar·
945 285 946 334 p

133 328 194 389 tyros
205 339 251 376 nou
264 328 450 378 commendantur
459 328 483 378 in
497 327 564 378 rebus
576 327 672 378 bellicis.
686 327 746 389 Ergo
759 327 866 378 tortitudo
884 339 923 376 nou

132 396 225 461 proprie
243 398 348 448 consistit
360 399 421 450 circa
434 397 535 463 pericula
549 398 691 462 mortisque
705 402 758 448 suut
770 397 795 448 in
807 398 876 452 betto.

165 476 190 520 a.
205 471 327 533 Preietos,
339 473 472 523 Ambrosius
480 472 537 522 dicit
548 472 573 521 iu
585 472 626 522 liu.
641 474 676 522 De
689 469 785 534 officiis
801 471 860 536 (ΙΙΙ,
872 476 900 521 35
910 472 924 530 l,

132 542 192 607 qudd
207 559 221 590 u
234 543 341 594 fortudo
354 544 463 594 dividitur
475 544 500 594 in
514 557 551 595 res
560 544 653 594 bellicas
662 548 685 594 et
694 543 838 596 domesticas.
849 559 864 590 r>
878 543 925 592 Tul-

131 613 176 664 lius
190 613 257 664 etiam
269 613 324 665 dicit
336 615 360 665 iu
374 617 383 664 l
400 616 495 679 offic:
515 633 529 664 (ι
545 614 603 665 Cium
621 615 723 679 plerique
742 615 881 666 arbitrantur
892 627 924 663 res

131 685 224 738 tedicus
235 688 331 751 majores
340 701 391 738 esse
399 687 467 751 quiam
481 687 591 748 mbanas,
602 687 723 738 miurrenda
737 689 773 736 est
783 687 832 738 hec
842 687 923 751 opinio.

132 759 175 808 Sed
193 757 278 808 sinere
294 759 399 809 uolumus
412 759 532 822 judicare,
545 758 621 808 multe
640 771 678 808 res
695 757 821 808 extiterunt
840 759 926 808 urbane

133 829 231 893 majores
248 830 400 894 clarioresque
416 831 484 894 quam
498 831 591 882 bellicae.
604 847 617 878 n
633 831 677 882 Sed
689 830 749 880 circa
763 830 850 894 majora
861 829 926 892 major

132 901 241 952 lortitudo
257 901 370 952 consistit.
389 904 448 966 Ergo
462 915 508 952 nou
524 902 614 967 proprie
628 901 732 954 consistit
749 901 861 954 tortitudo
875 901 925 950 circa

132 975 289 1036 mortemque
303 972 396 1024 inbelle
410 978 455 1024 est.

164 1049 187 1092 a.
202 1045 321 1105 Praeterea,
338 1043 397 1095 bella
408 1045 540 1095 ordinantur
553 1047 582 1096 ad
599 1057 678 1110 pacem
694 1044 843 1108 temporalem
858 1042 926 1107 reipu-

130 1114 197 1165 blice
209 1117 403 1178 conservandam
415 1116 471 1166 dicit
488 1117 550 1166 enim
565 1117 721 1180 Augustinus,
735 1116 787 1166 xlx
799 1118 836 1166 Dc
856 1115 928 1166 Cioit.

131 1186 181 1234 Dei
192 1190 259 1250 (cap.
274 1190 304 1236 ta
313 1195 331 1249 t,
345 1186 405 1249 qudd
420 1205 434 1236 a
444 1188 571 1238 intendens
585 1187 648 1252 pacis
660 1187 719 1238 bella
730 1189 849 1251 geruntur.
861 1204 874 1235 n
889 1183 925 1234 Sed

134 1270 173 1319 pro
188 1269 244 1320 pace
258 1258 375 1322 temporali
385 1258 515 1323 reipublice
526 1273 573 1312 non
583 1261 673 1310 ridetur
684 1259 744 1324 qudd
758 1259 842 1322 aliquis
854 1258 927 1309 debeat

132 1340 158 1378 se
169 1328 269 1391 periculo
285 1329 368 1380 mortis
381 1344 510 1395 exponere,
524 1332 576 1382 edm
584 1332 635 1382 talis
650 1345 693 1396 pax
708 1331 738 1382 sit
755 1331 879 1382 multarunt
890 1329 926 1378 las-

132 1398 241 1449 civiarum
259 1400 357 1452 occasio.
373 1402 433 1465 Ergo
452 1403 542 1454 ridetur
559 1402 621 1468 quod
636 1403 708 1454 uirtus
729 1401 872 1454 tortitudinis
890 1411 928 1450 noc

132 1471 244 1521 consistat
256 1471 315 1523 circa
327 1474 406 1524 mortis
414 1474 501 1526 bellice
513 1475 622 1538 pericula.

162 1542 209 1593 Sed
222 1546 300 1596 contra
314 1548 365 1605 est,
379 1547 440 1609 quod
451 1547 605 1612 Philosophus
618 1546 672 1598 dicit
685 1545 710 1596 in
723 1547 754 1596 lll
765 1546 860 1602 Ettric„
876 1542 927 1608 qndl

133 1631 148 1661 u
163 1614 261 1666 maxime
276 1619 313 1666 est
324 1616 432 1668 tortitudo
445 1618 505 1670 circa
518 1624 615 1671 norman
626 1632 676 1682 qun
691 1617 715 1668 in
729 1617 789 1668 bello
802 1621 873 1668 est.»

167 1685 327 1748 (Coactusro.
335 1687 487 1740 —Fortitudo
495 1690 602 1741 consistit
611 1689 672 1740 circa
684 1689 784 1753 pericula
792 1689 882 1752 mortis,
890 1697 928 1736 uon

133 1756 200 1807 modo
220 1771 271 1820 quae
286 1758 312 1807 in
330 1760 446 1810 communi
464 1761 585 1814 imminent
602 1761 673 1822 bello,
687 1761 727 1812 sed
744 1760 813 1811 etiam
834 1759 859 1812 in
877 1757 928 1810 hello

133 1829 292 1894 particulari.)

166 1901 302 1964 {despondeo
313 1901 449 1966 dicendum,
464 1903 524 1968 qudd
539 1905 598 1954 sicut
611 1903 742 1955 dictumest
755 1905 816 1966 (art.
830 1903 928 1967 Μοτ-

134 1971 205 2022 titudo
224 1973 342 2022 confirmat
363 1975 464 2024 animun
486 1974 586 2026 hominis
600 1978 677 2026 contra
699 1975 798 2026 maxima
817 1975 927 2039 pericula,

132 2057 184 2108 que
205 2048 259 2094 sunt
275 2044 376 2108 pencnla
397 2047 485 2098 mortis.
503 2048 549 2097 sed
569 2045 621 2111 quia
634 2045 742 2096 fortitudo
757 2046 893 2108 natusest,
906 2042 928 2092 ad

132 2117 199 2180 cujus
211 2116 320 2170 rationem
335 2118 436 2180 pertinet
445 2118 507 2182 quod
522 2131 613 2182 semper
626 2118 703 2170 tendat
718 2118 741 2166 in
756 2118 843 2168 leonum
851 2156 861 2183 ‚
877 2129 926 2168 eou-

132 2201 231 2252 sequeus
243 2193 279 2238 est
292 2191 319 2238 ut
332 2189 401 2240 homo
416 2189 515 2252 pericula
533 2190 612 2240 mortis
624 2201 670 2240 nou
682 2189 780 2253 refugiat
790 2195 885 2256 propter
893 2187 927 2238 ali-

132 2259 192 2322 quod
209 2260 294 2310 nouum
308 2261 500 2324 prosequendum.
517 2261 619 2311 Pericula
641 2265 717 2312 auten
738 2261 818 2312 mortis
836 2261 928 2327 quaeest

132 2342 163 2378 ex
171 2330 322 2393 egritudine,
337 2331 373 2380 rel
386 2343 416 2380 ex
425 2333 560 2394 tempestate
572 2331 654 2394 maris,
667 2332 705 2382 vel
719 2345 747 2382 ex
759 2331 853 2383 incursu
867 2334 927 2383 latro·

132 2414 201 2464 uum,
216 2403 253 2452 uel
267 2402 344 2465 siqua
357 2401 400 2451 alia
413 2406 467 2452 suut
480 2401 611 2467 hujusmodi
619 2441 628 2466 ‚
643 2415 688 2454 uon
700 2403 805 2453 videntur
819 2403 886 2454 alicui
899 2399 927 2450 di-

132 2469 194 2521 recte
207 2471 327 2523 inminere
339 2485 368 2522 ex
383 2474 428 2523 lroc
440 2471 500 2536 quod
512 2477 661 2538 prosequatur
677 2474 767 2539 aliquod
783 2475 878 2526 honum.
887 2469 926 2522 Sed

133 2541 234 2605 pericula
250 2542 391 2607 mortisque
404 2548 440 2594 est
451 2544 476 2594 in
493 2545 594 2608 helicis,
608 2545 693 2596 directe
705 2545 826 2596 irnmineut
845 2540 925 2596 homiui

133 2615 225 2676 propter
237 2614 327 2678 aliquod
341 2615 440 2680 bouum,
451 2617 475 2667 iu
489 2620 598 2681 quantum
613 2617 720 2668 videlicet
731 2617 833 2668 defendit
848 2619 926 2669 bonum

133 2697 251 2734 commuue
270 2697 311 2747 per
321 2685 409 2750 metum
419 2688 513 2739 bellum.
528 2689 606 2739 Potest
619 2692 696 2740 auem
710 2689 800 2752 aliquod
814 2703 865 2742 esse
878 2689 925 2754 jus-

134 2841 158 2881 et
167 2837 203 2891 11,
216 2835 294 2884 Serre..
307 2836 360 2883 dist.
372 2838 417 2895 ta,
431 2853 472 2896 qu.
483 2839 512 2900 Ξ,
528 2845 572 2884 art.
588 2840 611 2898 l,
628 2841 656 2886 ad
667 2839 696 2896 3;
712 2849 738 2889 ut
754 2851 778 2890 ct
790 2845 840 2904 111,
854 2845 924 2890 Soet.»

119 2898 187 2953 ‚dist
197 2896 236 2942 33.
250 2908 292 2953 qu.
301 2896 327 2955 3,
340 2906 385 2946 ert.
397 2901 423 2960 3,
436 2902 574 2959 quaestiuue.
587 2901 608 2948 1.
