1934 3284
223 179 262 208 ⁴·
346 181 520 228 remensem.
782 171 829 228 ‘tte
899 238 903 244 ,

17 269 193 322 distinxerunt.
208 266 253 318 Sed
271 269 353 330 preter
371 267 414 316 troc
433 263 522 316 Tattius
539 266 690 319 considerauit
712 268 828 332 quoddam

17 341 134 409 speciale
146 339 230 390 bonum
243 351 294 388 esse
307 337 331 387 in
345 338 497 388 moderatione
510 351 627 401 poenamm
640 354 647 389 z
659 342 683 390 et
694 339 746 391 ideo
759 338 830 390 ctiam

17 410 178 465 clementiam
190 410 300 461 subtraxit
313 409 439 464 modestia,
450 422 539 472 ponens
549 409 681 460 modestiam
696 411 758 461 circa
767 425 831 462 com-

17 485 108 537 munia
120 497 172 547 quc
184 481 340 545 relinquuntur
348 482 491 532 moderanda.
502 481 556 539 Quae
564 481 653 544 quidem
660 482 765 534 videntur
775 496 828 534 esse

17 561 144 622 reatuum
153 565 246 618 quorum
259 559 329 602 unum
339 554 374 602 est
388 555 462 602 motus
479 551 549 602 animi
561 548 589 601 ad
603 551 698 616 aliquam
713 555 830 605 excelten-

17 632 84 680 tiam
94 665 101 688 ,
112 639 181 690 quam
195 625 322 676 moderatur
335 623 476 674 tumiditas.
489 623 618 674 Secundum
629 627 704 674 autem
719 628 755 676 est
768 626 828 676 desi·

17 699 123 752 derium
139 709 216 746 eorum
232 709 281 760 quic
296 695 409 760 pertinent
427 696 454 745 ad
471 695 637 759 cognitionem,
652 700 675 746 et
692 697 736 746 herc
750 699 828 749 mode-

17 779 93 824 retur
107 769 276 825 studiositas,
289 780 339 831 quie
352 767 472 832 opponitur
481 768 613 820 curiositati.
628 766 729 819 Tertium
744 773 826 832 autem

17 843 92 910 quiid
107 839 208 906 pertinet
218 839 245 889 ad
258 839 383 904 corporatos
395 841 470 890 motus
484 843 508 891 et
520 841 634 904 actonm3
650 843 676 890 at
689 839 777 892 scilicet
786 842 826 892 de-

17 919 111 967 center
122 915 147 963 ct
157 909 329 972 honesttdant,
340 914 386 961 tarn
399 911 424 961 in
433 911 469 962 tris
481 923 532 976 qua
544 911 604 963 serio
614 911 681 975 quam
693 912 718 961 in
729 911 765 962 his
777 926 828 976 qum

17 990 83 1040 tudo
101 986 211 1048 aguntur.
223 983 329 1041 Quartum
341 985 416 1034 autem
426 987 473 1046 est,
482 985 541 1048 quod
550 985 647 1049 pertinet
656 985 683 1034 ad
695 984 830 1034 exteriorem

17 1061 169 1125 apparatum
181 1072 188 1119 ;
202 1054 255 1119 puti
266 1055 291 1104 in
307 1056 407 1106 vestibus
418 1061 440 1107 et
452 1055 477 1106 in
490 1056 540 1106 aliis
555 1054 695 1120 hujusmodi.
711 1055 756 1104 Sed
770 1056 831 1105 circa

17 1131 139 1196 quaedam
158 1137 236 1177 eurum
256 1125 297 1176 elii
316 1129 441 1190 posuerunt
461 1127 571 1191 quasdam
592 1126 702 1190 speciales
722 1126 832 1190 virtutm3

18 1203 92 1253 sicut
107 1197 251 1249 Andronicus
266 1199 502 1259 «mansuetudinem,
517 1196 702 1262 simplicitatem,
716 1196 832 1247 humilita-

21 1279 76 1323 tem
86 1309 94 1334 ,
106 1285 121 1318 >t
134 1272 159 1320 et
171 1269 351 1334 atiatrujusmodi
360 1269 475 1334 dequibus
484 1281 552 1334 supra
561 1269 645 1319 dictum
655 1273 691 1319 est
704 1268 753 1333 (qu.
766 1267 840 1332 tto).

18 1341 170 1396 Aristoteles
180 1340 247 1391 etiem
257 1341 322 1391 circa
331 1339 503 1392 delectationem
513 1341 617 1392 indorum
630 1339 707 1404 posuit
714 1342 830 1403 eutrape-

20 1417 100 1466 tiam
116 1413 161 1477 (ut
173 1411 255 1461 dictum
268 1415 303 1462 est
316 1415 339 1474 t,
354 1415 378 1475 t,
396 1427 434 1476 qu.
450 1417 489 1473 60,
504 1415 546 1462 art.
563 1411 607 1476 a).
620 1412 674 1470 oue
685 1411 761 1462 omnia
774 1423 834 1460 con-

19 1487 139 1538 tinentur
157 1483 198 1532 sub
212 1483 333 1545 modestia,
354 1482 475 1534 seeundirm
495 1483 554 1548 qudd
568 1482 664 1534 diullio
674 1482 791 1546 accipitur.
805 1482 835 1531 Et

19 1563 73 1610 hoe
95 1554 167 1605 modo
184 1554 294 1605 modestia
312 1569 335 1605 se
349 1555 417 1606 habet
431 1568 476 1609 uon
490 1554 564 1606 sotim
582 1555 640 1605 circa
660 1554 781 1605 exteriores
793 1566 836 1604 ac-

19 1633 126 1690 tiones,
140 1626 261 1676 sedetiam
277 1627 335 1677 circa
348 1627 479 1679 interiores.

58 1702 99 1752 Ad
115 1696 213 1762 primum
227 1699 421 1762 ergodicendnm
430 1699 491 1763 quod
505 1701 626 1764 npomotus
635 1697 768 1762 loquiturde
781 1711 830 1749 mc·

20 1772 109 1826 destia
129 1771 199 1832 prout
217 1773 251 1820 est
269 1771 327 1821 circa
345 1772 463 1822 exteriora.
483 1773 511 1822 itt
524 1776 599 1822 tamen
621 1771 690 1823 etiam
703 1770 835 1821 interiorum

19 1839 165 1896 moderatio
178 1841 314 1892 manifestari
327 1845 402 1906 potest
414 1855 455 1906 per
469 1843 573 1906 quadam
586 1843 697 1893 exteriora
712 1841 784 1909 signa.

58 1916 100 1967 nd
112 1913 241 1964 seeundum
254 1913 386 1976 dicendam,
398 1913 457 1978 quod
469 1913 511 1964 sub
523 1910 634 1964 modestia
646 1912 789 1962 continentur
798 1912 832 1962 di·

18 1999 109 2041 versae
128 1981 227 2034 umus
242 1999 292 2048 qua
309 1984 323 2035 t
338 1985 434 2036 diuersis
450 1985 596 2048 assignantur
612 2000 618 2034 τ
632 1985 692 2034 unde
704 1983 761 2032 nihil
779 1994 834 2046 pro·

19 2062 98 2112 iaibst
109 2056 246 2106 modestum
259 2069 308 2107 esse
321 2057 417 2107 circaea
426 2068 475 2121 ques
487 2057 605 2120 requirunt
616 2056 715 2105 diuersas
728 2053 833 2104 virtutes.

20 2137 54 2185 Et
67 2137 155 2180 tamen
166 2139 212 2176 non
226 2131 259 2177 est
270 2130 331 2178 tanta
342 2129 460 2179 diuersitas
473 2128 533 2179 inter
544 2130 618 2192 partes
627 2127 745 2178 modestis
753 2127 780 2176 ad
794 2127 831 2175 in·

21 2207 127 2257 vicem,
139 2201 223 2262 quarta
233 2203 268 2250 est
274 2199 368 2264 justitie
379 2201 443 2264 (que
454 2203 488 2250 est
498 2200 557 2249 circa
567 2197 727 2262 operationes)
738 2199 765 2246 ad
775 2202 833 2247 tem·

21 2270 165 2342 perantiam
177 2307 183 2330 ‚
193 2282 242 2333 qne
252 2276 288 2322 est
300 2274 358 2322 circa
370 2272 503 2336 passionem
515 2270 568 2334 quia
576 2271 600 2320 in
609 2270 733 2320 actionibus
746 2273 770 2318 et
778 2279 833 2331 pas·

23 2345 143 2399 sionibus
157 2341 181 2391 in
193 2343 275 2406 mittas
284 2357 330 2394 non
340 2347 373 2396 est
387 2344 461 2407 alicua
473 2344 586 2394 encettens
594 2341 714 2392 ditttcutias
726 2352 757 2391 ex
771 2343 836 2404 parte

20 2414 157 2476 materiae,
174 2415 213 2464 sed
233 2415 306 2466 sotum
327 2429 355 2467 en
377 2420 444 2480 parte
460 2414 631 2471 moderationis,
649 2427 696 2464 non
713 2411 837 2463 attenditur

21 2491 112 2542 emtus
131 2485 177 2535 nisi
190 2498 250 2549 una3
267 2487 354 2538 scilicet
370 2486 495 2538 secundum
511 2487 620 2538 rationem
633 2483 805 2537 moderationis.

61 2559 98 2610 Et
109 2557 206 2622 perdor
219 2559 281 2622 petet
295 2558 412 2623 responsio
424 2560 453 2610 ad
466 2558 567 2609 tertiam.
