1934 3284
378 191 410 228 nn
424 189 553 231 meran.
816 181 861 229 m

95 267 234 332 despondeo
248 266 383 331 dicendum,
396 266 457 331 qnod
467 267 525 318 sicud
542 267 609 332 sopri
617 266 702 320 dictum
711 270 746 320 est
758 269 767 332 (
773 273 862 334 pudo,

65 342 108 388 art.
119 342 132 388 1
143 339 168 401 )‚
182 351 212 389 ex
223 339 268 388 boc
283 337 359 401 atium
369 338 443 389 circus
454 338 550 403 justitie
564 340 698 405 annectitur,
713 340 772 390 doct
783 353 862 392 secun·

64 409 126 460 daria
137 409 276 474 principali,
290 409 351 473 qudd
370 411 453 488 partim
466 410 558 474 qudem
574 425 626 461 curn
644 411 733 477 justitia
747 411 863 472 conuenit,

64 481 146 546 partim
168 485 246 530 eutem
263 481 340 532 dedcit
355 482 383 531 ab
398 483 450 545 eins
464 483 565 546 perfecta
579 483 674 534 ratione.
693 483 770 534 Virtus
787 487 863 534 antem

64 552 167 604 ueritatis
180 553 289 607 conuenit
301 553 391 616 quidem
403 568 455 604 cnm
469 554 558 618 justitia
571 554 595 604 in
605 555 692 607 duobus
702 571 708 606 c
718 569 764 607 uno
773 556 865 620 quidem

64 625 147 684 modo,
162 624 187 674 in
200 627 245 674 boc
258 624 318 688 qubd
329 631 365 677 est
376 628 404 676 ad
420 627 532 689 alterum;
547 625 701 678 manifestatio
709 627 782 690 emm,
797 641 865 692 qaam

65 697 168 748 diximus
177 711 230 748 csse
245 697 447 760 commentatis,
460 699 533 749 estad
546 697 652 763 alterum,
666 699 809 763 inquantum
823 698 865 750 sci·

63 771 120 820 iicet
137 781 167 819 ca
182 783 232 834 quae
250 769 310 819 circa
322 770 397 834 ipsum
412 773 466 821 sunt
483 784 543 820 unus
565 771 632 820 bomo
649 771 714 820 alteri
726 770 866 822 manifestat.

67 841 118 892 dtio
135 841 219 902 modo,
230 840 254 890 in
266 845 374 904 quantum
381 841 471 906 justitia
481 841 632 905 aequalitatem
639 843 759 905 quamdam
766 842 791 891 in
799 843 867 892 rebus

66 911 201 976 constitnit,
215 918 239 964 et
254 912 380 963 boeotiam
396 912 452 962 facit
471 913 543 964 cirtam
557 912 674 976 ecflictim
687 913 790 976 adaequat
805 913 867 964 enim

66 985 132 1048 signa
149 985 218 1036 rebus
231 984 382 1036 existentibus
395 985 455 1036 circa
468 985 554 1048 ipsum.
568 984 648 1034 Deficit
659 989 735 1035 antem
748 985 761 1034 b
774 987 866 1050 propria

66 1057 155 1108 ratione
166 1057 264 1121 justitiae
277 1061 387 1118 quantum
403 1058 431 1108 ed
449 1057 560 1108 rationem
578 1055 664 1120 debiti3
680 1069 726 1108 non
746 1057 806 1107 cuim
819 1057 868 1108 bec

66 1129 140 1179 uirtus
157 1128 256 1179 attendit
276 1128 391 1178 debitum
411 1128 503 1194 lecolo,
519 1129 579 1193 quod
597 1125 692 1180 attendit
707 1128 812 1193 justitia,
828 1131 868 1179 sed

66 1199 144 1264 potibs
150 1200 269 1250 debitum
280 1199 385 1254 morule,
393 1200 417 1251 in
426 1205 536 1262 qnantum
548 1199 634 1252 scilicet
641 1215 670 1251 en
681 1202 801 1252 bonestatc
809 1214 868 1250 unns

66 1273 136 1323 borno
148 1271 216 1323 alteri
228 1272 295 1322 debet
307 1271 411 1323 ueritatis
427 1271 645 1324 manifestationem.
661 1273 724 1323 Unde
738 1273 822 1324 ueritas
833 1276 868 1324 est

66 1358 122 1408 pars
134 1343 246 1409 justitie,
266 1343 414 1406 inquantum
432 1343 560 1394 annectitur
576 1344 597 1394 ei
616 1343 675 1394 sicut
698 1342 770 1395 uirtus
782 1357 868 1394 *secun-

67 1415 130 1467 daria
144 1413 274 1480 principaii.

98 1488 135 1538 dd
147 1487 248 1552 primunr
261 1499 315 1550 ergo
324 1485 453 1550 dicendum,
467 1485 528 1551 qubd
540 1487 595 1551 qnia
607 1488 674 1538 homo
688 1489 722 1538 est
732 1485 816 1538 animal
833 1501 870 1540 so·

69 1559 136 1616 ciale.
149 1558 282 1608 naturaliter
295 1572 353 1608 unns
367 1559 436 1608 bomo
449 1558 515 1610 alteri
527 1559 593 1610 debet
607 1560 628 1610 id
644 1559 694 1609 sine
712 1572 757 1622 quo
772 1559 869 1612 societas

68 1633 169 1681 bumana
184 1629 271 1680 semaei
283 1643 329 1680 non
344 1633 429 1694 posset.
447 1632 498 1682 Nou
515 1635 591 1681 autem
608 1635 704 1694 possent
721 1631 826 1682 homines
842 1633 870 1682 ad

69 1701 169 1752 invicem
184 1701 316 1763 concinere,
330 1701 375 1751 nisi
390 1701 434 1752 sibi
450 1701 548 1752 invicem
561 1703 693 1763 crederent,
704 1705 811 1765 tanquam
825 1704 869 1754 sibi

68 1774 167 1824 inuicem
188 1771 307 1822 ceritatem
329 1773 528 1824 manifestantibus
546 1789 552 1823 :
567 1777 590 1824 et
608 1773 660 1824 ideo
681 1773 753 1824 uirtus
768 1775 871 1825 ueritatis

68 1847 143 1910 aliquo
159 1844 228 1894 modo
244 1843 340 1894 attendit
353 1845 464 1896 rationem
478 1843 559 1895 debiti.

99 1918 135 1968 dd
152 1915 278 1967 secundnm
296 1915 426 1980 dicendum,
438 1916 500 1979 qubd
514 1917 598 1968 veritas
617 1915 741 1967 secundum
761 1917 822 1980 quod
835 1922 871 1968 est

70 1989 170 2055 cognita,
185 1988 287 2052 pertinet
303 1989 331 2038 ad
342 1988 497 2052 intetfectnm3
513 1990 553 2038 sed
568 1989 636 2038 bomo
647 2001 687 2051 per
700 1987 815 2052 propriam
828 2003 871 2040 vo-

69 2061 194 2124 luntatem,
210 2072 332 2124 perquam
348 2060 420 2110 utitur
440 2064 463 2110 et
477 2060 592 2110 habitibus
606 2061 629 2109 et
646 2059 768 2122 membris,
786 2061 872 2124 profert

70 2133 182 2184 exteriora
194 2132 259 2195 signa
269 2131 298 2180 ad
309 2133 427 2183 ueritatem
436 2131 627 2182 manifestandam
643 2146 648 2180 τ
660 2133 683 2180 ct
695 2131 818 2181 secundum
828 2133 873 2182 boc

71 2205 227 2256 manifestatio
239 2201 344 2254 veritatis
359 2207 395 2254 cst
405 2207 470 2254 actus
483 2201 612 2254 voluntatis.
840 2251 842 2254 .

100 2278 134 2326 dd
149 2276 243 2326 tertium
257 2277 392 2338 dicendum,
405 2275 464 2338 qubd
481 2274 565 2324 veritas
577 2275 604 2326 dc
618 2287 662 2339 qua
677 2273 871 2338 communimur,

71 2348 146 2399 differt
160 2347 282 2398 inveritate
300 2348 367 2408 vitm,
381 2350 407 2396 nt
419 2346 505 2396 dictum
521 2350 556 2396 cst
567 2347 576 2410 (
586 2349 630 2395 art.
644 2349 667 2408 a,
682 2345 709 2395 ad
727 2343 767 2407 d).
782 2344 872 2396 Veritas

72 2426 147 2471 auteur
158 2418 257 2485 justitiae
271 2419 353 2470 dicitur
365 2417 494 2482 dupliciter.
510 2418 560 2468 Uno
570 2416 652 2479 modo,
672 2414 797 2466 secundirm
809 2415 869 2480 qnod

69 2491 121 2555 ipsa
133 2490 226 2556 justitia
238 2493 274 2541 eat
284 2489 395 2540 rectitudo
408 2489 511 2551 quaedam
525 2488 627 2550 regulata
637 2485 761 2538 sccundbm
772 2486 872 2550 moutam

72 2563 155 2614 dimne
165 2562 224 2626 legia
236 2577 242 2611 :
256 2565 279 2612 ct
288 2560 410 2612 secundum
418 2561 461 2610 boc
473 2559 549 2610 differt
557 2558 641 2610 ueritas
650 2557 745 2622 justitiae
755 2556 769 2608 tt
779 2558 873 2610 ueritate

71 2634 134 2695 dtu,
145 2633 201 2698 qnia
211 2635 309 2682 ceritas
322 2634 382 2682 vitoe
395 2636 431 2683 cst
442 2629 567 2682 secundnm
577 2643 645 2695 quam
659 2628 740 2690 aliquis
749 2629 808 2682 recte
818 2628 876 2680 vivit

71 2706 95 2755 in
111 2705 206 2770 seipso;
219 2705 316 2754 veritos
330 2707 406 2754 autern
421 2703 539 2767 justitiae
556 2705 593 2752 est
612 2699 737 2752 secundum
751 2715 819 2766 quam
834 2700 876 2752 afi-

72 2775 124 2840 quis
133 2774 294 2826 rectitudinem
301 2771 360 2838 legis
369 2774 394 2823 in
402 2773 494 2838 judiciis
504 2785 556 2836 quc
568 2773 657 2824 suntad
667 2773 772 2836 altemm,
783 2775 873 2823 seruat:

73 2850 97 2898 ct
108 2846 236 2899 secundum
250 2847 294 2897 boc
305 2847 399 2896 comtos
406 2847 524 2912 justitio
543 2857 591 2896 non
603 2844 704 2908 pertinet
716 2844 743 2894 ad
758 2844 876 2894 veritatem

75 2921 103 2974 dc
113 2934 160 2985 qua
172 2933 235 2987 nnnc
246 2920 374 2985 loquimar,
386 2920 500 2974 conanae
511 2916 822 2972 contemnendorum
835 2928 875 2980 po·
