1934 3284
100 185 146 232 aee
212 193 321 231 saeorum
335 192 463 245 snonuon,
481 193 577 238 onear.
594 195 664 245 oxrv,
682 193 736 231 aar.
754 193 781 231 ιι,

130 270 264 334 Respondeo
279 269 411 332 dicendum,
428 269 488 332 ondd
507 271 556 321 haec
570 269 644 320 virtus
662 274 697 321 est
719 283 771 334 pars
783 269 899 335 justitie,
963 313 964 332 ,

98 341 124 391 in
143 344 253 404 quantuor
273 339 403 403 adiungitur
420 341 443 391 ei
460 340 520 391 sient
538 339 658 404 principali
676 340 765 390 virtuti.
783 342 899 393 Convenit
963 391 964 394 ,

99 413 161 463 enim
178 426 231 462 oum
242 410 332 476 iustitia
345 411 370 461 in
383 413 428 462 hoo
442 411 504 475 qudd
516 413 544 462 ad
558 411 653 462 alterum
667 415 718 474 ost,
734 413 795 464 sicut
813 417 837 463 et
847 413 901 477 jus·
963 411 964 434 ¹

97 482 165 543 titia3
181 483 258 534 delicit
272 487 348 535 autem
357 482 370 532 d
379 483 465 534 ratione
475 482 585 547 justitie,
598 483 651 546 quia
666 497 711 534 non
724 484 792 534 habet
805 485 899 546 plenam

98 554 171 605 debiti
184 554 310 616 rationem,
324 559 391 618 prout
408 554 490 618 alonis
504 554 570 604 alteri
589 555 701 619 obligatur
713 556 751 606 vel
769 555 847 606 debito
866 556 902 606 le-

98 626 158 690 gali,
172 627 200 677 ad
214 626 280 691 eujus
300 626 435 677 solutionem
449 626 488 676 lex
504 626 577 689 cogit,
591 626 629 676 uel
643 626 710 676 etiam
729 626 805 690 aliquo
822 626 901 678 debito

97 697 246 761 proveniente
259 711 290 748 ex
306 697 382 762 aliquo
395 697 506 748 beneficio
526 701 648 762 suscept03
663 699 702 748 sed
713 696 786 748 rohm
803 699 903 748 attendit
963 737 964 766 ,

98 770 212 833 quoddam
226 769 328 820 debitum
341 769 486 831 honestatis,
504 769 563 832 qnod
578 768 649 832 magis
662 772 697 819 eet
706 781 735 818 ex
745 772 811 832 parte
824 768 901 832 ipsios

98 840 208 903 virtuosi,
221 841 288 904 quim
299 854 328 890 ex
338 844 403 905 parte
420 838 529 901 alterins,
542 842 568 890 ut
578 839 665 890 scilicet
678 839 747 890 iaciat
760 839 826 889 alteri
838 841 901 904 qnod

99 912 165 963 decet
174 925 226 963 enm
241 913 324 963 lacere.

130 985 161 1035 ltd
179 984 279 1049 primum
296 997 349 1047 ergo
369 983 490 1034 dicendum
500 1019 507 1043 ,
518 982 578 1046 qudd
597 983 656 1033 siout
672 983 739 1048 supra
756 983 842 1033 dictum
863 988 902 1034 est

100 1055 154 1118 (qu.
169 1058 224 1117 1⁰9,
239 1060 282 1105 art.
293 1059 316 1117 3,
331 1055 358 1104 ad
370 1057 381 1102 t
394 1057 412 1116 ),
428 1053 482 1116 quia
492 1054 560 1104 homo
575 1053 707 1103 naturaliter
714 1056 751 1104 est
764 1051 848 1104 animal
862 1067 903 1104 so-

99 1126 170 1187 ciale,
191 1127 258 1177 debet
271 1140 299 1176 ex
317 1127 412 1189 quadam
433 1127 552 1176 honestate
569 1125 673 1175 veritatis
687 1124 898 1176 manifestationem

97 1197 149 1250 aliis
157 1199 301 1260 hominihus,
316 1198 364 1247 sine
375 1211 419 1260 qua
431 1195 526 1247 societas
537 1197 656 1247 hominum
666 1197 746 1247 durare
754 1210 799 1247 non
815 1197 900 1260 possit.

97 1269 160 1319 Sicut
176 1273 254 1319 autem
274 1283 321 1320 non
335 1272 413 1332 posset
431 1271 499 1318 homo
514 1267 590 1320 vivere
607 1269 631 1318 in
647 1269 756 1320 societate
769 1269 820 1318 sine
839 1269 902 1320 veri-

97 1345 158 1401 tate,
171 1340 203 1389 ita
217 1353 258 1390 nec
270 1341 319 1390 sine
335 1340 500 1402 delectatioue3
516 1339 584 1402 qnia,
598 1339 656 1390 sicut
670 1339 824 1404 Philosophus
844 1341 905 1392 dicit

97 1411 122 1460 in
140 1411 188 1460 Vltl
201 1412 299 1466 netto„
315 1429 328 1459 u
340 1412 417 1462 nullus
434 1415 511 1474 potest
524 1425 565 1475 per
581 1412 640 1462 diem
661 1409 744 1462 morari
757 1423 809 1460 oum
824 1411 903 1475 tristi,

98 1495 141 1532 nec
155 1494 207 1532 cum
216 1482 376 1533 indelectabiti.
387 1499 401 1529 n
411 1484 441 1532 nt
453 1483 506 1533 ideo
519 1484 588 1533 homo
598 1486 689 1534 tenetur
706 1494 736 1533 ex
750 1483 847 1546 quodam
860 1497 904 1533 na-

97 1553 164 1603 turali
181 1553 258 1604 debito
269 1555 396 1605 honestatis
416 1558 443 1605 ut
460 1553 512 1604 aliis
530 1555 693 1605 delectabiliter
710 1554 832 1616 convivat,
852 1555 901 1606 nisi

96 1628 188 1688 propter
205 1625 302 1689 adquam
324 1638 416 1676 causam
436 1638 530 1676 necesse
549 1626 579 1677 sit
597 1625 717 1690 aliquando
734 1625 790 1676 alios
809 1625 903 1677 utiliter

98 1694 249 1747 contristare..

128 1768 163 1819 td
175 1769 299 1818 secondum
308 1767 437 1831 dicendum,
452 1767 513 1830 qudd
527 1769 555 1818 ad
571 1769 746 1832 temperantiam
756 1769 858 1832 pertinet
864 1783 903 1820 re-

97 1839 194 1890 l'renare
207 1838 369 1890 delectationes
381 1840 515 1904 sensibiles3
526 1841 566 1892 scd
579 1842 627 1891 haec
640 1841 715 1890 uirtus
723 1841 826 1891 consistit
839 1841 900 1892 circa

97 1910 258 1962 delectationes
269 1911 292 1960 in
307 1911 486 1975 convictuque
498 1926 526 1963 ex
536 1913 624 1964 ratione
635 1914 773 1976 proveniunt
787 1913 811 1962 in
825 1928 901 1977 quan-

98 1985 145 2031 tum
158 1997 218 2032 unus
232 1983 261 2033 ad
277 1983 373 2033 altemm
387 1985 493 2034 decenter
511 1998 535 2035 se
551 1985 633 2046 hahet,
648 1989 671 2034 et
685 1985 725 2034 has
738 1985 902 2038 delectationes

97 2068 144 2106 non
159 2057 249 2118 oportet
266 2055 387 2105 refrenare
403 2058 513 2118 tanquam
529 2056 620 2106 noxias.

128 2127 160 2177 hd
178 2127 270 2176 tertium
286 2127 423 2189 dicendum,
439 2127 500 2190 quod
519 2129 615 2179 verbum
631 2126 687 2177 illud
707 2127 840 2191 Philosophi
856 2143 902 2180 nora

97 2205 134 2250 est
146 2198 318 2262 intelligendum
333 2197 395 2260 qodd
404 2197 487 2262 aliquis
498 2199 577 2249 eodem
590 2199 656 2249 modo
672 2199 752 2248 debeat
762 2198 860 2262 colloqui
875 2204 900 2250 et

97 2269 220 2321 convivere
230 2269 290 2320 notis
304 2273 328 2320 et
340 2269 437 2333 ignotis,
449 2270 517 2333 quia,
529 2281 554 2319 uc
568 2270 619 2334 ipse
629 2268 713 2318 ibidem
726 2268 817 2331 subdit,
828 2287 843 2318 u
854 2284 901 2323 non

98 2340 202 2392 similiter
213 2340 322 2393 conuenit
334 2344 456 2391 consuetos
466 2345 490 2391 et
504 2345 624 2392 extraneos
639 2353 735 2402 curare,
751 2343 791 2390 aut
801 2343 900 2394 contris·

99 2415 161 2475 tare,
172 2428 186 2458 n
196 2413 236 2462 sed
244 2412 322 2462 inhoc
331 2411 455 2463 attenditur
468 2412 601 2476 similitudo,
611 2411 673 2475 qudd
683 2413 711 2462 ad
720 2424 801 2462 omncs
810 2417 901 2477 oportet
963 2455 964 2472 ,

99 2483 175 2546 faeere
189 2485 250 2548 qnod
259 2485 332 2536 decet.
720 2503 723 2510 ·

444 2683 552 2696 —un-
