1934 3284
327 188 360 230 ne
375 162 555 230 misus.
796 178 842 229 tte

10 277 11 282 ¹
37 266 79 329 (1,
91 268 118 328 a,
127 278 167 329 qn
179 267 220 327 te,
233 267 278 316 art.
289 268 359 318 teta
370 265 391 330 ),
402 266 455 319 cim
466 267 494 317 de
506 265 651 330 passionibus
664 270 777 332 agemus,
786 280 840 333 pas-

35 338 113 389 siones
126 351 178 401 qun
188 337 304 402 portinem
313 339 343 389 sd
354 352 454 403 pugnam
465 338 520 389 mali
534 343 713 404 prasuppouum
722 340 842 404 passiones

35 424 86 473 quae
101 409 217 473 pertinent
229 410 258 459 ad
271 410 453 474 prosecutionem
468 410 539 474 boni;
552 414 576 461 et
589 411 710 474 passiones
723 411 842 464 irascibilis

35 492 220 546 praesupponunt
233 482 351 545 passiones
365 481 560 547 concupiscibilis.
576 483 604 533 Et
617 482 665 547 sic,
680 483 734 533 dum
752 489 842 549 tempe·

35 553 111 604 mutia
124 551 210 604 directe
221 552 337 605 moditicat
349 553 468 618 passiones
487 553 671 619 concupiscibilis
683 556 805 615 modestes
818 556 843 606 in

35 626 141 687 bonurn,
154 638 195 691 per
212 627 333 689 quomdam
348 625 539 690 consequentiam
559 626 675 677 modificat
689 640 769 678 omnes
786 628 844 679 alies

35 698 170 761 passionem
180 695 326 761 inquantum
337 698 366 749 ad
375 696 541 749 moderantiam
551 698 651 761 priorum
660 698 793 762 passionum
808 712 845 751 se·

36 770 115 836 quitur
138 768 279 819 moderantia
301 768 461 835 posteriorum.
483 768 528 829 Qui
547 769 609 829 euim
626 782 673 820 nou
695 770 844 822 immoderate

36 840 196 906 concupiscit,
211 853 353 905 consequens
363 845 399 891 eet
415 840 569 893 atmoderate
587 844 680 907 speret,
691 846 715 893 et
727 842 844 895 underatd

36 915 64 964 de
79 912 186 963 moestia
198 912 409 977 concupiscibilium
421 914 535 964 tristetur.

67 986 104 1037 bd
116 984 241 1037 mumdum
255 984 389 1048 dicendum,
407 983 468 1049 qnbd
480 984 663 1049 oncupiscentia
675 985 782 1051 importat
798 987 844 1037 im-

37 1059 118 1121 petum
138 1056 259 1120 quemdam
277 1056 392 1121 appetitis
406 1056 431 1106 in
446 1057 591 1119 delectabile,
606 1058 645 1121 qui
664 1056 752 1121 indiget
767 1059 845 1109 retre-

35 1128 146 1192 natione3
162 1127 223 1191 quod
239 1128 336 1192 pertinet
349 1128 378 1178 ad
391 1128 572 1191 temperantiam.
588 1129 633 1180 Sed
651 1129 719 1180 timor
736 1129 843 1193 importat

37 1199 198 1250 retractionem
212 1198 333 1263 quamdam
347 1198 419 1249 animi
431 1199 460 1249 ab
473 1199 585 1263 aliquibus
598 1200 670 1262 malis,
685 1204 763 1253 contra
779 1201 842 1265 quod

36 1272 126 1332 indiget
136 1271 205 1321 bomo
218 1268 289 1320 animi
302 1270 421 1332 firmitate,
434 1283 502 1336 quam
515 1276 609 1335 prestat
618 1272 736 1323 tortitudo.
749 1272 777 1323 itt
788 1272 842 1324 ideo

36 1341 192 1406 temperantia
203 1340 294 1407 proprie
310 1345 346 1393 est
360 1342 420 1393 circa
436 1343 643 1408 concupiscentiam
658 1344 765 1397 fortitudo
779 1345 843 1395 oiroa

38 1413 145 1466 timores.

70 1484 104 1535 bd
122 1482 216 1535 tertium
228 1484 364 1549 dicendum,
376 1485 438 1552 qudd
450 1485 575 1539 exteriores
588 1490 652 1538 actui
671 1489 796 1552 procedunt
815 1488 844 1539 ab

37 1556 187 1612 interioribus
205 1556 287 1607 animae
300 1558 451 1623 passionibus.
463 1558 555 1611 titides
571 1560 694 1613 moderatio
710 1574 789 1613 eorum
805 1561 845 1613 de·

37 1629 127 1693 pendet
144 1626 326 1681 imoderatioue
338 1628 473 1681 interiomm
489 1630 631 1695 passionum.

334 1808 494 1861 numenius
510 1809 549 1861 IV.

86 1935 173 1985 lltrrim
187 1939 347 1995 mentio
360 1940 392 1983 eit
405 1940 483 1985 cattos
497 1940 562 1985 mccc
571 1938 772 1997 concupiscentias
782 1940 805 1983 et

308 2002 572 2058 delectatiorcectuctrls.
741 2014 742 2024 ¹

71 2134 107 2185 sd
120 2138 224 2197 quartum
238 2133 271 2184 sic
286 2132 426 2197 proceditur.
436 2133 530 2184 Videtur
548 2133 608 2197 qubd
627 2132 779 2199 temperantia
797 2147 845 2186 nou

38 2208 117 2262 sotium
134 2207 166 2257 sit
181 2206 242 2258 circa
256 2205 453 2271 concupiscentias
465 2207 491 2256 et
503 2206 667 2257 delectationes
682 2206 766 2257 neus.
783 2206 843 2258 llicit

38 2280 103 2333 enirn
114 2278 256 2343 Augustinus
266 2278 293 2329 in
306 2278 347 2328 lib.
361 2278 399 2328 De
412 2277 504 2328 morib.
519 2276 614 2328 Eccles.
631 2279 697 2344 (cup.
709 2281 739 2327 19
751 2279 769 2341 ),
783 2275 844 2342 qubd

38 2371 53 2401 o
64 2365 152 2403 munus
166 2351 322 2415 temperantiae
332 2352 366 2401 est
376 2350 401 2400 iu
418 2350 548 2400 coercendis
566 2349 716 2414 sedandisque
728 2348 846 2414 cupidita-

38 2425 120 2484 tibus,
129 2422 212 2486 quibus
224 2422 342 2473 inhiamus
354 2421 380 2475 iu
391 2434 419 2473 eo
432 2434 483 2485 que
495 2434 537 2473 nos
550 2420 678 2473 caementi
692 2420 780 2483 legibus
793 2420 843 2483 bei,

39 2501 63 2547 et
77 2496 93 2545 tr
105 2492 182 2543 lructu
194 2494 303 2545 bonitatis
315 2494 375 2557 eius.
389 2509 404 2541 n
419 2494 448 2543 Et
458 2496 512 2556 post
524 2506 597 2557 pauca
613 2491 690 2545 subdit
698 2491 758 2555 qubd
770 2508 784 2540 n
795 2492 846 2544 old·

41 2569 104 2619 dnm
117 2566 274 2630 temperantis
287 2571 323 2618 est
336 2568 480 2618 contemnere
493 2578 574 2617 omnes
586 2564 714 2629 corporales
728 2565 846 2619 illecebras

39 2640 180 2701 laudemque
197 2637 338 2703 popularem.
351 2653 366 2685 n
381 2637 426 2687 Sed
439 2648 486 2687 uon
499 2635 571 2687 solum
593 2634 729 2701 cupiditates
743 2636 846 2687 delecta-

40 2712 133 2762 tionum
150 2709 226 2759 tactrls
246 2713 352 2759 avertunt
367 2720 409 2759 nos
424 2708 437 2756 i
450 2707 540 2770 legibus
555 2708 608 2771 bei,
630 2707 751 2758 sedetiam
764 2721 847 2759 concn-

41 2781 163 2847 piscentie
174 2779 351 2831 delectationum
362 2779 456 2831 aliorum
464 2792 583 2841 sensnum,
593 2792 643 2844 que
652 2778 721 2833 etiam
731 2780 847 2844 pertinent
925 2804 929 2815 ·

41 2856 69 2907 ad
84 2853 206 2905 illecebras
226 2848 370 2916 corporales;
385 2854 409 2901 et
423 2849 527 2901 similiter
545 2850 681 2916 cupiditates
699 2852 847 2916 divitiarum,

41 2927 77 2979 rel
98 2926 172 2986 etiam
189 2922 310 2977 mundane
328 2922 419 2994 posia.
436 2922 501 2978 Unde
527 2922 609 2994 dicitur
625 2924 646 2979 1.
669 2923 705 2977 oct
727 2924 847 2987 Tinnetb,
