1934 3284
144 163 191 211 ‘llo
255 171 361 210 osonum
377 171 501 222 amaon,
514 170 607 217 oum.
624 169 715 222 mum,
728 171 787 210 m.
799 171 829 211 u.

143 253 249 302 tusum
258 248 362 312 terente
372 249 431 312 quod
442 247 595 313 Philosophus
602 248 706 298 attribuit
715 248 815 299 amaris
824 251 937 300 Furoren

143 327 219 374 autern
229 320 283 371 dicit
290 333 341 371 esse
350 320 407 370 iram
414 333 464 383 prm
474 319 581 370 observat
591 323 681 384 tempus
690 319 715 369 iu
726 322 882 385 supplicium,
889 323 936 384 qood

143 395 295 457 Philosophus
308 392 408 443 attribuit
417 391 555 442 difficilibus.
568 393 599 443 tto
609 393 712 443 eamdem
727 393 802 443 etium
814 394 936 445 divisionem

143 465 208 530 pouit
222 467 373 516 damascenus
387 464 411 514 in
428 464 457 513 ll.
477 462 519 513 lib.
531 465 597 528 (cap.
614 466 672 527 lo).
690 464 754 528 drgo
770 467 886 530 proedicto
897 466 937 515 db-

143 536 223 589 tinctio
234 536 365 600 Philosophi
378 549 423 586 uon
436 537 472 586 est
484 534 657 586 inconveniens.

178 607 441 670 (Concursum-Vera
450 610 486 658 est
498 606 536 656 illa
546 606 680 671 Philosophi
694 607 806 658 doctu'na
816 621 863 674 uua
873 611 934 661 duel.

143 681 299 731 hacundorom
310 678 417 743 quosdam
427 691 479 730 csse
488 680 589 742 oculos‚·
602 678 712 741 quosdam
725 694 849 745 amaron
858 685 937 744 etquoe

144 752 195 802 dam
208 749 350 815 difficiles.)

175 823 310 887 despondeo
321 820 453 884 dicendum,
465 819 524 883 publ
533 821 641 884 predicta
650 820 770 872 distinctio
778 825 865 886 potest
873 824 937 874 retem

144 896 180 946 rel
195 897 223 945 ad
235 894 362 960 passionem
373 893 426 954 ira,
439 893 476 944 uel
485 893 554 944 etiam
563 893 591 942 ad
600 893 675 957 ipsum
685 896 817 957 peccatum
829 897 882 947 ira.
891 897 937 954 duo

144 968 211 1018 modo
227 969 301 1017 autern
320 965 428 1016 referatur
441 966 468 1015 ad
483 965 612 1029 passionem
631 965 686 1026 ire,
701 965 775 1029 supra
796 969 903 1019 habiturn
915 970 938 1016 est

147 1041 245 1104 (quest.
258 1041 301 1099 ld,
316 1041 358 1088 art.
375 1035 418 1098 8),
433 1035 484 1086 cbnr
504 1036 531 1087 de
542 1036 646 1101 passione
662 1036 703 1086 ire
723 1049 844 1100 ageretur
860 1056 866 1090 :
881 1044 903 1090 cl
915 1039 938 1087 si:

142 1109 257 1176 precipue
275 1109 364 1159 uidetur
384 1107 438 1172 poni
460 1107 473 1157 b
489 1108 597 1170 Gregorio
614 1108 727 1171 Nyssaeno
749 1113 775 1159 et
798 1111 936 1162 mamere.

115 1211 127 1228 .
144 1183 208 1233 Nunc
221 1183 296 1231 aulem
306 1182 408 1243 opportet
418 1179 522 1242 accipere
537 1179 704 1229 distinctionem
718 1180 808 1230 harum
824 1184 938 1247 spectetur

145 1252 267 1304 secuudbur
285 1251 343 1317 qubd
362 1249 476 1315 pertinent
493 1250 522 1300 ad
537 1255 654 1314 peccatam
674 1249 727 1312 irae3
744 1255 821 1315 prout
835 1252 939 1319 poniturt

145 1323 292 1389 Philosopho.
305 1323 385 1374 Potest
401 1325 477 1372 aulem
493 1321 680 1373 inordinatione
694 1335 724 1372 ex
737 1323 838 1376 duobus
853 1326 939 1377 alendi:

144 1395 220 1446 Primb
231 1395 334 1458 quidem,
346 1407 374 1444 ex
384 1393 433 1458 ipsi
447 1394 486 1445 ira
496 1393 583 1457 origine
595 1409 601 1443 :
615 1398 638 1443 et
648 1395 693 1444 hoc
702 1394 809 1457 pertinet
822 1399 856 1447 ad
870 1401 939 1448 ocules

145 1467 186 1530 qui
195 1465 263 1517 nimis
274 1464 319 1515 citb
329 1466 466 1528 irascuntur,
476 1467 501 1516 ct
509 1479 536 1516 er
550 1463 648 1528 qualibet
656 1465 703 1515 levi
713 1477 795 1515 causa.
810 1468 868 1519 Alio
879 1470 939 1518 mola.

144 1550 173 1587 ex
185 1537 235 1600 ipsa
247 1536 286 1586 ire
302 1535 430 1600 duratione,
445 1549 472 1588 eo
486 1537 571 1587 scilicet
587 1535 647 1599 qubd
664 1536 697 1586 ira
713 1535 785 1587 nimis
807 1548 954 1602 perseuerat

145 1608 208 1666 Quod
227 1607 317 1670 quiden
334 1611 472 1671 potestesse
491 1606 617 1672 dupliciter.
635 1609 686 1659 llno
704 1608 788 1671 modo,
807 1611 869 1674 quia
889 1624 942 1661 caue

143 1677 194 1738 ira,
212 1677 297 1730 scilicet
310 1678 392 1743 injuria
406 1679 480 1740 illata,
498 1678 566 1728 nimis
575 1682 651 1729 manet
663 1678 687 1728 in
701 1679 816 1730 memoria
832 1683 940 1733 hominis:

144 1751 204 1801 unde
214 1763 243 1800 ex
256 1751 305 1806 boc,
317 1752 384 1801 homo
396 1751 507 1802 diutinam
520 1751 634 1802 tristitiam
644 1749 746 1814 concipit
760 1765 767 1799 ε
787 1756 814 1802 et
829 1752 886 1805 ideo
900 1767 940 1804 sun

145 1821 243 1886 sibiipsis
256 1835 336 1886 graves
348 1826 372 1873 el
384 1825 478 1873 umori.
495 1821 545 1873 llio
557 1823 624 1873 modo
635 1821 745 1886 contingit
759 1835 791 1872 ex
799 1828 872 1887 parte
882 1826 940 1890 ipsiu

144 1895 248 1946 vindicte
266 1909 337 1959 quarn
346 1895 427 1960 aliquis
441 1895 554 1946 obstinato
566 1895 667 1959 appetitu
679 1893 761 1958 quant
778 1911 786 1945 r
800 1900 829 1946 el
840 1897 887 1948 hoc
900 1911 941 1961 per·

144 1967 201 2018 tinet
213 1969 241 2018 ad
251 1967 376 2088 dizficz'les
388 1968 436 2019 sive
445 1967 594 2033 praces,qui
604 1979 650 2018 uon
660 1966 777 2018 dntomt
788 1967 853 2020 iram
866 1984 942 2034 quous-

147 2051 191 2103 que
203 2052 287 2103 punran
300 2074 306 2087 .

177 2111 209 2161 hd
222 2111 318 2175 primunr
327 2123 381 2174 ergo
392 2109 525 2172 dicendum,
538 2109 596 2174 qubd
607 2110 631 2159 in
643 2108 762 2174 speciebus
770 2111 895 2174 predictis
906 2125 943 2161 non

145 2181 298 2248 principaliter
317 2184 471 2235 consideratur
487 2188 590 2248 tempus,
607 2182 648 2232 sed
671 2180 766 2232 facilitas
787 2183 899 2235 bominis
921 2184 942 2233 ad

144 2255 215 2318 iram,
231 2256 269 2307 uel
288 2257 379 2306 firmitas
389 2257 413 2306 in
426 2257 467 2306 ira.

137 2331 140 2336 '
177 2329 210 2379 bd
228 2329 350 2380 secundum
373 2329 504 2390 dicendum,
516 2327 576 2392 qubd
592 2328 682 2391 ubique
701 2325 804 2389 (scilicet
817 2329 913 2378 umor-i
927 2336 945 2377 e:

145 2401 266 2466 difficiles
274 2405 285 2464 )
293 2403 377 2451 babent
388 2401 444 2450 iram
456 2401 584 2450 diuturnum
591 2402 648 2464 ¹,scd
657 2403 749 2464 propter
759 2397 831 2447 aliam
843 2411 943 2449 causan.

144 2473 201 2523 Nem
216 2473 302 2523 umori
314 2471 467 2522 habentinam
481 2475 649 2535 permanentem
660 2474 753 2536 propter
761 2471 944 2534 permanentiam

145 2543 254 2607 tristitiae,
269 2556 336 2608 quam
348 2542 408 2593 inter
417 2542 502 2594 viscera
512 2546 592 2594 teuent
602 2543 701 2593 clausam
713 2557 719 2590 :
730 2545 754 2591 et
765 2540 820 2604 quia
835 2555 886 2592 non
896 2555 944 2606 pro

145 2618 253 2677 rumpunt
261 2615 289 2664 ad
300 2615 410 2666 exteriora
419 2614 539 2666 iracundie
551 2616 631 2678 signa,
645 2628 691 2666 non
704 2617 803 2680 possunt
811 2614 943 2678 persuaderi

146 2683 174 2732 ab
183 2684 246 2747 aliis,
260 2698 303 2734 noc
311 2699 340 2735 ex
348 2686 430 2749 seipsis
440 2687 585 2737 receduntub
595 2687 642 2749 ira3
653 2686 699 2736 nisi
714 2688 782 2750 prout
794 2685 944 2737 diuturnitate

145 2753 253 2815 temporis
267 2755 366 2807 aboletur
378 2756 471 2807 tristitia
481 2759 505 2806 el
516 2757 549 2807 sic
560 2758 637 2808 delicit
645 2758 691 2807 ira..
699 2757 743 2807 Sed
752 2755 775 2805 io
787 2757 944 2820 difficilibus

145 2825 180 2872 esi
190 2821 223 2870 ira
232 2823 336 2876 diuturna
345 2831 437 2891 propter
445 2828 567 2879 uehemens
576 2828 712 2880 desiderium
720 2827 846 2878 modicis:
859 2832 885 2879 et
894 2829 943 2878 ideo

144 2893 250 2953 tempore
261 2896 438 2960 mendicentur,
450 2899 491 2949 sed
500 2911 543 2962 per
554 2899 625 2951 solum
644 2898 787 2962 punitionem
800 2898 911 2964 quiescit.
