1934 3284
357 149 389 184 na
404 147 543 186 uisuram.
803 141 849 188 tlt

48 223 152 271 rectia:
168 237 182 269 u
195 222 340 273 Haedicanda
354 225 389 273 est
402 223 525 288 pudicitia,
536 228 561 274 ui
575 226 640 277 abeo
653 225 693 290 qui
701 227 770 277 babet
781 239 848 278 aures

46 291 170 356 audiendi,
187 293 245 343 nihil
259 294 395 357 genitalibus
414 295 522 346 memhris
537 295 643 346 illicitum
662 301 814 362 perpetretur.
832 314 847 346 n

46 364 92 415 Sed
106 379 160 415 usus
180 365 313 428 genitalium
328 367 476 417 membrorum
490 365 581 432 proprie
596 367 697 433 pertinet
711 369 741 420 ad
754 370 848 422 castita

45 439 102 486 tem.
120 438 179 502 Ergo
193 436 301 499 pudicitia
314 437 404 502 proprie
418 439 445 487 ad
460 439 589 488 castitatem
602 439 709 505 pertinet.

81 509 242 573 (eonmnsm.
258 509 413 559 -Pudicitia
429 509 457 559 ad
473 508 600 560 castitatem
621 509 734 574 pertinet,
748 514 774 563 ut
787 512 849 564 illius

44 579 154 644 specialis
172 579 353 644 circumstantia3
369 594 499 645 quanquam
513 581 625 632 interdum
639 595 685 633 uua
697 596 739 649 pro
750 583 795 634 alia
807 596 849 648 po·

43 649 146 714 natur.)

74 723 213 787 Respondeo
230 723 366 787 dicendum,
385 721 445 788 qudd
456 722 517 774 sicut
529 723 614 773 dictum
627 727 671 788 est,
685 737 769 776 nomeu
782 725 848 790 pudi-

42 797 104 848 citia
119 795 227 859 apolone
242 796 345 858 sumitur,
356 796 380 846 iu
394 809 440 860 quo
449 796 587 847 verecundia
596 795 745 860 significatur.
756 797 785 847 llt
796 797 847 850 ideo

42 871 136 934 oportet
146 867 205 932 quod
216 868 326 931 pudicitia
340 867 432 932 proprie
444 865 475 918 sit
486 867 545 917 circa
556 868 595 916 illa
609 867 637 918 de
651 867 733 932 quibus
744 867 849 920 homiues

41 940 119 1004 magis
133 940 322 990 verecundantur.
337 938 434 989 Maxime
453 942 528 988 autem
542 940 724 989 verecundantur
741 937 847 990 homiues
947 979 960 999 ,

40 1016 71 1064 de
84 1011 174 1062 actibus
185 1011 299 1073 venereis,
310 1015 335 1060 ut
346 1010 484 1074 Augustinus
494 1009 580 1060 dicitiu
590 1011 649 1061 lllll.
659 1011 694 1060 De
706 1011 785 1060 Ciuit.
800 1012 850 1060 Dei

4 1075 5 1150 J
43 1086 117 1151 (cap.
134 1083 189 1144 ls);
203 1081 226 1132 iu
240 1084 329 1131 tuntum
344 1081 403 1145 quod
417 1080 486 1131 etiam
505 1081 637 1132 concubitus
650 1081 793 1145 conjugalis,
806 1082 846 1145 qui

4 1217 6 1222 Ι
40 1156 165 1206 honestate
177 1153 306 1217 nuptiarum
317 1153 441 1215 decoratur,
457 1151 595 1204 verocundit
608 1166 654 1203 nou
667 1156 750 1203 careat.
765 1154 793 1203 lit
802 1153 848 1204 hoc

38 1227 105 1288 ideo,
115 1225 168 1288 quia
180 1229 255 1274 rnotus
266 1223 397 1288 genitalium
409 1224 558 1275 membrorum
570 1237 617 1274 non
626 1224 743 1287 subjicitur
751 1223 847 1291 imperio

4 1347 5 1354 ,
38 1297 156 1357 rationis,
169 1297 229 1347 sicut
247 1299 322 1346 motus
341 1295 436 1346 aliorum
451 1295 589 1346 cutenorum
603 1296 763 1346 memhromm.
775 1296 847 1348 Verc-

4 1423 5 1426 ,
39 1371 158 1424 cundatur
170 1373 247 1420 autem
258 1371 327 1420 bomo
340 1382 386 1420 nou
398 1367 469 1419 solum
483 1369 511 1419 de
521 1369 559 1419 illa
568 1369 728 1420 commixtione
740 1383 845 1436 venerea,

4 1437 5 1444 ’
37 1445 81 1496 sod
101 1442 171 1493 ctiam
188 1442 216 1492 de
228 1441 407 1504 quibuscumque
420 1439 493 1504 siguis
511 1441 576 1505 ejus,
590 1445 615 1491 ut
627 1438 777 1506 Philosophus
790 1441 847 1492 dicit

38 1517 66 1568 iu
79 1517 110 1566 ll.
126 1513 167 1563 lib.
180 1512 247 1563 libet.
264 1514 331 1576 (cap.
346 1511 386 1576 6).
398 1512 426 1562 Et
437 1511 489 1562 ideo
503 1511 610 1575 pudicitia
623 1512 745 1563 attenditur
755 1513 846 1578 proprie

37 1590 103 1638 circa
115 1596 229 1647 venerea,
239 1587 263 1634 et
273 1583 388 1648 precipnt
402 1583 460 1634 circa
474 1584 538 1648 sigua
551 1597 713 1649 venereorum3
724 1585 784 1635 sicut
793 1589 846 1636 suut

35 1662 152 1724 aspectus
168 1655 292 1719 impudici,
307 1657 393 1719 oscula,
410 1659 433 1706 et
450 1659 533 1706 tactus.
549 1657 577 1706 Et
589 1656 643 1720 quia
658 1657 709 1708 hcc
723 1657 795 1721 magis
808 1671 846 1708 so·

36 1735 92 1785 lent
104 1727 257 1792 deprehendi,
268 1727 319 1778 ideo
328 1727 437 1792 pudicitia
453 1727 525 1791 magis
534 1727 628 1791 respicit
640 1727 769 1794 hujusmodi
780 1731 845 1779 exte-

34 1806 103 1856 riora
118 1800 201 1864 sigua3
216 1798 307 1849 castitas
323 1805 398 1849 autem
417 1799 489 1862 magis
509 1800 582 1862 ipsam
599 1812 720 1850 veneream
737 1800 846 1850 commir-

34 1879 141 1928 tionem.
160 1873 188 1920 Et
205 1870 257 1921 ideo
273 1870 383 1934 pudicitia
395 1871 424 1920 ad
438 1869 564 1921 castitatem
578 1870 705 1928 ordinatur,
721 1884 767 1920 nou
781 1871 846 1934 quasi

33 1949 116 1999 virtus
137 1941 165 1992 ab
185 1941 234 2006 ipsa
254 1940 376 2003 distincta,
391 1941 431 1992 sed
447 1941 507 1991 sicut
525 1942 656 2005 exprimens
668 1942 779 1993 castitatis
800 1943 845 1992 cir-

34 2014 345 2077 cumstantiam'quamdam.
365 2013 481 2064 Interdum
495 2017 573 2064 tamen
591 2027 662 2064 unum
682 2026 724 2078 pro
742 2012 785 2063 alio
798 2025 846 2077 po-

33 2092 114 2142 nitur.
372 2113 375 2118 ·
394 2111 398 2115 ·

74 2159 112 2211 Ad
127 2156 228 2222 pmmum
237 2169 293 2220 ergo
304 2153 432 2220 dicendum,
438 2154 499 2220 qudd
509 2155 650 2217 Augustinus
661 2154 694 2206 ibi
708 2151 791 2220 accipit
802 2169 847 2220 pu·

33 2229 123 2286 dicitia
137 2241 178 2293 pro
192 2227 304 2278 castitate.
401 2245 404 2250 ·

72 2301 111 2355 hd
128 2300 250 2350 secuudum
269 2297 476 2362 dicendum,·qudl
487 2296 675 2362 quamvisornnin
685 2295 739 2347 uitia
749 2296 849 2348 habeant

30 2370 208 2438 turpitudinem
228 2371 363 2432 quamdam,
378 2368 505 2432 specialiter
521 2372 599 2419 tamen
619 2368 675 2419 uitia
693 2367 847 2432 intemperan-

32 2449 96 2506 tiae,
114 2445 142 2492 ut
151 2454 184 2492 veu
198 2443 267 2506 supra
282 2440 347 2491 dictis
360 2444 433 2504 patet.

73 2515 111 2569 hd
130 2513 223 2562 tertium
238 2513 372 2575 dicendum,
382 2512 439 2575 qubd
451 2511 512 2560 iuter
527 2510 583 2562 sitia
596 2509 779 2574 intemperantiae
788 2521 851 2574 prm·

32 2585 113 2655 cipue
130 2587 184 2634 munt
194 2583 359 2646 exprobrabilia
372 2586 466 2648 peccata
479 2593 590 2645 venerca3
603 2587 652 2631 tum
666 2587 759 2646 propter
768 2579 848 2631 inobe-

31 2656 157 2714 dieutiarn
169 2654 299 2718 genitalium
314 2655 478 2716 membrorum3
492 2657 538 2702 turn
552 2652 619 2704 etiam
634 2658 727 2718 pmpter
736 2655 779 2703 hoc
788 2651 848 2716 qudd

30 2733 101 2788 ratio
121 2727 151 2777 ab
168 2727 297 2793 hujusmodi
315 2725 411 2775 maxime
430 2725 570 2776 absorbetur.
