1934 3284
108 170 155 218 tat
225 173 335 214 sumnus
349 165 473 222 samad,
489 164 582 219 obesa
600 149 672 223 artri,
689 149 743 211 aar.
761 167 795 211 ra.

106 260 186 307 umen
195 253 265 303 iulet
276 253 437 302 nommeutum
445 249 471 298 in
482 249 621 312 miuonbus,
631 251 656 299 ut
664 247 689 299 iu
699 247 831 300 melioribus
841 247 909 300 auxi-

107 327 164 378 lium
180 326 282 388 praestet.
298 322 328 371 tat
344 320 397 386 quia
417 321 477 371 bona
498 320 622 385 spiritualia
644 325 698 370 sant
719 320 816 372 maxima
831 321 889 372 boun
898 361 909 387 ‚

108 398 170 448 bona
185 399 261 445 numm
272 393 405 457 temporalia
414 397 469 444 sunt
477 391 587 453 minima,
600 392 652 443 ideo
664 393 798 456 quandoque
812 391 908 456 punitur

108 467 191 531 alpais
203 466 228 517 in
246 463 405 529 temporalibus
420 463 489 513 bouis
507 463 592 528 absque
614 463 695 527 eulpa,
709 463 835 528 eujusmodi
856 469 914 516 sunt

108 539 186 605 ptum
196 535 396 601 pedemmontis
403 534 459 585 rita
469 533 579 584 diuinitus
588 533 682 586 inlliotae
693 535 721 585 ad
728 535 915 588 humiliationem

110 612 148 662 rel
159 608 331 674 paulitionem
345 620 392 657 non
411 609 488 657 antem
501 606 596 670 punitur
614 605 696 672 aliquis
709 605 733 656 in
755 606 917 671 spiritualibus

110 681 177 734 boum
188 680 239 731 siue
255 677 348 744 propria
365 678 443 742 eulpa,
455 689 529 741 neque
540 676 564 727 in
572 675 658 738 tuturo,
671 677 723 742 quia
735 675 767 727 ibi
779 689 855 742 pmnae
865 690 916 730 non

112 757 165 803 sunt
177 750 308 812 medicine,
320 750 361 800 sed
372 751 540 812 consequuntur
550 747 690 812 spiritualem
703 749 883 802 damnationem.

144 824 177 874 dd
196 822 296 886 primum
313 833 368 884 ergo
385 818 520 881 decadum,
532 819 593 884 qudd
606 831 665 870 uuus
682 820 750 870 homo
763 819 831 884 poeni
847 821 919 888 spiri·

113 895 170 947 tuali
183 905 300 957 nunquam
313 892 405 957 punitur
415 904 456 958 pro
472 895 565 956 peretto
579 890 685 954 alterins,
700 889 752 954 quia
763 889 830 955 paena
844 893 918 958 spiri-

111 967 183 1018 tualis
197 964 297 1030 pertinet
305 965 335 1015 ad
345 964 457 1020 numam.
472 961 595 1014 seeundbm
610 975 678 1026 quam
696 963 792 1026 quilibet
809 973 844 1014 est
858 963 921 1016 litter

115 1039 164 1102 sni;
180 1035 250 1102 poenl
261 1039 336 1088 autem
347 1035 467 1098 temporali
483 1034 618 1098 quandoque
632 1045 691 1084 unos
701 1033 793 1098 punitur
807 1031 848 1100 pr'u
862 1049 922 1101 peo-

116 1115 167 1161 cato
176 1109 285 1171 alterius,
296 1105 378 1170 triplici
389 1106 484 1157 ratione.
498 1104 574 1156 Paimb
587 1105 692 1170 quidem,
705 1106 758 1169 quia
772 1119 831 1157 uuus
847 1109 921 1161 bomo

117 1181 274 1246 temporaliter
285 1182 322 1230 ost
333 1191 370 1229 res
382 1178 490 1242 alterius3
505 1177 571 1228 etita
582 1177 606 1226 in
617 1189 707 1244 penam
721 1178 772 1241 ejus
781 1178 851 1228 etiarn
865 1179 920 1244 ipse

116 1253 224 1318 panitur,
238 1251 296 1302 deut
307 1249 347 1300 ltlti
362 1249 488 1300 murdim
502 1261 583 1313 eorpus
595 1251 649 1299 suot
665 1249 769 1312 quedam
783 1251 920 1315 respuitis,

118 1328 142 1375 et
156 1324 217 1374 servi
227 1326 282 1372 snut
293 1322 397 1386 quedam
407 1334 444 1372 res
454 1321 607 1372 dominorum.
615 1318 665 1370 illio
676 1315 755 1386 modo,
766 1321 790 1372 in
804 1327 921 1386 quantum

119 1398 237 1460 peecatum
248 1393 317 1444 unius
325 1392 471 1444 donnamrin
480 1392 575 1442 alterum
584 1405 590 1441 :
598 1391 634 1442 vel
645 1403 686 1455 per
693 1391 851 1458 imitationem,
860 1395 922 1446 siout

118 1467 160 1518 dlii
173 1468 292 1516 imitantur
303 1469 396 1530 moenia
409 1467 542 1526 pareutum,
552 1465 576 1513 et
587 1463 648 1514 serni
658 1467 752 1526 peeoata
764 1464 920 1532 dominorum,

117 1544 144 1590 rt
166 1537 273 1589 audemia
294 1539 405 1600 poooent3
419 1536 456 1584 rel
470 1547 511 1598 per
529 1535 621 1585 modum
638 1535 728 1599 meriti,
745 1535 804 1587 siout
826 1543 924 1602 peccata

120 1609 261 1660 subditorum
276 1610 391 1658 merentur
408 1609 551 1670 peccatorem
569 1605 700 1670 prolatum,
722 1607 847 1658 secuuddm
866 1609 924 1661 illud

119 1681 173 1737 lod,
186 1680 275 1730 llllxlt
287 1694 293 1728 z
304 1695 318 1725 n
328 1677 371 1736 Qui
383 1688 476 1739 manare
484 1675 541 1725 tacit
553 1675 669 1727 bominem
678 1677 818 1742 hppooritam
829 1685 926 1746 propter

119 1755 215 1818 pomata
227 1749 313 1814 populi.
324 1765 339 1796 a
353 1748 417 1797 Unde
433 1751 458 1798 et
473 1761 514 1810 pro
528 1751 621 1812 peccato
635 1749 705 1798 liarid
718 1749 829 1813 populum
843 1765 926 1804 nume-

123 1824 194 1875 rantis
206 1823 303 1886 populus
318 1821 389 1870 lsrael
408 1819 504 1884 punitus
521 1823 571 1883 est,
586 1823 612 1870 ut
628 1821 724 1871 habetur
740 1821 761 1872 ll
775 1822 845 1887 lieo„
863 1824 924 1888 ult‚;

124 1895 173 1947 sire
181 1894 249 1944 etiem
257 1905 298 1956 per
308 1891 428 1955 aliqualem
439 1904 577 1942 eonsensum
586 1905 626 1942 seu
638 1890 850 1958 dissimulationem,
864 1896 927 1946 siout

122 1966 193 2018 etiam
205 1964 319 2014 mundum
328 1961 384 2013 boui
394 1962 462 2012 simul
478 1962 603 2027 puniuntur
616 1963 770 2026 temporaliter
782 1979 834 2014 cum
846 1965 924 2030 malis,

124 2038 178 2103 quia
191 2049 270 2088 eorum
284 2037 429 2099 pemataaon
441 2035 616 2098 redarguerunt,
628 2037 655 2084 ut
666 2035 804 2099 Augustinus
815 2034 904 2088 dieitiu
916 2040 926 2089 l

124 2111 163 2160 De
176 2109 256 2160 civit.
269 2108 317 2156 Dei
332 2108 398 2170 (cap.
409 2105 450 2168 9).
465 2104 551 2167 Tertio,
561 2103 588 2154 ad
599 2106 801 2156 commendandam
813 2109 926 2159 unitatem

124 2185 228 2234 bumana
244 2178 373 2239 societatis,
388 2189 418 2227 ex
430 2189 475 2239 que
487 2189 546 2226 unns
561 2175 627 2226 debet
638 2190 679 2240 pro
693 2177 738 2228 alio
751 2177 862 2230 sollicitus
872 2192 925 2232 esse

124 2268 154 2306 na
174 2255 269 2318 pooeet;
283 2253 308 2302 et
329 2251 357 2300 ad
377 2248 552 2299 detestationem
570 2247 675 2311 peceati,
695 2249 748 2298 dum
765 2261 833 2314 poena
855 2250 927 2301 unius

123 2327 236 2378 redundat
246 2324 272 2374 in
284 2334 377 2384 omnes,
388 2319 453 2385 quasi
465 2331 545 2370 omnes
556 2322 634 2370 esseut
646 2327 828 2385 apameorum,
841 2326 866 2373 ut
878 2325 925 2374 bu-

123 2397 228 2462 gustlnus
241 2395 297 2446 dioit
308 2395 338 2444 de
353 2396 445 2458 peomto
458 2392 535 2442 bobun
549 2390 558 2456 (
570 2391 614 2450 Qu.
623 2391 672 2441 lllll
686 2404 753 2454 super
762 2392 802 2443 lib.
813 2393 889 2445 donee
902 2399 922 2457 ).

123 2469 188 2528 Quod
202 2470 280 2518 autem
296 2465 405 2516 Dominus
426 2462 500 2512 didit:
519 2479 533 2510 n
545 2461 647 2513 visitans
666 2465 758 2526 peecata
770 2465 925 2528 parentumin

124 2539 183 2590 illios
200 2538 225 2587 in
242 2537 332 2588 tertiam
352 2538 376 2586 et
391 2536 495 2597 qaudam
512 2533 694 2598 generationem,
712 2549 725 2580 n
741 2534 813 2598 magis
833 2535 924 2586 videtur

124 2611 152 2660 ad
165 2607 343 2659 miserirordlanr
362 2604 430 2670 qnam
451 2606 479 2656 ad
498 2605 644 2656 seueritatem
662 2604 793 2669 pertinere3
808 2605 863 2657 dum
879 2621 924 2658 noa

124 2679 202 2730 stadm
220 2679 342 2728 rtndiotam
356 2677 462 2741 adhibet,
480 2677 520 2728 sed
538 2679 644 2740 expectat
664 2675 832 2741 inposterum,
847 2680 924 2729 utvel

125 2751 205 2802 saltem
217 2750 303 2813 posteri
313 2749 468 2815 oorrigantur3
482 2749 523 2800 sed
536 2751 652 2800 crescente
666 2747 752 2800 malitit
763 2751 922 2814 posterorum,

126 2821 192 2885 quasi
206 2833 299 2871 neeesse
312 2824 349 2871 est
361 2821 470 2872 ultionem
481 2819 569 2870 inferri.

160 2893 192 2948 td
206 2891 332 2946 monadum
341 2892 477 2958 dimndnn,
488 2889 545 2960 qnod
560 2889 620 2944 aiom
630 2891 836 2961 Augustinusdioit
850 2893 928 2962 (super
