1934 3284
344 225 376 263 mr
388 223 511 266 amtouro.
698 267 702 270 ,
775 218 822 270 lai

21 309 89 358 autem
102 305 128 357 id
140 303 204 370 quod
222 304 258 354 eat
271 301 354 354 falsum
369 302 493 366 accipiatur
501 305 526 354 ut
541 303 636 369 falsum,
650 305 695 358 erit
703 306 786 359 latrum
798 311 824 360 ot

22 377 165 430 materialiter
176 373 203 426 e't
216 373 354 437 formaliter3
370 373 391 424 ai
404 378 480 426 autem
492 375 516 424 id
527 377 587 440 qnod
599 382 634 427 eat
646 391 725 430 rerum
736 393 818 444 appre-

21 453 127 514 tendatur
139 451 167 498 ut
178 446 264 498 falsum
270 483 279 509 ,
293 444 339 496 erit
348 458 426 496 rernm
446 446 593 498 materialiter
605 451 629 500 et
642 451 723 501 falsum
737 451 821 503 torma·

21 524 71 574 iter.
83 525 114 573 Et
124 522 188 582 ideo,
199 520 224 568 iu
233 517 337 590 quolibet
346 517 440 568 istorum
450 531 544 570 casuum
555 520 654 571 salvatur
667 522 743 586 abque
753 525 820 576 modu

21 597 70 645 ratio
87 591 190 658 perjurii
205 593 297 654 propter
312 587 410 653 aliquem
432 588 538 640 salsitatis
555 591 661 656 modum
675 594 716 643 sed
728 594 783 657 quia
795 595 821 645 in

21 677 153 728 unoquoque
164 661 245 728 potins
253 661 319 712 estid
328 661 387 723 quod
397 663 431 710 est
441 659 535 712 dormale
546 661 613 728 quam
625 663 649 713 id
657 665 717 728 quod
727 669 762 716 ml
774 679 823 717 ma-

20 738 105 800 teriale,
122 747 173 784 mou
191 733 225 782 ila
243 735 278 782 est
291 729 396 795 perjums
406 731 444 780 ille
457 730 497 794 qui
513 732 595 782 laisum
607 733 668 796 jurat
683 736 744 798 quod
757 741 824 800 putat

19 821 169 870 miserenum,
180 804 242 856 siout
250 802 289 854 ille
300 803 341 867 qui
352 817 431 854 nerum
439 802 503 866 jurat
513 805 576 867 quod
585 808 650 868 putat
661 820 712 858 eoae
719 808 802 858 falsum
814 825 821 872 ;

20 883 66 931 linit
89 879 155 930 emim
178 875 265 926 ibidem
281 873 421 938 Augustinus
437 890 477 924 a«
494 875 591 928 Interest
615 890 683 940 quem
705 879 824 930 admodum

20 954 107 1006 terbum
123 948 239 1020 prooedat
254 961 286 999 ex
298 946 383 1009 animo,
393 945 447 1011 quia
460 959 523 998 ream
535 947 637 1013 linguam
650 963 696 1000 mou
709 949 764 1000 lacit
778 951 824 1001 uisi

20 1039 49 1074 rea
61 1036 166 1074 mens.»

323 1125 483 1178 lautumiis
498 1127 528 1179 11.

180 1251 269 1298 Utrum
278 1261 347 1295 mnne
359 1250 495 1306 monum
504 1251 536 1295 rii
544 1255 672 1308 pomarum

42 1387 76 1436 ld
94 1379 229 1434 seeundum
242 1377 275 1428 sio
287 1376 425 1441 proredium.
437 1375 530 1428 Videtur
541 1379 601 1441 qudd
611 1392 658 1430 non
669 1392 736 1431 omne
747 1381 826 1444 perju-

17 1459 68 1506 rium
85 1455 117 1506 eit
134 1455 269 1519 peecatum.
285 1447 425 1510 Quicumque
444 1448 506 1499 emim
519 1463 566 1500 uon
584 1451 664 1514 implet
682 1453 741 1514 quod
755 1451 824 1517 jurae

17 1532 92 1579 mento
103 1521 269 1582 confirmavit,
285 1519 556 1584 perjuruseaeevidetur.
572 1522 617 1571 Sed
629 1524 764 1586 quaudoque
780 1523 823 1572 ali-

16 1602 63 1665 onis
72 1598 138 1664 jurat
154 1608 184 1646 se
198 1595 313 1643 laetarum
332 1589 415 1654 aliquid
433 1591 537 1642 illicitum
549 1593 623 1658 (puta
636 1593 771 1644 adulterium
786 1596 824 1646 ael

17 1666 197 1730 domicilium),
212 1663 275 1728 quod
292 1663 312 1714 si
326 1662 408 1723 iaciat,
423 1667 510 1726 deerat.
525 1663 549 1714 Si
565 1677 619 1725 ergo
638 1665 708 1715 etiam
723 1679 769 1715 num
788 1666 824 1716 ia·

16 1745 89 1795 aiendo
104 1739 223 1808 peccaret
239 1739 332 1800 peceato
350 1733 461 1798 perjurii,
482 1739 613 1800 sequeretur
625 1735 685 1801 qubd
703 1739 763 1788 esset
775 1750 827 1802 per-

17 1819 104 1868 alexas.

16 1873 20 1879 ¹
39 1893 61 1938 2.
83 1887 230 1943 Praeterea,
252 1878 329 1928 nullus
342 1879 421 1941 peccat
434 1875 539 1928 iaciendo
552 1879 611 1941 quod
624 1879 706 1930 melius
720 1883 763 1930 est.
784 1880 829 1932 Sed

17 1961 151 2022 {nandoque
163 1950 252 2016 aliquis
266 1949 404 2014 perjurando
414 1949 468 1998 lacit
481 1949 542 2011 quod
553 1950 635 2000 melina
646 1955 697 2015 est,
707 1951 765 2002 sieut
776 1950 829 2002 oium

12 2035 52 2094 μὴ
72 2027 175 2097 juravit
195 2036 221 2074 aa
236 2034 283 2072 mou
304 2020 439 2070 intraturum
460 2020 607 2084 religionem,
621 2022 659 2072 vel
677 2036 829 2086 quacumque

15 2118 73 2156 nera
87 2105 207 2152 virtuosa
224 2105 273 2144 nou
286 2091 407 2144 laetorum.
426 2091 484 2154 Ergo
501 2105 546 2142 mou
562 2105 630 2143 omne
648 2093 773 2157 perjurium
794 2095 831 2144 est

13 2178 149 2226 'torcatum

13 2231 17 2236 ⁵
35 2253 57 2297 3.
74 2246 218 2300 Praeterea,
231 2234 273 2285 ille
290 2233 330 2298 qui
345 2233 407 2296 jurat
420 2234 494 2284 faeere
509 2234 601 2285 alterius
612 2234 767 2294 voluntatem,
782 2233 828 2284 misi

11 2335 53 2370 ram
70 2316 170 2374 faciat,
195 2306 290 2356 ridetur
302 2305 418 2356 incurrere
431 2305 566 2370 perjurium.
580 2306 625 2356 Sed
638 2305 772 2370 quaudoque
781 2318 828 2369 po-

9 2395 44 2440 an
55 2386 212 2449 contingere
227 2375 290 2441 qudd
303 2389 349 2426 maru
363 2377 443 2439 pecual
456 2377 475 2426 si
491 2377 601 2440 ejusaem
617 2375 710 2438 impleat
725 2375 830 2425 volumta-

12 2473 46 2512 ψῃ]
74 2457 140 2527 puta
156 2453 218 2504 cum
229 2447 337 2512 precipit
349 2445 370 2496 ei
381 2446 464 2510 aliquid
475 2447 543 2498 mimis
552 2447 633 2497 durum
644 2451 667 2498 et
676 2445 827 2510 importabile.

9 2503 56 2586 imm
74 2531 183 2583 videtur
206 2519 270 2586 qudd
284 2531 333 2568 mum
352 2531 419 2568 omne
431 2518 556 2583 perjurium
568 2519 597 2569 ait
609 2521 736 2582 peceatum.

29 2575 58 2658 ut,
73 2605 225 2657 Praeterea,
239 2592 396 2656 juramentum
409 2589 579 2656 promissorium
593 2604 617 2640 se
631 2588 733 2641 extendit
747 2591 775 2640 ad
789 2592 830 2641 iu-

10 2689 63 2741 tna,
84 2675 158 2727 simut
175 2662 333 2719 assentorium
347 2662 375 2712 ad
389 2661 503 2728 preterita
516 2666 540 2713 et
556 2661 686 2728 praeseutia.
700 2661 746 2712 Sed
755 2664 832 2726 potest

11 2752 146 2814 ,adtingere
162 2736 234 2805 quod
251 2734 344 2786 tollatur
357 2733 469 2796 obligatio
481 2734 604 2798 juramenti
616 2747 657 2798 per
671 2731 762 2797 aliquid
770 2732 832 2796 quod

10 2821 24 2870 χ,
38 2826 154 2873 saturum
172 2807 297 2870 emergat,
309 2805 367 2855 sieut
381 2803 432 2855 edm
452 2803 526 2868 aliqua
540 2805 622 2855 civitas
636 2806 698 2870 J'urat
710 2817 735 2855 se
748 2802 833 2866 aliquid

12 2899 153 2944 mauram
160 2922 172 2950 ,
190 2883 218 2932 et
236 2882 319 2944 postea
339 2876 503 2940 superveniunt
516 2876 571 2926 novi
584 2875 646 2926 ciues
659 2875 698 2940 qui
712 2874 766 2924 illud
783 2884 830 2922 uum

18 2963 161 3024 aarermmt3
181 2951 226 3006 uel
241 2948 296 3006 oium
315 2946 438 3030 mannitus
454 2946 537 3024 niquis
549 2947 613 3019 jurat
628 2949 713 2999 statuta
727 2941 834 3011 Ecclesia
