1934 3284
111 150 167 203 -ιιι
215 160 323 201 euoenon
338 160 465 209 sacuam,
478 159 572 205 possa
589 159 709 207 mnaso,
725 157 780 197 aaa.
797 160 822 197 x.

121 240 199 303 mali),
210 252 254 291 aee
269 239 337 303 peius
349 238 417 289 bono.
429 252 443 285 u
458 238 518 301 lingo
530 236 601 288 molit
614 234 691 287 minis
703 238 781 300 potest
791 236 926 301 disponam

120 307 145 363 iu
160 316 222 363 uoto.

152 386 176 432 a.
192 385 313 442 Praeterea,
326 382 351 431 in
360 381 396 433 lais
410 395 460 445 que
473 384 526 432 suot
534 381 562 432 alo
570 380 621 442 lege
631 382 719 430 natura
733 378 789 431 etin
800 381 927 446 preceptis

121 454 205 505 diuinis
223 467 268 504 nou
286 457 363 517 potest
382 465 423 516 pen
436 452 551 503 hominem
570 451 711 514 dispensam
726 455 750 502 et
767 451 881 516 precipua
895 454 923 505 in

121 524 326 591 praceptlspnime
334 524 429 585 tabule,
439 538 490 588 quaa
499 523 726 575 ouinaauueueet
736 524 764 575 ad
774 524 925 576 dilectionem

121 597 176 657 liei,
190 610 241 660 que
259 600 294 647 est
308 596 399 647 ultimus
412 595 463 647 lois
484 598 661 659 praceptorum.
676 594 719 645 Sed
734 595 830 659 implere
843 602 925 648 votnm

122 672 158 719 est
169 668 197 719 <ie
211 668 259 733 lege
271 670 369 728 nature,
384 670 407 717 et
423 670 458 717 est
476 666 546 717 etiam
562 671 702 730 preceptum
713 666 770 727 legio
783 665 883 728 uiuae,
897 674 924 720 ut

121 752 150 791 ex
164 739 230 803 sopri
246 738 312 789 dietis
327 739 388 803 patet
404 740 461 799 tant.
474 736 514 801 a),
528 740 551 787 et
562 737 662 801 pertinet
675 737 703 785 ad
716 742 829 800 praeopta
842 740 926 801 paim

121 811 203 861 abula
214 847 220 873 ,
232 808 281 861 ciam
294 810 323 861 sit
333 813 398 860 actus
410 808 490 859 latnie.
507 810 566 871 Ergo
576 808 601 859 io
616 812 668 859 noto
680 808 807 871 ammoni
819 822 867 859 non
883 824 929 874 po-

121 886 173 935 test.

154 962 175 1007 a.
192 958 301 1009 Praeterea
312 954 433 1019 ,obligatio
445 954 493 1005 voti
506 954 612 1003 landatur
624 965 693 1015 super
705 951 838 1003 fidelitatem
850 967 925 1017 quain

121 1030 188 1081 homo
203 1030 269 1080 alebat
280 1030 342 1091 Deo,
354 1034 380 1079 ut
396 1026 480 1077 dietum
494 1029 536 1077 est.
551 1026 594 1076 Sed
608 1024 633 1075 in
645 1026 689 1075 hae
701 1025 778 1075 nullius
790 1029 867 1090 potest
875 1027 927 1077 ‹lis-

121 1115 226 1165 pensaae.
244 1102 301 1164 Engo
316 1114 357 1151 nee
368 1100 392 1149 in
407 1103 468 1151 noto.

112 1186 114 1189 ·
152 1172 197 1223 Sed
215 1176 294 1221 eonlna
310 1188 316 1221 ι
334 1171 426 1234 maioris
440 1169 552 1221 lianuutia
569 1182 622 1219 esee
638 1168 727 1221 videtur
741 1170 803 1233 quod
820 1172 931 1234 presedit

121 1257 150 1293 ex
165 1242 280 1295 communi
293 1244 413 1293 multorum
430 1240 633 1304 voluntale,quana
643 1242 704 1304 qood
717 1241 820 1304 procedit
831 1255 863 1292 ex
877 1244 927 1293 sin·

121 1313 192 1378 pulani
203 1315 319 1365 volumtate
330 1314 425 1378 ulieaujus
436 1327 546 1378 personae.
555 1314 598 1363 Sed
608 1313 632 1361 in
642 1314 705 1377 lege,
714 1327 764 1376 quae
774 1314 843 1363 liabet
853 1316 928 1365 robur

121 1400 149 1435 ex
162 1389 279 1437 communi
296 1387 429 1448 vuluntate,
444 1390 519 1450 potest
532 1399 572 1450 pen
583 1384 701 1436 hominem
714 1383 848 1448 dispensari.
863 1387 927 1451 Ergo

122 1458 210 1509 uidetur
222 1457 282 1521 quood
299 1456 366 1508 eliam
379 1459 402 1507 in
415 1461 467 1508 uoto
483 1472 524 1521 per
538 1456 654 1508 hominem
667 1454 796 1519 dispensari
806 1457 892 1519 possit.

154 1530 314 1593 (Conclusio.
323 1530 425 1579 -Siout
440 1543 479 1593 pro
493 1529 644 1592 majonibono
658 1526 882 1591 lepisoisponsatio,
895 1530 927 1580 ita

121 1606 144 1653 et
155 1601 203 1653 voti
218 1601 364 1653 commutatio
379 1604 403 1651 ει
413 1599 553 1665 dispensatio
567 1613 606 1664 per
623 1596 746 1664 superioris
759 1598 926 1651 authmitatem

121 1674 169 1725 iteri
184 1675 265 1737 potest.
280 1674 288 1735 )

153 1745 287 1808 nesponoeo
297 1744 499 1808 luendumque
513 1744 654 1807 dispensatio
669 1746 715 1792 noli
729 1742 878 1804 intelligenda
889 1748 927 1795 est

122 1818 149 1868 ad
167 1817 258 1868 mollum
273 1817 448 1880 dispensationis
458 1816 545 1879 qiaaellt
554 1814 731 1866 inobservantia
744 1814 841 1877 alienius
854 1815 925 1880 legis

121 1891 188 1953 quia,
199 1893 225 1939 ut
239 1888 306 1951 supra
320 1887 449 1939 dictumest
463 1890 492 1947 (l
499 1922 508 1949 ,
518 1892 547 1949 a,
560 1902 600 1949 pu.
612 1892 651 1949 tt,
665 1890 708 1937 aut.
720 1890 734 1935 t
744 1886 763 1949 t,
777 1886 816 1937 lea
827 1888 928 1949 ponitur

121 1961 261 2025 respiciendo
276 1960 297 2009 io
313 1958 374 2021 quod
387 1963 423 2008 est
439 1962 464 2007 ut
475 1958 500 2007 in
511 1958 613 2021 pluribus
624 1959 718 2008 munau.
733 1958 776 2008 Sed
794 1955 850 2021 quoia
863 1972 924 2010 con-

120 2031 188 2094 tingit
202 2029 333 2095 hujusmodi
351 2030 374 2079 iu
385 2029 459 2094 aliquo
475 2044 530 2080 casu
544 2044 589 2081 non
604 2043 654 2079 ease
666 2028 759 2088 nonum,
770 2030 872 2092 oportuit
881 2045 925 2094 per

121 2102 218 2166 aliquem
233 2101 375 2172 determinari
395 2101 419 2150 iu
436 2101 475 2159 illo
493 2100 622 2165 particulari
638 2114 692 2150 easu
710 2100 784 2160 legem
804 2113 852 2150 nou
871 2115 926 2152 esse

121 2176 262 2225 servandam.
276 2175 303 2224 Et
320 2174 365 2223 hoe
382 2172 472 2238 proprie
490 2177 526 2223 est
543 2172 673 2236 dispensare
687 2171 711 2221 in
726 2172 788 2235 lege3
804 2184 859 2222 nam
876 2174 925 2223 dis·

121 2246 225 2309 pensatio
235 2246 323 2296 uidetur
334 2246 453 2310 importare
464 2245 585 2309 quamdam
598 2249 800 2294 commensuratam
815 2242 924 2294 distribu-

121 2316 206 2367 tionem
218 2318 252 2368 vel
261 2316 434 2382 applicationem
444 2317 571 2367 eommunis
579 2316 676 2379 alicujus
685 2316 711 2365 ad
721 2328 749 2365 ea
758 2328 807 2378 qua
819 2316 863 2366 sub
872 2317 923 2379 ipso

122 2386 280 2449 continentur,
293 2401 333 2452 pen
345 2401 414 2451 quein
423 2387 514 2439 modum
525 2386 607 2437 dieitur
616 2386 837 2450 aliquisdispeusare
846 2388 924 2438 eibum

122 2458 222 2511 familiae.
237 2459 346 2510 Similiter
357 2463 431 2509 autem
445 2459 483 2512 iile
497 2459 536 2521 qui
550 2463 618 2511 novet
631 2459 795 2522 quodammodo
809 2459 855 2509 silai
873 2463 923 2512 sla-

122 2530 165 2581 tuit
175 2531 261 2593 legem,
271 2530 373 2594 obligans
386 2545 410 2583 se
426 2532 454 2582 ad
469 2530 556 2593 aliquid
565 2531 626 2595 quod
639 2534 676 2581 est
687 2528 846 2580 secundinae
859 2535 884 2581 et
897 2536 923 2580 nt

121 2600 145 2651 iu
164 2602 264 2665 pluribus
282 2603 375 2652 bouum
395 2606 566 2655 Potesttamen
585 2602 713 2664 contingere
728 2600 788 2665 quod
802 2600 826 2649 iu
845 2600 922 2663 aliquo

122 2686 176 2723 casua
191 2671 269 2722 situel
284 2672 416 2738 simpliciter
434 2674 534 2736 malum,
548 2674 589 2723 uel·
602 2673 699 2733 inutile,
711 2673 747 2723 nel
761 2670 854 2735 majoris
867 2671 923 2722 boni

121 2742 293 2807 impeditione,
314 2748 373 2808 quod
388 2752 422 2797 est
438 2750 517 2797 contra
532 2745 644 2796 rationem
658 2746 709 2809 ejus
726 2745 786 2809 quod
804 2744 865 2793 eadit
878 2743 921 2793 sun

112 2818 190 2877 ‚uoto,
201 2818 226 2865 ut
240 2828 268 2865 ex
277 2818 391 2880 praedietis
405 2821 476 2883 patet.
490 2816 579 2869 ntideo
589 2830 684 2868 neeesse
693 2819 729 2869 est
739 2813 799 2879 qu'od
813 2813 921 2867 dewrmi-

116 2890 188 2945 netua·
200 2882 223 2937 in
241 2888 280 2937 lali
295 2902 349 2939 casu
365 2894 439 2941 uotum
456 2902 503 2941 uon
516 2900 569 2939 esse
585 2889 729 2939 sea-eandum.
753 2889 782 2937 Ei
795 2886 815 2937 si
827 2885 920 2950 quidem
