1934 3284
117 183 163 232 ιιι
225 191 477 242 succrescentem,
491 191 583 236 ouasr.
601 193 680 240 cmv,
697 191 752 229 nur.
768 193 804 230 ιι.

115 269 235 333 ιιιιιιιι;
249 281 302 318 uam
315 280 384 331 cuper
393 267 449 318 iliud
463 268 533 323 duc..
547 268 616 318 lilii:
633 285 647 316 ι
662 268 864 333 lrcbisgaagegne
881 271 916 320 in-

115 341 212 404 dignans
225 339 285 403 quon
294 339 527 402 oabbalbocnmcset,
542 339 619 390 »dicit
632 341 693 390 neoc
705 355 711 389 x
723 357 738 386 (ι
748 341 797 390 Lex
806 341 816 405 (
823 341 915 404 inquit)

116 410 142 462 'vn
155 411 263 463 subbalbe
277 424 323 462 uon
336 410 452 460 bominem
460 424 549 474 curere,
557 411 597 462 sed
609 411 701 462 servilia
712 423 782 475 opere
791 411 878 470 iacere,
895 415 917 464 id

118 485 162 544 eet,
176 482 277 546 peccetis
287 482 388 546 gravari,
404 481 517 546 probibet.
530 499 544 528 u
556 482 686 532 &cundum
703 487 780 533 autem
794 483 917 534 litteralem

119 569 209 608 sensnm
233 559 269 606 est
290 559 428 619 preceptum
448 553 611 617 ceremoniai03
631 553 712 606 dicitvn
736 554 797 604 euim
821 556 917 615 Emori„

120 626 205 677 xxxi:
222 627 324 677 «Videte
337 630 362 675 ιι
375 625 508 675 ιιιιιιιιιι
519 639 593 676 meum
603 625 750 688 custodiatis,
760 624 812 688 quia
826 624 917 687 signum

121 698 224 748 ιιιιιιιι
233 697 382 748 meetvovin
392 697 577 760 generationibus
586 699 700 748 vestris.»
715 698 917 759 precepcionem

121 769 222 833 decalogi
240 774 293 820 suot
305 774 418 833 precepta
431 769 572 833 spiritualia,
587 773 611 820 et
622 773 676 818 sunt
688 772 799 834 precepta
814 769 915 818 moralia

120 840 308 892 loconvenicuter
317 855 372 903 ergo
384 840 477 905 ponitur
489 839 548 890 iuter
558 837 670 905 precepta
681 839 790 901 omdogi.

153 918 176 962 ι.
194 915 321 974 Preterca,
335 911 492 962 ceremonialia
506 912 563 975 legis
576 915 690 977 precepto
703 911 821 962 continent
835 927 915 968 sorra,

120 986 261 1048 sacrificio,
278 985 439 1034 sacramenta
456 987 481 1033 el
494 983 674 1042 observantiae„
690 987 716 1032 ui
734 983 803 1046 suprl
815 975 917 1034 habitum

121 1060 165 1108 est.
182 1057 216 1107 nd
228 1071 301 1106 soora
317 1059 393 1106 autem
410 1055 555 1118 pertinebant
570 1068 615 1106 nou
631 1053 703 1106 collum
721 1055 779 1104 sacri
796 1056 860 1116 dies,
879 1058 917 1107 sed

121 1127 189 1181 ιιίιιι
201 1127 454 1188 montemarano
470 1139 538 1186 vana,
553 1129 576 1177 ιι
589 1126 632 1176 alia
652 1127 800 1191 hujusmodi3
815 1127 918 1178 simililer

122 1199 190 1251 eliam
206 1202 270 1250 eccui
283 1198 348 1248 molti
362 1198 421 1248 sacri
435 1198 486 1249 dies
495 1201 579 1262 preter
594 1198 737 1248 sabbathum.
753 1197 918 1250 inconveniens

121 1276 156 1324 eal
169 1284 223 1334 ergo
234 1269 304 1333 quod,
318 1270 476 1333 praetermissio
490 1269 542 1321 aliis
554 1269 658 1320 comnibus
673 1269 875 1334 ceremouiellbus,
892 1272 917 1320 de

122 1345 170 1397 ecla
180 1342 325 1394 observantia
340 1341 443 1392 sabbathi
456 1341 496 1392 lici
508 1342 600 1392 mentio.

155 1419 179 1464 ll.
193 1417 320 1476 Praeierea,
334 1413 471 1478 quicumque
482 1413 647 1476 transgreditur
655 1416 794 1478 preceptum
805 1412 917 1476 decalogi,

93 1511 97 1520 ·
121 1489 208 1550 peccat.
223 1485 302 1536 sedin
314 1484 447 1548 ueterilege
462 1483 532 1548 aliqui
544 1484 737 1560 transgredientes
750 1483 917 1534 observantium

123 1556 226 1610 obbetni
241 1569 287 1607 non
306 1557 447 1620 peccabant,
463 1555 523 1606 moui
542 1553 729 1606 circumcidentes
743 1557 827 1620 pucros
841 1555 917 1606 eclani

124 1629 176 1692 die,
187 1635 211 1679 et
224 1629 351 1679 sacerdotes
361 1627 386 1676 in
398 1627 483 1691 templo
496 1626 611 1676 sabbathis
625 1629 788 1690 operantes,et
798 1626 860 1676 Elias
869 1625 916 1676 obn

124 1701 273 1764 qnadraginta
290 1699 370 1750 diebus
384 1699 527 1763 pervenisset
540 1698 569 1748 ad
584 1702 685 1748 montem
698 1698 740 1748 llei
751 1698 826 1758 oreb,
841 1709 917 1748 conse-

125 1785 197 1837 ιιιιι
205 1772 339 1836 estqubdiu
348 1772 458 1822 sabbatho
466 1769 582 1820 itineruvii
593 1769 755 1834 (uilegiinrlll
764 1771 833 1832 fleg„
842 1770 915 1832 ullu

125 1843 228 1895 similiter
244 1844 313 1894 etiarn
328 1843 456 1894 sacerdotes
470 1842 524 1893 dum
540 1845 629 1905 septem
650 1841 729 1892 dicbus
751 1841 918 1893 circu-terreni

124 1928 202 1971 arcem
219 1916 324 1976 bomini,
343 1919 371 1964 ιι
386 1914 467 1977 legitur
488 1913 574 1972 locun,
588 1913 631 1974 Vl,
648 1912 806 1976 intelliguntur
822 1928 872 1964 eam
885 1912 917 1963 die

124 1987 228 2040 cobballu
245 1985 423 2048 circumtuliaeeg
440 1985 523 2036 dicitur
543 1984 613 2034 eiiam
630 1986 703 2045 Lon,
717 1985 767 2034 lllll
785 2001 791 2034 c
808 2001 822 2034 ι
840 1985 917 2036 iionue

124 2058 278 2122 unusquisque
291 2061 389 2107 vestrum
399 2056 585 2107 aebbatnosolvit
596 2056 677 2106 bouem
692 2070 758 2106 suum
767 2060 807 2106 aut
820 2056 914 2116 aunum,

125 2135 149 2182 et
164 2131 227 2181 ducit
242 2128 396 2193 adaquaret»
410 2129 470 2191 Ergo
482 2128 670 2195 inconvenienter
686 2128 779 2192 ponitur
791 2127 852 2178 inier
864 2141 917 2192 pra·

125 2206 190 2267 repta
200 2201 310 2264 decalogi,

157 2277 181 2324 ι.
195 2276 325 2332 procrea,
342 2275 458 2337 precepta
471 2271 574 2334 decalogi
591 2276 645 2322 sunt
663 2272 732 2326 eliam
756 2272 782 2322 in
799 2285 857 2323 nova
874 2271 918 2332 iege

126 2345 273 2398 observanda.
283 2345 329 2395 Sed
342 2345 366 2394 iu
374 2344 424 2406 lege
433 2355 494 2393 nove
503 2357 550 2396 nou
558 2347 659 2396 servatur
669 2345 712 2394 boc
721 2348 870 2407 preceptum,
881 2355 919 2392 uec

126 2420 234 2480 pontum
247 2417 273 2466 ad
284 2416 344 2466 diem
356 2415 473 2475 sabbathi,
488 2429 531 2466 ιιι
540 2417 650 2479 quantum
662 2417 690 2466 ad
701 2415 762 2465 diem
772 2415 917 2468 Dominioanri

126 2487 204 2550 inqua
214 2491 239 2538 et
248 2487 294 2538 cibi
302 2489 440 2550 coquuntur,
451 2486 588 2537 itincroniur
601 2492 623 2536 et
638 2487 756 2551 piscantur
769 2487 886 2544 nominas,
900 2487 920 2531 ei

127 2558 172 2608 alie
192 2559 262 2608 molta
281 2558 414 2622 hujusmodi
434 2559 529 2609 iaciunt.
544 2561 606 2622 Ergo
620 2558 807 2609 inconvenienter
829 2557 920 2608 truditur

126 2632 263 2692 occeptum
273 2631 302 2680 de
310 2629 469 2680 observatione
482 2629 594 2679 sabbathi.

157 2697 202 2748 Sed
215 2702 292 2747 contra
306 2703 341 2748 est
354 2698 476 2760 Scriptura
489 2699 610 2749 auctoritas
623 2698 729 2762 (deod,
743 2700 784 2749 llil
793 2702 809 2760 i.

158 2769 315 2831 (Conmusro.
334 2796 365 2807 -
378 2770 522 2822 Conveniens
546 2770 605 2830 iuli,
619 2774 740 2834 postquam
755 2771 829 2834 primo
844 2772 869 2820 et
887 2781 920 2818 se·

127 2838 201 2889 cundo
214 2837 271 2901 legis
284 2844 398 2904 precepto
407 2841 498 2892 bomol
509 2840 628 2893 contrariis
637 2841 756 2904 religionis
768 2846 858 2892 amotus
874 2841 918 2888 lue
950 2873 951 2876 ,

127 2913 175 2973 rat,
194 2912 219 2959 ιι
230 2911 297 2960 tertio
316 2915 444 2975 precepto,
458 2912 518 2975 qood
534 2914 570 2962 esi
581 2912 609 2964 dc
622 2912 784 2964 smctibcando
795 2912 917 2969 babbutio,
