1934 3284
274 176 308 214 un
319 175 454 216 nemum
469 177 590 218 mmmm.
787 167 832 216 tte

331 349 490 400 tumemus
505 349 533 400 ll.

51 469 124 516 dtrbe»
135 469 242 527 menum
251 476 395 528 preceptum
409 473 517 530 deecwpt
533 475 699 519 conuenienter
711 473 832 519 tradatur.

67 597 99 646 ld
116 597 242 647 secundum
263 597 297 647 sic
315 598 452 662 proceditur.
472 599 566 650 Videtur
581 600 641 664 quod
658 602 757 664 primum
774 615 834 666 pre-

27 671 123 733 ¹ceptum
145 668 249 732 decalogi
265 669 453 721 inconvenienter
464 671 576 722 tradatur.
596 671 667 734 lingis
687 671 748 722 enim
766 673 835 725 bomo

45 742 71 787 est
87 737 199 801 obligatus
215 739 262 789 lleo
282 739 351 803 qutn
372 741 432 804 patri
448 741 549 803 mrnali,
570 741 693 792 secundnm
716 742 773 794 illud
798 743 835 792 ud

45 810 118 866 debr„
129 811 172 861 llll
180 825 187 860 ε
200 827 215 858 u
224 810 313 871 Quantb
327 812 399 874 magis
409 813 615 877 obtemperabimus
629 814 690 864 Patri
704 813 834 878 spirituum,

43 886 59 930 et
72 883 186 933 vivemus.
198 900 213 930 n
232 882 277 934 Sed
296 888 434 947 preceptum
451 884 545 947 pietatis
563 899 608 948 qua
621 887 744 935 bonoratur
755 889 834 948 pater,

43 955 126 1015 ponitur
145 953 295 1015 affirmative,
310 953 363 1005 edm
381 955 479 1006 dicitur:
497 973 510 1004 u
525 957 616 1008 lloncra
630 961 717 1020 patrem
735 960 799 1006 tuum
812 961 835 1006 et

42 1029 129 1076 matrem
144 1029 215 1076 tuam.
234 1027 320 1088 »llrgo
334 1025 404 1076 mullo
425 1027 499 1089 magis
513 1027 611 1090 primum
624 1030 763 1090 preceptum
778 1026 836 1076 reli-

42 1097 176 1160 globisque
190 1098 314 1148 bonoratur
327 1102 398 1158 Deus,
409 1098 488 1148 debuit
502 1098 596 1162 proponi
611 1097 762 1159 adfirmative,
777 1109 837 1161 prte-

41 1169 112 1218 sertim
122 1167 174 1218 mur
188 1167 307 1218 affirmatio
319 1169 451 1219 naturaliter
461 1168 492 1218 sit
505 1169 566 1233 prior
585 1169 713 1233 negatione.

64 1244 89 1289 Ξ.
102 1240 331 1304 Preterea,primnm
340 1244 480 1304 preceptum
492 1241 594 1304 decalogi
604 1243 630 1290 ad
641 1241 774 1304 religionem
784 1253 837 1304 per-

41 1312 108 1372 tinet,
119 1315 145 1360 nt
154 1312 238 1361 dictum
255 1315 290 1362 est
309 1312 360 1375 (nrt.
378 1311 413 1373 1).
428 1311 473 1363 sed
486 1311 575 1375 religio,
590 1311 640 1362 cbm
653 1313 683 1364 sit
697 1325 742 1362 nne
757 1312 836 1375 uirtus,

41 1384 103 1434 babet
116 1397 189 1433 unum
201 1386 283 1433 astum
295 1383 321 1433 ln
335 1382 410 1446 primo
420 1387 495 1434 auem
505 1388 619 1447 precepto
634 1384 783 1448 probibentur
793 1387 839 1432 tres

40 1460 97 1505 actus
111 1471 118 1504 ι
135 1468 189 1504 nam
198 1453 272 1517 primd
282 1453 380 1504 dicitur:
397 1471 411 1500 «
420 1455 471 1504 Non
488 1454 583 1504 babebis
594 1456 653 1504 Deos
666 1454 752 1504 alienos
763 1465 838 1504 coram

40 1541 82 1590 ue;
93 1544 108 1574 u
125 1526 226 1578 seruum
245 1526 328 1576 dicitur
342 1542 349 1576 ι
364 1544 378 1573 u
395 1528 446 1578 Non
460 1527 531 1578 iacies
549 1526 590 1576 libi
603 1527 750 1592 sculptile3u
771 1525 839 1576 lertid

40 1598 87 1647 verb
102 1613 109 1647 z
126 1615 142 1646 a
151 1598 203 1647 Non
216 1597 322 1647 adorabis
336 1611 378 1661 eu,
388 1611 462 1662 neque
473 1597 545 1648 coles.
557 1615 571 1644 u
580 1599 639 1662 Ergo
651 1597 839 1650 inconvenienter

39 1670 129 1719 truditur
139 1669 238 1734 primum
246 1673 394 1734 preceptum.

63 1749 86 1792 3.
104 1743 235 1804 Preterea,
249 1738 389 1805 Augustinus
408 1740 464 1792 dicit
483 1741 509 1790 in
528 1741 567 1792 lib.
583 1743 620 1790 De
633 1741 720 1792 elecem
738 1745 839 1794 eturds's

38 1818 94 1879 lcap.
107 1816 143 1880 9),
154 1813 218 1877 quod
229 1831 243 1861 u
252 1827 292 1877 per
306 1813 404 1877 primum
414 1816 552 1876 preceptum
565 1813 691 1864 excinditur
702 1813 782 1864 uitium
797 1828 837 1866 su·

37 1885 211 1946 perstitionis.»
220 1885 265 1936 Sed
275 1886 351 1936 multe
362 1889 416 1934 sunt
426 1883 475 1936 elie
483 1885 557 1936 noxie
570 1885 742 1948 superstitiones
750 1891 835 1950 preter

37 1956 194 2019 idololatriam,
204 1955 306 2020 utsupra
316 1955 400 2006 dictum
415 1959 451 2006 est
460 1957 508 2018 (qu.
523 1960 562 2017 92,
571 1957 655 2019 arte).
671 1956 838 2008 insufficienter

37 2042 85 2094 ergo
98 2029 235 2096 prohibetor
248 2028 383 2079 idololatria.

62 2104 88 2151 lo
106 2100 247 2152 eontrarium
262 2103 297 2149 est
309 2099 433 2162 Scripture
443 2098 564 2150 auctoritas
578 2099 691 2164 (ddecet,
704 2100 772 2163 llll).

63 2175 227 2238 (Coumusro.
242 2198 273 2208 -
290 2171 436 2222 Conveniens
454 2170 499 2221 fuit
514 2174 541 2220 ut
555 2170 641 2220 bomini
658 2170 682 2220 in
696 2170 774 2222 diviua
788 2172 838 2235 lege

36 2244 191 2305 instituendo,
205 2241 279 2306 primo
291 2242 341 2293 loco
353 2243 480 2294 traderetur
493 2243 549 2292 illud
563 2256 592 2292 ex
607 2242 709 2305 decalogi
718 2244 838 2306 preceptis

37 2321 184 2380 preceptum,
194 2327 239 2377 qno
252 2314 358 2365 laborum
373 2313 465 2364 deorum
478 2314 638 2365 excluderetur
650 2313 744 2377 cultus.)

62 2387 204 2452 despondeo
212 2386 343 2448 dicendum,
353 2385 412 2448 qndd
421 2385 450 2435 ad
458 2385 531 2448 legem
541 2384 641 2450 pertinet
649 2383 723 2434 lacere
732 2384 838 2440 homines

36 2459 122 2511 bonos:
136 2462 162 2508 et
171 2458 222 2507 ideo
232 2461 321 2520 oportet
328 2459 443 2520 precepta
455 2456 514 2520 legis
528 2456 627 2508 ordinari
642 2454 764 2505 secundum
779 2456 841 2508 ordi·

36 2544 85 2580 uem
98 2527 270 2594 generationis,
281 2539 327 2591 qua
337 2526 425 2578 scilicet
437 2527 840 2579 utnomobonus.1unrumeumem

35 2600 191 2662 generationis
205 2600 250 2649 duo
262 2602 315 2648 suunt
330 2599 473 2649 attendenda.
489 2601 588 2658 Quorum
604 2597 702 2662 primum
715 2602 763 2662 est,
779 2598 840 2662 qudd

36 2675 108 2734 prima
124 2686 180 2738 pars
195 2670 269 2736 primd
286 2670 441 2733 constituitur,
459 2670 518 2720 sicul
537 2671 561 2720 in
575 2669 719 2734 generatione
737 2670 841 2722 animsbs

35 2744 108 2804 primo
117 2747 242 2808 generatur
252 2755 293 2793 cor
305 2740 352 2805 tt),
362 2744 386 2792 et
398 2740 423 2791 in
435 2742 503 2794 domo
517 2739 590 2806 primb
602 2739 695 2804 ponitur
705 2741 840 2793 tundamen-
897 2747 899 2752 ·

65 2907 102 2970 tt)
113 2911 146 2954 Ut
159 2908 247 2965 passim
260 2904 413 2962 Pbiloeoplrus
424 2905 542 2965 mmlert,
554 2905 691 2952 nominatim
705 2905 747 2951 lib.
760 2901 842 2949 mbr
