1934 3284
323 199 355 236 ιιι
370 196 551 238 sanaremus
790 191 836 242 tet

35 276 164 328 diositatenr
175 275 322 329 comatam.
337 277 397 338 drgo
411 275 544 327 studiositas
557 279 593 327 est
606 287 661 340 pars
669 277 838 342 temperantiae-⁴

69 350 263 413 (mansuem.-
270 348 406 399 Studiositas
416 347 572 411 temperantiae
580 361 633 412 pars
646 349 774 413 potentialis
785 352 833 416 est,

34 420 94 484 qnod
109 419 133 470 ei
146 424 172 468 m
184 419 347 470 sinuaminis
361 418 493 484 principalis
507 419 636 484 principali,
656 421 818 484 adjungatur.)

65 491 346 556 Respondeodicerean‚
360 491 420 556 need
436 492 495 542 sient
510 489 578 553 supra
593 490 723 542 dictumest
734 493 784 556 (qai.
796 495 835 557 lt,

31 566 77 614 art.
95 567 154 617 ιλ
168 565 192 614 et
206 566 249 623 e),
262 563 291 613 ad
304 564 477 627 temperantiam
502 562 602 626 pertinet
618 563 730 613 moderari
750 569 836 616 melem

32 634 160 699 appetitds,
172 649 201 686 ne
212 634 326 698 superflue
336 636 418 686 tendat
428 634 452 684 in
462 635 487 685 id
501 635 559 698 qued
570 633 702 684 naturaliter
714 636 833 699 concupis·

31 708 101 756 nitur.
114 706 179 756 sicet
193 710 268 758 aetem
284 708 416 758 naturaliter
431 708 499 758 herne
511 705 653 770 concupiscit
672 706 834 759 delectationes

31 779 136 828 ciberum
148 781 172 827 et
181 791 328 832 renereeuam
342 778 466 831 secendhm
475 782 579 829 naturam
589 776 727 841 corporalem
736 815 743 836 ‚
753 776 785 826 ita
797 791 834 829 se-

30 847 133 900 eundirm
145 849 243 900 animam
252 849 383 900 naturaliter
393 850 652 914 desideraieegneseere
661 847 745 911 aliquid
756 863 762 896 ι
772 849 834 900 unde

29 925 54 971 et
70 920 223 984 Philosophus
241 920 296 970 dicit
307 919 333 971 in
345 921 444 984 princip.
459 922 633 986 dlctuptpsie„
650 918 710 983 qrrdd
726 935 739 966 a
754 927 833 972 ornnes

29 993 141 1044 hemines
156 992 290 1044 naturaliter
302 993 360 1044 seire
378 993 514 1044 desiderant.
533 1009 547 1040 u
562 991 683 1044 Moderatio
700 993 775 1042 numm
790 993 834 1044 he·

26 1063 134 1130 jusmodi
144 1064 261 1128 appetitis
273 1065 370 1128 pertinet
377 1067 405 1115 ed
415 1065 521 1116 virtutem
534 1063 693 1115 studiositatis.
704 1063 768 1113 Unde
779 1076 832 1114 cen·

28 1149 134 1199 sequeus
144 1140 181 1188 est
190 1135 251 1199 qued
267 1137 396 1188 studiositas
409 1135 440 1187 sit
453 1149 507 1200 para
521 1135 653 1201 potentialis
666 1131 830 1199 temperantiae,

28 1210 93 1258 sicut
110 1208 181 1257 rirtna
198 1208 329 1262 emundaris
346 1207 369 1259 ei
387 1207 494 1271 adjuncta
513 1211 545 1256 nt
556 1205 676 1271 principali
694 1205 787 1266 virtuti„
806 1209 831 1256 et
914 1219 919 1230 ·

28 1279 232 1343 comprehenditur
240 1281 284 1331 suh
293 1279 401 1331 modestia
409 1316 417 1342 ,
425 1278 514 1330 mtiene
525 1276 699 1343 superius-dicti
706 1278 714 1342 (
722 1291 763 1342 qo.
774 1281 828 1339 lte,

28 1357 75 1404 art.
90 1352 131 1413 ι).
417 1381 422 1386 ,

61 1425 96 1474 ld
111 1421 208 1486 primunr
218 1435 273 1485 erge
286 1421 404 1472 dicendum
411 1457 420 1484 ,
437 1420 498 1484 qued
512 1421 631 1485 prudentia
645 1425 681 1472 est
693 1420 831 1486 completiva

24 1496 133 1548 emnium
143 1494 251 1544 virtutum
263 1493 392 1552 moralium,
404 1497 430 1542 et
444 1491 525 1544 dieitur
537 1492 561 1542 in
575 1493 613 1543 ll.
624 1493 706 1544 ertio.
719 1494 745 1542 ln
756 1505 830 1556 qnan-

24 1574 78 1619 tum
95 1577 149 1629 erge
162 1564 261 1628 cognitio
273 1564 399 1629 prudentie
414 1565 443 1615 ad
457 1577 537 1615 ornnes
555 1563 652 1615 virtutes
670 1564 784 1628 pertinet,
802 1563 828 1615 in

24 1642 120 1689 tanturn
138 1649 221 1688 nemen
242 1635 404 1695 mulieritatis,
418 1649 470 1700 quc
488 1635 578 1702 proprie
598 1637 658 1687 circa
675 1636 831 1708 cognitionem
880 1673 886 1686 .

24 1715 63 1762 est
69 1746 79 1772 ,
90 1709 121 1768 ad
136 1720 216 1758 omnes
227 1708 325 1758 virtutes
338 1709 459 1758 derivatur.

57 1782 95 1832 Ad
113 1781 237 1829 meandum
254 1779 389 1839 dicendum,
403 1779 463 1843 qued
480 1781 545 1830 actus
564 1780 724 1842 cogneseilirae
740 1781 832 1832 rirtntis

24 1851 181 1918 imperaturi
196 1851 220 1898 ιι
234 1851 375 1914 appetitiva,
389 1863 440 1914 ene
453 1851 580 1901 estmetira
591 1851 692 1900 emnium
703 1850 794 1915 uirium,
804 1853 831 1902 ιιι

24 1922 99 1989 supra
107 1921 193 1971 dietum
204 1926 248 1972 est.
260 1922 348 1972 Etidee
359 1920 419 1971 eirea
428 1921 583 1984 cognitionem
594 1921 677 1984 duplex
689 1921 774 1972 henum
786 1935 828 1986 pe·

24 1993 269 2049 patrissaturum
286 1989 504 2056 quidem-enarrem
521 1993 548 2043 ad
563 1993 638 2056 ipsum
656 1997 732 2043 actum
747 1994 831 2059 cogni·

24 2067 117 2124 tionis;
130 2069 156 2121 'ei
170 2066 214 2116 tale
231 2066 317 2116 henum
331 2066 431 2130 pertinet
448 2067 477 2115 ad
498 2065 594 2116 virtutos
609 2064 788 2130 intellectuales,
803 2069 831 2117 ιιι

24 2141 117 2194 seilicet
127 2138 195 2189 honre
204 2137 264 2187 circa
275 2137 365 2202 ungula
377 2136 474 2188 caderet
483 2149 572 2186 rernm.
583 2136 648 2187 lliud
659 2139 733 2187 auteur
745 2137 831 2189 bonnm

24 2209 134 2274 estquod
145 2208 244 2272 pertinet
257 2210 284 2258 ad
294 2213 369 2258 actum
380 2208 512 2273 appetitiva
522 2207 621 2268 virtutis,
632 2213 658 2260 ut
668 2208 754 2258 scilicet
762 2210 832 2260 hemo

24 2285 114 2335 hahent
123 2280 246 2344 appetitum
257 2284 343 2331 rectem
355 2280 485 2344 applicandi
495 2280 541 2329 vim
556 2279 733 2344 cogneseilirum
750 2281 783 2330 sie
792 2279 830 2331 vel

24 2358 103 2416 aliter,
119 2353 201 2402 adhoc
220 2353 257 2402 rel
272 2353 300 2401 ad
311 2352 366 2402 illnd
381 2367 386 2401 :
403 2357 427 2402 et
445 2353 490 2402 hec
503 2352 602 2414 pertinet
617 2352 646 2401 ad
659 2349 766 2401 virtutem
778 2355 831 2402 siu-

24 2423 159 2486 diesitatis,
172 2424 234 2474 unde
243 2427 385 2486 computatur
398 2422 458 2474 inter
472 2423 568 2474 virtutes
585 2423 691 2474 morales.

56 2499 95 2550 Ad
109 2495 201 2546 tertium
218 2495 352 2557 dicendum,
370 2495 429 2559 qued
444 2496 505 2546 sient
520 2495 669 2559 Philemphus
684 2493 740 2544 dicit
757 2493 782 2543 in
801 2495 829 2545 ll.

24 2569 117 2623 urhe.
130 2568 197 2631 (cap,
208 2566 251 2616 ull,
259 2567 279 2629 ),
291 2583 307 2614 n
315 2567 344 2616 ad
355 2567 399 2616 hec
409 2565 467 2629 qued
476 2567 591 2618 demoliet
605 2565 729 2626 virtuosus,
741 2569 832 2630 eportet

24 2644 91 2711 pnhd
105 2644 183 2690 seruet
199 2653 225 2690 se
239 2640 268 2689 ah
280 2639 317 2688 his
329 2639 358 2688 ad
373 2652 424 2701 que
443 2637 542 2688 maxime
563 2638 656 2688 inclinet
672 2641 761 2688 natura.
775 2655 789 2685 r>
804 2639 832 2690 dt

24 2720 82 2770 inde
91 2713 197 2776 estquod
204 2712 258 2774 quia
270 2714 349 2760 natura
358 2709 607 2774 praeeipneinelinatad
617 2710 744 2761 tirneedum
752 2711 831 2767 mertis

24 2785 145 2857 pericula,
155 2784 214 2834 etad
225 2783 356 2833 sectandum
366 2782 506 2832 delectabilia
518 2781 606 2844 carnis,
619 2782 670 2832 idee
680 2781 729 2832 laus
739 2782 832 2834 virtutis

24 2854 171 2913 tortitudinis
182 2852 295 2918 praecipue
309 2853 416 2904 mesistit.
425 2854 450 2904 in
460 2853 557 2918 medana
570 2853 677 2904 firmitate
691 2853 829 2919 persistendi

24 2932 112 2984 contra
128 2925 260 2990 hujusmodi
276 2924 395 2990 pericula,
411 2930 435 2977 et
454 2925 505 2978 laus
521 2925 611 2978 rutulis
632 2925 788 2992 temperantia
806 2925 834 2976 in
