<?xml version="1.0" encoding="UTF-8"?>
<!DOCTYPE html PUBLIC "-//W3C//DTD XHTML 1.0 Transitional//EN"
    "http://www.w3.org/TR/xhtml1/DTD/xhtml1-transitional.dtd">
<html xmlns="http://www.w3.org/1999/xhtml" xml:lang="en" lang="en">
 <head>
  <title>
</title>
<meta http-equiv="Content-Type" content="text/html;charset=utf-8" />
  <meta name='ocr-system' content='tesseract 3.04.00' />
  <meta name='ocr-capabilities' content='ocr_page ocr_carea ocr_par ocr_line ocrx_word'/>
</head>
<body>
  <div class='ocr_page' id='page_1' title='image "./summatheologica05nicogoog_0922.png"; bbox 0 0 1934 3284; ppageno 0'>
   <div class='ocr_carea' id='block_1_1' title="bbox 210 150 842 199">
    <p class='ocr_par' dir='ltr' id='par_1_1' title="bbox 210 150 842 199">
     <span class='ocr_line' id='line_1_1' title="bbox 210 150 842 199; baseline -0.002 -2"><span class='ocrx_word' id='word_1_1' title='bbox 210 158 241 196; x_wconf 83' lang='lat' dir='ltr'>ott</span> <span class='ocrx_word' id='word_1_2' title='bbox 256 158 323 198; x_wconf 76' lang='lat' dir='ltr'>nobo</span> <span class='ocrx_word' id='word_1_3' title='bbox 339 158 495 198; x_wconf 78' lang='lat' dir='ltr'>raoerinrtoar</span> <span class='ocrx_word' id='word_1_4' title='bbox 510 160 670 199; x_wconf 79' lang='lat' dir='ltr'>coumronrs.</span> <span class='ocrx_word' id='word_1_5' title='bbox 794 150 842 197; x_wconf 73' lang='lat'>923</span> 
     </span>
    </p>
   </div>
   <div class='ocr_carea' id='block_1_2' title="bbox 35 232 843 374">
    <p class='ocr_par' dir='ltr' id='par_1_2' title="bbox 35 232 843 374">
     <span class='ocr_line' id='line_1_2' title="bbox 35 232 843 302; baseline 0.002 -17"><span class='ocrx_word' id='word_1_6' title='bbox 35 234 84 285; x_wconf 89' lang='lat' dir='ltr'>Sed</span> <span class='ocrx_word' id='word_1_7' title='bbox 98 232 219 286; x_wconf 79' lang='lat' dir='ltr'><strong>abstractio</strong></span> <span class='ocrx_word' id='word_1_8' title='bbox 237 236 250 286; x_wconf 86' lang='lat' dir='ltr'>l</span> <span class='ocrx_word' id='word_1_9' title='bbox 269 237 371 287; x_wconf 84' lang='lat' dir='ltr'>sensibus</span> <span class='ocrx_word' id='word_1_10' title='bbox 385 238 520 301; x_wconf 87' lang='lat' dir='ltr'>quandoque</span> <span class='ocrx_word' id='word_1_11' title='bbox 539 238 565 287; x_wconf 91' lang='lat' dir='ltr'>lit</span> <span class='ocrx_word' id='word_1_12' title='bbox 582 236 696 302; x_wconf 76' lang='lat' dir='ltr'>perlecti,</span> <span class='ocrx_word' id='word_1_13' title='bbox 716 238 742 286; x_wconf 91' lang='lat' dir='ltr'>ut</span> <span class='ocrx_word' id='word_1_14' title='bbox 755 236 843 287; x_wconf 90' lang='lat' dir='ltr'>scilicet</span> 
     </span>
     <span class='ocr_line' id='line_1_3' title="bbox 35 305 843 374; baseline 0.007 -21"><span class='ocrx_word' id='word_1_15' title='bbox 35 305 98 354; x_wconf 87' lang='lat' dir='ltr'>nihil</span> <span class='ocrx_word' id='word_1_16' title='bbox 118 307 186 356; x_wconf 90' lang='lat' dir='ltr'>horno</span> <span class='ocrx_word' id='word_1_17' title='bbox 199 306 446 374; x_wconf 71' lang='lat' dir='ltr'>sensibus‘pereipint3</span> <span class='ocrx_word' id='word_1_18' title='bbox 464 310 600 373; x_wconf 85' lang='lat' dir='ltr'>quandoque</span> <span class='ocrx_word' id='word_1_19' title='bbox 615 314 690 359; x_wconf 88' lang='lat' dir='ltr'>autem</span> <span class='ocrx_word' id='word_1_20' title='bbox 701 307 843 372; x_wconf 80' lang='lat' dir='ltr'>imperfecte,</span> 
     </span>
    </p>
   </div>
   <div class='ocr_carea' id='block_1_3' title="bbox 34 376 853 2959">
    <p class='ocr_par' dir='ltr' id='par_1_3' title="bbox 34 376 847 1362">
     <span class='ocr_line' id='line_1_4' title="bbox 35 376 844 445; baseline 0.004 -20"><span class='ocrx_word' id='word_1_21' title='bbox 35 382 65 425; x_wconf 92' lang='lat' dir='ltr'>ut</span> <span class='ocrx_word' id='word_1_22' title='bbox 77 376 165 427; x_wconf 86' lang='lat' dir='ltr'>scilicet</span> <span class='ocrx_word' id='word_1_23' title='bbox 175 377 259 441; x_wconf 87' lang='lat' dir='ltr'>aliquid</span> <span class='ocrx_word' id='word_1_24' title='bbox 269 380 379 445; x_wconf 89' lang='lat' dir='ltr'>pereipiat</span> <span class='ocrx_word' id='word_1_25' title='bbox 393 382 515 442; x_wconf 78' lang='lat' dir='ltr'>sensibus,</span> <span class='ocrx_word' id='word_1_26' title='bbox 530 395 576 431; x_wconf 92' lang='lat' dir='ltr'>non</span> <span class='ocrx_word' id='word_1_27' title='bbox 590 384 665 431; x_wconf 71' lang='lat' dir='ltr'>umen</span> <span class='ocrx_word' id='word_1_28' title='bbox 679 379 747 445; x_wconf 78' lang='lat' dir='ltr'>plene</span> <span class='ocrx_word' id='word_1_29' title='bbox 761 380 844 430; x_wconf 87' lang='lat' dir='ltr'>discer-</span> 
     </span>
     <span class='ocr_line' id='line_1_5' title="bbox 34 450 844 517; baseline 0.001 -19"><span class='ocrx_word' id='word_1_30' title='bbox 34 452 81 498; x_wconf 87' lang='lat' dir='ltr'>nat</span> <span class='ocrx_word' id='word_1_31' title='bbox 95 460 123 499; x_wconf 89' lang='lat' dir='ltr'>ea</span> <span class='ocrx_word' id='word_1_32' title='bbox 136 464 186 513; x_wconf 78' lang='lat' dir='ltr'>pua</span> <span class='ocrx_word' id='word_1_33' title='bbox 203 451 303 503; x_wconf 80' lang='lat' dir='ltr'>exterids</span> <span class='ocrx_word' id='word_1_34' title='bbox 315 452 411 517; x_wconf 77' lang='lat' dir='ltr'>percipit</span> <span class='ocrx_word' id='word_1_35' title='bbox 425 453 453 502; x_wconf 87' lang='lat' dir='ltr'>ab</span> <span class='ocrx_word' id='word_1_36' title='bbox 473 452 511 503; x_wconf 90' lang='lat' dir='ltr'>his</span> <span class='ocrx_word' id='word_1_37' title='bbox 524 466 574 516; x_wconf 82' lang='lat' dir='ltr'>que</span> <span class='ocrx_word' id='word_1_38' title='bbox 588 452 760 515; x_wconf 74' lang='lat' dir='ltr'>imaginabiliter</span> <span class='ocrx_word' id='word_1_39' title='bbox 772 450 844 501; x_wconf 79' lang='lat' dir='ltr'>uidet.</span> 
     </span>
     <span class='ocr_line' id='line_1_6' title="bbox 35 521 842 589; baseline 0.004 -20"><span class='ocrx_word' id='word_1_40' title='bbox 35 521 108 570; x_wconf 88' lang='lat' dir='ltr'>Unde</span> <span class='ocrx_word' id='word_1_41' title='bbox 130 524 269 585; x_wconf 74' lang='lat' dir='ltr'>Augustinus</span> <span class='ocrx_word' id='word_1_42' title='bbox 286 524 354 585; x_wconf 83' lang='lat' dir='ltr'>dicit,</span> <span class='ocrx_word' id='word_1_43' title='bbox 365 526 412 575; x_wconf 91' lang='lat' dir='ltr'>llll.</span> <span class='ocrx_word' id='word_1_44' title='bbox 430 526 586 589; x_wconf 72' lang='lat' dir='ltr'>superdea.</span> <span class='ocrx_word' id='word_1_45' title='bbox 602 525 637 574; x_wconf 89' lang='lat' dir='ltr'>od</span> <span class='ocrx_word' id='word_1_46' title='bbox 650 523 692 573; x_wconf 84' lang='lat' dir='ltr'>tit.</span> <span class='ocrx_word' id='word_1_47' title='bbox 706 524 777 588; x_wconf 75' lang='lat' dir='ltr'>(cap.</span> <span class='ocrx_word' id='word_1_48' title='bbox 793 523 842 586; x_wconf 65' lang='lat' dir='ltr'>bl:</span> 
     </span>
     <span class='ocr_line' id='line_1_7' title="bbox 38 594 845 662; baseline 0.005 -20"><span class='ocrx_word' id='word_1_49' title='bbox 38 612 54 643; x_wconf 83' lang='lat' dir='ltr'>u</span> <span class='ocrx_word' id='word_1_50' title='bbox 64 594 105 642; x_wconf 85' lang='lat' dir='ltr'>Sic</span> <span class='ocrx_word' id='word_1_51' title='bbox 116 594 224 645; x_wconf 85' lang='lat' dir='ltr'>ridentur</span> <span class='ocrx_word' id='word_1_52' title='bbox 235 610 284 659; x_wconf 87' lang='lat' dir='ltr'>quae</span> <span class='ocrx_word' id='word_1_53' title='bbox 296 597 319 645; x_wconf 94' lang='lat' dir='ltr'>in</span> <span class='ocrx_word' id='word_1_54' title='bbox 328 596 409 662; x_wconf 86' lang='lat' dir='ltr'>spiritu</span> <span class='ocrx_word' id='word_1_55' title='bbox 419 602 471 647; x_wconf 88' lang='lat' dir='ltr'>sunt</span> <span class='ocrx_word' id='word_1_56' title='bbox 480 597 592 659; x_wconf 79' lang='lat' dir='ltr'>imagines</span> <span class='ocrx_word' id='word_1_57' title='bbox 600 610 717 661; x_wconf 90' lang='lat' dir='ltr'>corpomm</span> <span class='ocrx_word' id='word_1_58' title='bbox 725 631 731 656; x_wconf 88' lang='lat'>‚</span> <span class='ocrx_word' id='word_1_59' title='bbox 740 597 845 660; x_wconf 86' lang='lat' dir='ltr'>quemad·</span> 
     </span>
     <span class='ocr_line' id='line_1_8' title="bbox 36 667 845 733; baseline 0.001 -17"><span class='ocrx_word' id='word_1_60' title='bbox 36 667 136 716; x_wconf 90' lang='lat' dir='ltr'>modum</span> <span class='ocrx_word' id='word_1_61' title='bbox 146 680 238 731; x_wconf 86' lang='lat' dir='ltr'>corpora</span> <span class='ocrx_word' id='word_1_62' title='bbox 252 668 301 732; x_wconf 89' lang='lat' dir='ltr'>ipsa</span> <span class='ocrx_word' id='word_1_63' title='bbox 310 681 457 733; x_wconf 86' lang='lat' dir='ltr'>percorpus,</span> <span class='ocrx_word' id='word_1_64' title='bbox 468 668 501 719; x_wconf 88' lang='lat' dir='ltr'>ita</span> <span class='ocrx_word' id='word_1_65' title='bbox 515 673 541 717; x_wconf 93' lang='lat' dir='ltr'>ut</span> <span class='ocrx_word' id='word_1_66' title='bbox 555 668 622 719; x_wconf 90' lang='lat' dir='ltr'>simol</span> <span class='ocrx_word' id='word_1_67' title='bbox 634 671 737 718; x_wconf 87' lang='lat' dir='ltr'>cernatur</span> <span class='ocrx_word' id='word_1_68' title='bbox 745 672 768 718; x_wconf 92' lang='lat' dir='ltr'>et</span> <span class='ocrx_word' id='word_1_69' title='bbox 778 668 845 717; x_wconf 90' lang='lat' dir='ltr'>horno</span> 
     </span>
     <span class='ocr_line' id='line_1_9' title="bbox 36 738 844 804; baseline -0.004 -16"><span class='ocrx_word' id='word_1_70' title='bbox 36 738 126 801; x_wconf 86' lang='lat' dir='ltr'>aliquis</span> <span class='ocrx_word' id='word_1_71' title='bbox 136 750 237 801; x_wconf 78' lang='lat' dir='ltr'>presens</span> <span class='ocrx_word' id='word_1_72' title='bbox 246 740 326 802; x_wconf 87' lang='lat' dir='ltr'>oculis,</span> <span class='ocrx_word' id='word_1_73' title='bbox 332 744 355 790; x_wconf 89' lang='lat' dir='ltr'>et</span> <span class='ocrx_word' id='word_1_74' title='bbox 362 742 445 791; x_wconf 88' lang='lat' dir='ltr'>absens</span> <span class='ocrx_word' id='word_1_75' title='bbox 455 740 513 790; x_wconf 79' lang='lat' dir='ltr'>alius</span> <span class='ocrx_word' id='word_1_76' title='bbox 522 740 613 804; x_wconf 87' lang='lat' dir='ltr'>spiritu,</span> <span class='ocrx_word' id='word_1_77' title='bbox 622 742 729 802; x_wconf 81' lang='lat' dir='ltr'>tanquam</span> <span class='ocrx_word' id='word_1_78' title='bbox 739 738 844 788; x_wconf 73' lang='lat' dir='ltr'>oculis.»</span> 
     </span>
     <span class='ocr_line' id='line_1_10' title="bbox 37 810 845 875; baseline 0 -16"><span class='ocrx_word' id='word_1_79' title='bbox 37 810 106 859; x_wconf 88' lang='lat' dir='ltr'>Talis</span> <span class='ocrx_word' id='word_1_80' title='bbox 117 814 190 860; x_wconf 89' lang='lat' dir='ltr'>tamen</span> <span class='ocrx_word' id='word_1_81' title='bbox 204 810 310 861; x_wconf 80' lang='lat' dir='ltr'>alienatio</span> <span class='ocrx_word' id='word_1_82' title='bbox 325 812 454 863; x_wconf 83' lang='lat' dir='ltr'>iseusihus</span> <span class='ocrx_word' id='word_1_83' title='bbox 468 825 516 862; x_wconf 91' lang='lat' dir='ltr'>nou</span> <span class='ocrx_word' id='word_1_84' title='bbox 530 814 555 861; x_wconf 88' lang='lat' dir='ltr'>tit</span> <span class='ocrx_word' id='word_1_85' title='bbox 570 812 594 861; x_wconf 90' lang='lat' dir='ltr'>in</span> <span class='ocrx_word' id='word_1_86' title='bbox 607 811 724 875; x_wconf 90' lang='lat' dir='ltr'>prophetis</span> <span class='ocrx_word' id='word_1_87' title='bbox 737 824 787 859; x_wconf 89' lang='lat' dir='ltr'>cum</span> <span class='ocrx_word' id='word_1_88' title='bbox 801 810 845 859; x_wconf 88' lang='lat' dir='ltr'>ali-</span> 
     </span>
     <span class='ocr_line' id='line_1_11' title="bbox 37 881 844 947; baseline 0.004 -18"><span class='ocrx_word' id='word_1_89' title='bbox 37 894 89 944; x_wconf 87' lang='lat' dir='ltr'>qua</span> <span class='ocrx_word' id='word_1_90' title='bbox 104 882 269 932; x_wconf 82' lang='lat' dir='ltr'>inordinatione</span> <span class='ocrx_word' id='word_1_91' title='bbox 283 888 382 947; x_wconf 83' lang='lat' dir='ltr'>naturae,</span> <span class='ocrx_word' id='word_1_92' title='bbox 397 884 456 934; x_wconf 92' lang='lat' dir='ltr'>sicut</span> <span class='ocrx_word' id='word_1_93' title='bbox 467 884 492 934; x_wconf 94' lang='lat' dir='ltr'>in</span> <span class='ocrx_word' id='word_1_94' title='bbox 507 881 631 947; x_wconf 84' lang='lat' dir='ltr'>arreptitiis</span> <span class='ocrx_word' id='word_1_95' title='bbox 647 883 685 932; x_wconf 86' lang='lat' dir='ltr'>uel</span> <span class='ocrx_word' id='word_1_96' title='bbox 698 882 723 931; x_wconf 92' lang='lat' dir='ltr'>in</span> <span class='ocrx_word' id='word_1_97' title='bbox 737 882 844 943; x_wconf 78' lang='lat' dir='ltr'>furiosis,</span> 
     </span>
     <span class='ocr_line' id='line_1_12' title="bbox 38 952 846 1018; baseline 0.001 -14"><span class='ocrx_word' id='word_1_98' title='bbox 38 954 86 1004; x_wconf 87' lang='lat' dir='ltr'>sed</span> <span class='ocrx_word' id='word_1_99' title='bbox 99 966 141 1017; x_wconf 87' lang='lat' dir='ltr'>per</span> <span class='ocrx_word' id='word_1_100' title='bbox 156 952 253 1017; x_wconf 84' lang='lat' dir='ltr'>aliquam</span> <span class='ocrx_word' id='word_1_101' title='bbox 265 968 355 1005; x_wconf 86' lang='lat' dir='ltr'>causam</span> <span class='ocrx_word' id='word_1_102' title='bbox 370 957 509 1018; x_wconf 86' lang='lat' dir='ltr'>ordinatam,</span> <span class='ocrx_word' id='word_1_103' title='bbox 526 956 562 1005; x_wconf 84' lang='lat' dir='ltr'>uel</span> <span class='ocrx_word' id='word_1_104' title='bbox 580 956 706 1004; x_wconf 86' lang='lat' dir='ltr'>naturalem</span> <span class='ocrx_word' id='word_1_105' title='bbox 718 955 793 1015; x_wconf 88' lang='lat' dir='ltr'>(sicut</span> <span class='ocrx_word' id='word_1_106' title='bbox 805 968 846 1018; x_wconf 87' lang='lat' dir='ltr'>per</span> 
     </span>
     <span class='ocr_line' id='line_1_13' title="bbox 39 1024 846 1093; baseline -0.002 -16"><span class='ocrx_word' id='word_1_107' title='bbox 39 1024 175 1088; x_wconf 86' lang='lat' dir='ltr'>somnum),</span> <span class='ocrx_word' id='word_1_108' title='bbox 182 1025 219 1075; x_wconf 85' lang='lat' dir='ltr'>uel</span> <span class='ocrx_word' id='word_1_109' title='bbox 229 1027 368 1091; x_wconf 87' lang='lat' dir='ltr'>spiritualem</span> <span class='ocrx_word' id='word_1_110' title='bbox 382 1028 456 1093; x_wconf 89' lang='lat' dir='ltr'>(sicut</span> <span class='ocrx_word' id='word_1_111' title='bbox 466 1042 507 1092; x_wconf 91' lang='lat' dir='ltr'>per</span> <span class='ocrx_word' id='word_1_112' title='bbox 515 1026 712 1089; x_wconf 84' lang='lat' dir='ltr'>contemplationis</span> <span class='ocrx_word' id='word_1_113' title='bbox 723 1027 846 1077; x_wconf 88' lang='lat' dir='ltr'>uehemen-</span> 
     </span>
     <span class='ocr_line' id='line_1_14' title="bbox 39 1096 847 1163; baseline -0.001 -16"><span class='ocrx_word' id='word_1_114' title='bbox 39 1098 100 1147; x_wconf 85' lang='lat' dir='ltr'>tiam</span> <span class='ocrx_word' id='word_1_115' title='bbox 109 1096 129 1159; x_wconf 89' lang='lat'>)‚</span> <span class='ocrx_word' id='word_1_116' title='bbox 141 1097 199 1146; x_wconf 89' lang='lat' dir='ltr'>sieut</span> <span class='ocrx_word' id='word_1_117' title='bbox 212 1098 239 1147; x_wconf 92' lang='lat' dir='ltr'>de</span> <span class='ocrx_word' id='word_1_118' title='bbox 253 1100 320 1148; x_wconf 84' lang='lat' dir='ltr'>Petro</span> <span class='ocrx_word' id='word_1_119' title='bbox 337 1099 433 1162; x_wconf 87' lang='lat' dir='ltr'>legitur,</span> <span class='ocrx_word' id='word_1_120' title='bbox 447 1102 513 1155; x_wconf 75' lang='lat' dir='ltr'>Act,</span> <span class='ocrx_word' id='word_1_121' title='bbox 526 1098 630 1163; x_wconf 87' lang='lat' dir='ltr'>ll‚qudd</span> <span class='ocrx_word' id='word_1_122' title='bbox 645 1115 659 1146; x_wconf 85' lang='lat' dir='ltr'>u</span> <span class='ocrx_word' id='word_1_123' title='bbox 672 1098 723 1147; x_wconf 84' lang='lat' dir='ltr'>cum</span> <span class='ocrx_word' id='word_1_124' title='bbox 737 1102 811 1148; x_wconf 88' lang='lat' dir='ltr'>oraret</span> <span class='ocrx_word' id='word_1_125' title='bbox 822 1098 847 1146; x_wconf 94' lang='lat' dir='ltr'>iu</span> 
     </span>
     <span class='ocr_line' id='line_1_15' title="bbox 39 1167 847 1234; baseline 0.001 -16"><span class='ocrx_word' id='word_1_126' title='bbox 39 1168 175 1231; x_wconf 79' lang='lat' dir='ltr'>coenaculo,</span> <span class='ocrx_word' id='word_1_127' title='bbox 190 1167 263 1219; x_wconf 85' lang='lat' dir='ltr'>iactus</span> <span class='ocrx_word' id='word_1_128' title='bbox 281 1174 315 1220; x_wconf 89' lang='lat' dir='ltr'>est</span> <span class='ocrx_word' id='word_1_129' title='bbox 333 1170 358 1219; x_wconf 92' lang='lat' dir='ltr'>in</span> <span class='ocrx_word' id='word_1_130' title='bbox 372 1182 466 1221; x_wconf 88' lang='lat' dir='ltr'>excessu</span> <span class='ocrx_word' id='word_1_131' title='bbox 478 1171 577 1234; x_wconf 83' lang='lat' dir='ltr'>mentis3</span> <span class='ocrx_word' id='word_1_132' title='bbox 593 1186 606 1217; x_wconf 84' lang='lat' dir='ltr'>n</span> <span class='ocrx_word' id='word_1_133' title='bbox 621 1171 658 1219; x_wconf 86' lang='lat' dir='ltr'>uel</span> <span class='ocrx_word' id='word_1_134' title='bbox 672 1168 754 1219; x_wconf 87' lang='lat' dir='ltr'>virtute</span> <span class='ocrx_word' id='word_1_135' title='bbox 770 1169 847 1220; x_wconf 78' lang='lat' dir='ltr'>diuini</span> 
     </span>
     <span class='ocr_line' id='line_1_16' title="bbox 39 1239 847 1307; baseline 0.005 -18"><span class='ocrx_word' id='word_1_136' title='bbox 39 1239 161 1303; x_wconf 83' lang='lat' dir='ltr'>rapiente,</span> <span class='ocrx_word' id='word_1_137' title='bbox 184 1240 308 1291; x_wconf 76' lang='lat' dir='ltr'>secundnm</span> <span class='ocrx_word' id='word_1_138' title='bbox 321 1242 376 1291; x_wconf 91' lang='lat' dir='ltr'>illud</span> <span class='ocrx_word' id='word_1_139' title='bbox 389 1244 490 1300; x_wconf 71' lang='lat' dir='ltr'>lineola..</span> <span class='ocrx_word' id='word_1_140' title='bbox 503 1245 512 1293; x_wconf 97' lang='lat' dir='ltr'>l</span> <span class='ocrx_word' id='word_1_141' title='bbox 528 1260 535 1293; x_wconf 73' lang='grc' dir='ltr'><strong><em>ε</em></strong></span> <span class='ocrx_word' id='word_1_142' title='bbox 553 1262 563 1289; x_wconf 76' lang='lat' dir='ltr'>r</span> <span class='ocrx_word' id='word_1_143' title='bbox 582 1243 651 1293; x_wconf 87' lang='lat' dir='ltr'>Facta</span> <span class='ocrx_word' id='word_1_144' title='bbox 664 1246 700 1292; x_wconf 86' lang='lat' dir='ltr'>est</span> <span class='ocrx_word' id='word_1_145' title='bbox 713 1255 781 1307; x_wconf 90' lang='lat' dir='ltr'>super</span> <span class='ocrx_word' id='word_1_146' title='bbox 794 1256 847 1293; x_wconf 89' lang='lat' dir='ltr'>eum</span> 
     </span>
     <span class='ocr_line' id='line_1_17' title="bbox 39 1311 261 1362; baseline -0.009 -1"><span class='ocrx_word' id='word_1_147' title='bbox 39 1324 127 1361; x_wconf 87' lang='lat' dir='ltr'>manus</span> <span class='ocrx_word' id='word_1_148' title='bbox 141 1311 238 1362; x_wconf 86' lang='lat' dir='ltr'>Domini.</span> <span class='ocrx_word' id='word_1_149' title='bbox 247 1329 261 1360; x_wconf 86' lang='lat' dir='ltr'>n</span> 
     </span>
    </p>

    <p class='ocr_par' dir='ltr' id='par_1_4' title="bbox 39 1383 848 1666">
     <span class='ocr_line' id='line_1_18' title="bbox 76 1383 847 1452; baseline 0.006 -20"><span class='ocrx_word' id='word_1_150' title='bbox 76 1384 111 1433; x_wconf 80' lang='lat' dir='ltr'>Ad</span> <span class='ocrx_word' id='word_1_151' title='bbox 126 1383 223 1447; x_wconf 89' lang='lat' dir='ltr'>primum</span> <span class='ocrx_word' id='word_1_152' title='bbox 235 1399 289 1449; x_wconf 90' lang='lat' dir='ltr'>ergo</span> <span class='ocrx_word' id='word_1_153' title='bbox 303 1385 437 1449; x_wconf 82' lang='lat' dir='ltr'>dicendum,</span> <span class='ocrx_word' id='word_1_154' title='bbox 449 1386 509 1452; x_wconf 86' lang='lat' dir='ltr'>quhd</span> <span class='ocrx_word' id='word_1_155' title='bbox 523 1386 647 1437; x_wconf 88' lang='lat' dir='ltr'>auctoritas</span> <span class='ocrx_word' id='word_1_156' title='bbox 658 1386 696 1436; x_wconf 90' lang='lat' dir='ltr'>illa</span> <span class='ocrx_word' id='word_1_157' title='bbox 707 1386 806 1450; x_wconf 90' lang='lat' dir='ltr'>loquitm</span> <span class='ocrx_word' id='word_1_158' title='bbox 819 1388 847 1437; x_wconf 92' lang='lat' dir='ltr'>de</span> 
     </span>
     <span class='ocr_line' id='line_1_19' title="bbox 39 1455 848 1523; baseline 0.004 -17"><span class='ocrx_word' id='word_1_159' title='bbox 39 1455 166 1521; x_wconf 84' lang='lat' dir='ltr'>prophetis</span> <span class='ocrx_word' id='word_1_160' title='bbox 181 1458 263 1520; x_wconf 85' lang='lat' dir='ltr'>quibus</span> <span class='ocrx_word' id='word_1_161' title='bbox 281 1458 469 1523; x_wconf 88' lang='lat' dir='ltr'>imprimebantur</span> <span class='ocrx_word' id='word_1_162' title='bbox 481 1459 519 1509; x_wconf 90' lang='lat' dir='ltr'>vel</span> <span class='ocrx_word' id='word_1_163' title='bbox 536 1458 698 1509; x_wconf 82' lang='lat' dir='ltr'>ordinabantur</span> <span class='ocrx_word' id='word_1_164' title='bbox 709 1458 848 1522; x_wconf 75' lang='lat' dir='ltr'>imaginarie</span> 
     </span>
     <span class='ocr_line' id='line_1_20' title="bbox 40 1528 847 1594; baseline 0.001 -17"><span class='ocrx_word' id='word_1_165' title='bbox 40 1530 140 1590; x_wconf 78' lang='lat' dir='ltr'>formae,</span> <span class='ocrx_word' id='word_1_166' title='bbox 153 1528 190 1578; x_wconf 86' lang='lat' dir='ltr'>vel</span> <span class='ocrx_word' id='word_1_167' title='bbox 207 1529 230 1578; x_wconf 94' lang='lat' dir='ltr'>in</span> <span class='ocrx_word' id='word_1_168' title='bbox 246 1530 391 1593; x_wconf 89' lang='lat' dir='ltr'>dormiendo,</span> <span class='ocrx_word' id='word_1_169' title='bbox 413 1530 473 1594; x_wconf 84' lang='lat' dir='ltr'>quod</span> <span class='ocrx_word' id='word_1_170' title='bbox 486 1530 626 1593; x_wconf 86' lang='lat' dir='ltr'>significatur</span> <span class='ocrx_word' id='word_1_171' title='bbox 645 1543 687 1593; x_wconf 92' lang='lat' dir='ltr'>per</span> <span class='ocrx_word' id='word_1_172' title='bbox 702 1532 847 1592; x_wconf 85' lang='lat' dir='ltr'>somnium;</span> 
     </span>
     <span class='ocr_line' id='line_1_21' title="bbox 40 1598 698 1666; baseline 0.003 -17"><span class='ocrx_word' id='word_1_173' title='bbox 40 1600 82 1650; x_wconf 84' lang='lat' dir='ltr'>vel</span> <span class='ocrx_word' id='word_1_174' title='bbox 101 1598 270 1666; x_wconf 77' lang='lat' dir='ltr'>invigilando,</span> <span class='ocrx_word' id='word_1_175' title='bbox 289 1604 348 1666; x_wconf 85' lang='lat' dir='ltr'>quod</span> <span class='ocrx_word' id='word_1_176' title='bbox 364 1602 505 1666; x_wconf 83' lang='lat' dir='ltr'>significatur</span> <span class='ocrx_word' id='word_1_177' title='bbox 518 1616 559 1666; x_wconf 91' lang='lat' dir='ltr'>per</span> <span class='ocrx_word' id='word_1_178' title='bbox 569 1604 698 1651; x_wconf 80' lang='lat' dir='ltr'>visionem.</span> 
     </span>
    </p>

    <p class='ocr_par' dir='ltr' id='par_1_5' title="bbox 38 1671 849 2024">
     <span class='ocr_line' id='line_1_22' title="bbox 76 1671 848 1738; baseline 0.003 -17"><span class='ocrx_word' id='word_1_179' title='bbox 76 1671 113 1721; x_wconf 80' lang='lat' dir='ltr'>sd</span> <span class='ocrx_word' id='word_1_180' title='bbox 127 1674 252 1723; x_wconf 88' lang='lat' dir='ltr'>secundum</span> <span class='ocrx_word' id='word_1_181' title='bbox 267 1675 398 1737; x_wconf 85' lang='lat' dir='ltr'>dicendum,</span> <span class='ocrx_word' id='word_1_182' title='bbox 410 1674 470 1737; x_wconf 87' lang='lat' dir='ltr'>qudd</span> <span class='ocrx_word' id='word_1_183' title='bbox 490 1676 582 1738; x_wconf 84' lang='lat' dir='ltr'>qnando</span> <span class='ocrx_word' id='word_1_184' title='bbox 601 1688 666 1724; x_wconf 90' lang='lat' dir='ltr'>mens</span> <span class='ocrx_word' id='word_1_185' title='bbox 682 1674 808 1725; x_wconf 86' lang='lat' dir='ltr'>intenditur</span> <span class='ocrx_word' id='word_1_186' title='bbox 823 1673 848 1723; x_wconf 92' lang='lat' dir='ltr'>in</span> 
     </span>
     <span class='ocr_line' id='line_1_23' title="bbox 41 1746 849 1809; baseline -0.004 -11"><span class='ocrx_word' id='word_1_187' title='bbox 41 1758 88 1798; x_wconf 88' lang='lat' dir='ltr'>suo</span> <span class='ocrx_word' id='word_1_188' title='bbox 108 1747 160 1793; x_wconf 88' lang='lat' dir='ltr'>actu</span> <span class='ocrx_word' id='word_1_189' title='bbox 182 1747 241 1795; x_wconf 91' lang='lat' dir='ltr'>circa</span> <span class='ocrx_word' id='word_1_190' title='bbox 260 1746 438 1809; x_wconf 60' lang='lat' dir='ltr'>absentiaque</span> <span class='ocrx_word' id='word_1_191' title='bbox 461 1751 515 1796; x_wconf 93' lang='lat' dir='ltr'>sunt</span> <span class='ocrx_word' id='word_1_192' title='bbox 529 1746 542 1796; x_wconf 79' lang='lat' dir='ltr'>i</span> <span class='ocrx_word' id='word_1_193' title='bbox 556 1746 659 1797; x_wconf 84' lang='lat' dir='ltr'>sensibus</span> <span class='ocrx_word' id='word_1_194' title='bbox 676 1752 776 1808; x_wconf 86' lang='lat' dir='ltr'>remota,</span> <span class='ocrx_word' id='word_1_195' title='bbox 794 1752 849 1796; x_wconf 90' lang='lat' dir='ltr'>tuuc</span> 
     </span>
     <span class='ocr_line' id='line_1_24' title="bbox 40 1816 847 1881; baseline 0 -16"><span class='ocrx_word' id='word_1_196' title='bbox 40 1820 142 1881; x_wconf 85' lang='lat' dir='ltr'>propter</span> <span class='ocrx_word' id='word_1_197' title='bbox 157 1816 325 1867; x_wconf 78' lang='lat' dir='ltr'>vehementiam</span> <span class='ocrx_word' id='word_1_198' title='bbox 339 1816 472 1867; x_wconf 88' lang='lat' dir='ltr'>intentionis</span> <span class='ocrx_word' id='word_1_199' title='bbox 485 1817 588 1880; x_wconf 82' lang='lat' dir='ltr'>seqnitur</span> <span class='ocrx_word' id='word_1_200' title='bbox 596 1816 702 1866; x_wconf 89' lang='lat' dir='ltr'>alienatio</span> <span class='ocrx_word' id='word_1_201' title='bbox 712 1816 724 1864; x_wconf 82' lang='lat' dir='ltr'>&#39;a</span> <span class='ocrx_word' id='word_1_202' title='bbox 735 1817 847 1866; x_wconf 87' lang='lat' dir='ltr'>sensibus.</span> 
     </span>
     <span class='ocr_line' id='line_1_25' title="bbox 40 1886 849 1951; baseline -0.005 -12"><span class='ocrx_word' id='word_1_203' title='bbox 40 1888 90 1939; x_wconf 89' lang='lat' dir='ltr'>Sed</span> <span class='ocrx_word' id='word_1_204' title='bbox 104 1888 193 1950; x_wconf 85' lang='lat' dir='ltr'>quando</span> <span class='ocrx_word' id='word_1_205' title='bbox 204 1902 268 1938; x_wconf 91' lang='lat' dir='ltr'>mens</span> <span class='ocrx_word' id='word_1_206' title='bbox 277 1888 402 1939; x_wconf 89' lang='lat' dir='ltr'>intenditur</span> <span class='ocrx_word' id='word_1_207' title='bbox 412 1889 436 1937; x_wconf 92' lang='lat' dir='ltr'>in</span> <span class='ocrx_word' id='word_1_208' title='bbox 447 1902 488 1938; x_wconf 88' lang='lat' dir='ltr'>suo</span> <span class='ocrx_word' id='word_1_209' title='bbox 498 1893 550 1937; x_wconf 86' lang='lat' dir='ltr'>actu</span> <span class='ocrx_word' id='word_1_210' title='bbox 562 1887 623 1936; x_wconf 88' lang='lat' dir='ltr'>eirca</span> <span class='ocrx_word' id='word_1_211' title='bbox 631 1886 803 1951; x_wconf 88' lang='lat' dir='ltr'>dispositionem</span> <span class='ocrx_word' id='word_1_212' title='bbox 813 1888 849 1938; x_wconf 88' lang='lat' dir='ltr'>uel</span> 
     </span>
     <span class='ocr_line' id='line_1_26' title="bbox 38 1958 846 2024; baseline -0.001 -16"><span class='ocrx_word' id='word_1_213' title='bbox 38 1958 158 2023; x_wconf 84' lang='lat' dir='ltr'>judicium</span> <span class='ocrx_word' id='word_1_214' title='bbox 171 1959 319 2023; x_wconf 89' lang='lat' dir='ltr'>sensibilium,</span> <span class='ocrx_word' id='word_1_215' title='bbox 328 1972 376 2010; x_wconf 90' lang='lat' dir='ltr'>non</span> <span class='ocrx_word' id='word_1_216' title='bbox 387 1962 475 2024; x_wconf 90' lang='lat' dir='ltr'>oportet</span> <span class='ocrx_word' id='word_1_217' title='bbox 486 1959 546 2023; x_wconf 82' lang='lat' dir='ltr'>qnod</span> <span class='ocrx_word' id='word_1_218' title='bbox 559 1958 572 2008; x_wconf 86' lang='lat' dir='ltr'>l</span> <span class='ocrx_word' id='word_1_219' title='bbox 583 1959 687 2009; x_wconf 89' lang='lat' dir='ltr'>sensibus</span> <span class='ocrx_word' id='word_1_220' title='bbox 696 1960 846 2008; x_wconf 89' lang='lat' dir='ltr'>abstrahatur.</span> 
     </span>
    </p>

    <p class='ocr_par' dir='ltr' id='par_1_6' title="bbox 41 2029 850 2454">
     <span class='ocr_line' id='line_1_27' title="bbox 77 2029 848 2096; baseline -0.005 -13"><span class='ocrx_word' id='word_1_221' title='bbox 77 2033 114 2083; x_wconf 81' lang='lat' dir='ltr'>Ad</span> <span class='ocrx_word' id='word_1_222' title='bbox 131 2032 223 2082; x_wconf 83' lang='lat' dir='ltr'>tertium</span> <span class='ocrx_word' id='word_1_223' title='bbox 237 2032 372 2096; x_wconf 86' lang='lat' dir='ltr'>dicendum,</span> <span class='ocrx_word' id='word_1_224' title='bbox 390 2032 449 2096; x_wconf 85' lang='lat' dir='ltr'>quid</span> <span class='ocrx_word' id='word_1_225' title='bbox 469 2036 545 2081; x_wconf 91' lang='lat' dir='ltr'>motus</span> <span class='ocrx_word' id='word_1_226' title='bbox 557 2031 641 2081; x_wconf 89' lang='lat' dir='ltr'>mentis</span> <span class='ocrx_word' id='word_1_227' title='bbox 651 2029 790 2094; x_wconf 80' lang='lat' dir='ltr'>prophetice</span> <span class='ocrx_word' id='word_1_228' title='bbox 803 2042 848 2079; x_wconf 92' lang='lat' dir='ltr'>non</span> 
     </span>
     <span class='ocr_line' id='line_1_28' title="bbox 41 2101 848 2167; baseline -0.005 -12"><span class='ocrx_word' id='word_1_229' title='bbox 41 2108 81 2155; x_wconf 89' lang='lat' dir='ltr'>est</span> <span class='ocrx_word' id='word_1_230' title='bbox 96 2103 222 2153; x_wconf 85' lang='lat' dir='ltr'>seonudirm</span> <span class='ocrx_word' id='word_1_231' title='bbox 232 2105 338 2155; x_wconf 75' lang='lat' dir='ltr'>simulem</span> <span class='ocrx_word' id='word_1_232' title='bbox 352 2104 480 2167; x_wconf 83' lang='lat' dir='ltr'>propriam,</span> <span class='ocrx_word' id='word_1_233' title='bbox 493 2104 534 2153; x_wconf 91' lang='lat' dir='ltr'>sed</span> <span class='ocrx_word' id='word_1_234' title='bbox 549 2101 673 2153; x_wconf 89' lang='lat' dir='ltr'>secuudirm</span> <span class='ocrx_word' id='word_1_235' title='bbox 687 2101 794 2151; x_wconf 82' lang='lat' dir='ltr'>uirtutem</span> <span class='ocrx_word' id='word_1_236' title='bbox 808 2115 848 2151; x_wconf 91' lang='lat' dir='ltr'>su-</span> 
     </span>
     <span class='ocr_line' id='line_1_29' title="bbox 41 2167 850 2240; baseline -0.006 -13"><span class='ocrx_word' id='word_1_237' title='bbox 41 2174 146 2240; x_wconf 88' lang='lat' dir='ltr'>perioris</span> <span class='ocrx_word' id='word_1_238' title='bbox 164 2175 271 2227; x_wconf 83' lang='lat' dir='ltr'>inlluxds.</span> <span class='ocrx_word' id='word_1_239' title='bbox 287 2178 315 2226; x_wconf 79' lang='lat' dir='ltr'>lit</span> <span class='ocrx_word' id='word_1_240' title='bbox 333 2176 385 2226; x_wconf 90' lang='lat' dir='ltr'>ideo</span> <span class='ocrx_word' id='word_1_241' title='bbox 402 2176 493 2239; x_wconf 84' lang='lat' dir='ltr'>quando</span> <span class='ocrx_word' id='word_1_242' title='bbox 511 2187 540 2224; x_wconf 83' lang='lat' dir='ltr'>ex</span> <span class='ocrx_word' id='word_1_243' title='bbox 554 2167 768 2237; x_wconf 73' lang='lat' dir='ltr'>superiori⁸inllu1u</span> <span class='ocrx_word' id='word_1_244' title='bbox 785 2185 850 2222; x_wconf 88' lang='lat' dir='ltr'>mens</span> 
     </span>
     <span class='ocr_line' id='line_1_30' title="bbox 41 2243 850 2312; baseline -0.005 -16"><span class='ocrx_word' id='word_1_245' title='bbox 41 2247 165 2312; x_wconf 86' lang='lat' dir='ltr'>prophetae</span> <span class='ocrx_word' id='word_1_246' title='bbox 181 2247 301 2297; x_wconf 85' lang='lat' dir='ltr'>inclinatur</span> <span class='ocrx_word' id='word_1_247' title='bbox 320 2248 507 2311; x_wconf 88' lang='lat' dir='ltr'>adjudicandum</span> <span class='ocrx_word' id='word_1_248' title='bbox 523 2244 565 2295; x_wconf 79' lang='lat' dir='ltr'>uel</span> <span class='ocrx_word' id='word_1_249' title='bbox 584 2244 749 2309; x_wconf 91' lang='lat' dir='ltr'>disponendum</span> <span class='ocrx_word' id='word_1_250' title='bbox 765 2243 850 2307; x_wconf 88' lang='lat' dir='ltr'>aliquid</span> 
     </span>
     <span class='ocr_line' id='line_1_31' title="bbox 42 2314 850 2381; baseline -0.007 -12"><span class='ocrx_word' id='word_1_251' title='bbox 42 2319 108 2369; x_wconf 86' lang='lat' dir='ltr'>circa</span> <span class='ocrx_word' id='word_1_252' title='bbox 131 2318 263 2381; x_wconf 88' lang='lat' dir='ltr'>sensibilia,</span> <span class='ocrx_word' id='word_1_253' title='bbox 285 2332 332 2369; x_wconf 92' lang='lat' dir='ltr'>non</span> <span class='ocrx_word' id='word_1_254' title='bbox 354 2318 379 2368; x_wconf 87' lang='lat' dir='ltr'>fit</span> <span class='ocrx_word' id='word_1_255' title='bbox 407 2318 514 2368; x_wconf 84' lang='lat' dir='ltr'>alienatio</span> <span class='ocrx_word' id='word_1_256' title='bbox 535 2316 549 2366; x_wconf 80' lang='lat' dir='ltr'>i</span> <span class='ocrx_word' id='word_1_257' title='bbox 567 2317 686 2379; x_wconf 81' lang='lat' dir='ltr'>sensibus3</span> <span class='ocrx_word' id='word_1_258' title='bbox 710 2316 750 2365; x_wconf 89' lang='lat' dir='ltr'>sed</span> <span class='ocrx_word' id='word_1_259' title='bbox 776 2314 850 2364; x_wconf 81' lang='lat' dir='ltr'>sollum</span> 
     </span>
     <span class='ocr_line' id='line_1_32' title="bbox 42 2386 818 2454; baseline -0.009 -15"><span class='ocrx_word' id='word_1_260' title='bbox 42 2390 140 2454; x_wconf 89' lang='lat' dir='ltr'>quando</span> <span class='ocrx_word' id='word_1_261' title='bbox 148 2390 251 2439; x_wconf 82' lang='lat' dir='ltr'>elevatur</span> <span class='ocrx_word' id='word_1_262' title='bbox 261 2404 325 2441; x_wconf 90' lang='lat' dir='ltr'>meus</span> <span class='ocrx_word' id='word_1_263' title='bbox 336 2390 363 2440; x_wconf 89' lang='lat' dir='ltr'>ad</span> <span class='ocrx_word' id='word_1_264' title='bbox 376 2388 577 2453; x_wconf 85' lang='lat' dir='ltr'>contemplandum</span> <span class='ocrx_word' id='word_1_265' title='bbox 591 2387 666 2451; x_wconf 84' lang='lat' dir='ltr'>aliqua</span> <span class='ocrx_word' id='word_1_266' title='bbox 677 2386 818 2437; x_wconf 86' lang='lat' dir='ltr'>sublimiora.</span> 
     </span>
    </p>

    <p class='ocr_par' dir='ltr' id='par_1_7' title="bbox 44 2457 853 2959">
     <span class='ocr_line' id='line_1_33' title="bbox 79 2457 852 2526; baseline -0.009 -14"><span class='ocrx_word' id='word_1_267' title='bbox 79 2460 114 2512; x_wconf 81' lang='lat' dir='ltr'>hd</span> <span class='ocrx_word' id='word_1_268' title='bbox 128 2464 233 2525; x_wconf 87' lang='lat' dir='ltr'>quartum</span> <span class='ocrx_word' id='word_1_269' title='bbox 249 2462 383 2526; x_wconf 87' lang='lat' dir='ltr'>dicendum,</span> <span class='ocrx_word' id='word_1_270' title='bbox 396 2462 455 2526; x_wconf 83' lang='lat' dir='ltr'>quod</span> <span class='ocrx_word' id='word_1_271' title='bbox 470 2461 564 2525; x_wconf 86' lang='lat' dir='ltr'>spiritns</span> <span class='ocrx_word' id='word_1_272' title='bbox 574 2457 852 2523; x_wconf 88' lang='lat' dir='ltr'>prophetammdiountm</span> 
     </span>
     <span class='ocr_line' id='line_1_34' title="bbox 44 2527 851 2599; baseline -0.006 -15"><span class='ocrx_word' id='word_1_273' title='bbox 44 2546 100 2584; x_wconf 89' lang='lat' dir='ltr'>esse</span> <span class='ocrx_word' id='word_1_274' title='bbox 113 2533 211 2597; x_wconf 84' lang='lat' dir='ltr'>subjecti</span> <span class='ocrx_word' id='word_1_275' title='bbox 224 2534 357 2598; x_wconf 79' lang='lat' dir='ltr'>prophetis,</span> <span class='ocrx_word' id='word_1_276' title='bbox 372 2538 482 2599; x_wconf 86' lang='lat' dir='ltr'>quantum</span> <span class='ocrx_word' id='word_1_277' title='bbox 495 2534 524 2582; x_wconf 88' lang='lat' dir='ltr'>ad</span> <span class='ocrx_word' id='word_1_278' title='bbox 541 2531 701 2597; x_wconf 89' lang='lat' dir='ltr'>propheticam</span> <span class='ocrx_word' id='word_1_279' title='bbox 709 2527 851 2580; x_wconf 89' lang='lat' dir='ltr'>enuntiatio-</span> 
     </span>
     <span class='ocr_line' id='line_1_35' title="bbox 44 2599 852 2671; baseline -0.007 -15"><span class='ocrx_word' id='word_1_280' title='bbox 44 2620 101 2656; x_wconf 91' lang='lat' dir='ltr'>nem</span> <span class='ocrx_word' id='word_1_281' title='bbox 116 2607 144 2655; x_wconf 91' lang='lat' dir='ltr'>de</span> <span class='ocrx_word' id='word_1_282' title='bbox 163 2620 207 2669; x_wconf 85' lang='lat' dir='ltr'>qua</span> <span class='ocrx_word' id='word_1_283' title='bbox 222 2606 254 2657; x_wconf 89' lang='lat' dir='ltr'>ibi</span> <span class='ocrx_word' id='word_1_284' title='bbox 267 2607 388 2671; x_wconf 78' lang='lat' dir='ltr'>Apostolus</span> <span class='ocrx_word' id='word_1_285' title='bbox 405 2606 519 2670; x_wconf 82' lang='lat' dir='ltr'>loquitur3</span> <span class='ocrx_word' id='word_1_286' title='bbox 532 2604 585 2669; x_wconf 85' lang='lat' dir='ltr'>quia</span> <span class='ocrx_word' id='word_1_287' title='bbox 605 2601 691 2652; x_wconf 90' lang='lat' dir='ltr'>scilicet</span> <span class='ocrx_word' id='word_1_288' title='bbox 710 2614 739 2651; x_wconf 84' lang='lat' dir='ltr'>ex</span> <span class='ocrx_word' id='word_1_289' title='bbox 760 2599 852 2664; x_wconf 87' lang='lat' dir='ltr'>proprio</span> 
     </span>
     <span class='ocr_line' id='line_1_36' title="bbox 45 2672 851 2741; baseline -0.007 -15"><span class='ocrx_word' id='word_1_290' title='bbox 45 2690 119 2727; x_wconf 86' lang='lat' dir='ltr'>sensu</span> <span class='ocrx_word' id='word_1_291' title='bbox 128 2678 252 2741; x_wconf 86' lang='lat' dir='ltr'>loquuntur</span> <span class='ocrx_word' id='word_1_292' title='bbox 261 2690 287 2728; x_wconf 89' lang='lat' dir='ltr'>ea</span> <span class='ocrx_word' id='word_1_293' title='bbox 297 2692 349 2741; x_wconf 83' lang='lat' dir='ltr'>quae</span> <span class='ocrx_word' id='word_1_294' title='bbox 359 2676 479 2739; x_wconf 80' lang='lat' dir='ltr'>uiderunt3</span> <span class='ocrx_word' id='word_1_295' title='bbox 489 2688 537 2725; x_wconf 89' lang='lat' dir='ltr'>nou</span> <span class='ocrx_word' id='word_1_296' title='bbox 545 2672 778 2737; x_wconf 67' lang='lat' dir='ltr'>montepessulana,</span> <span class='ocrx_word' id='word_1_297' title='bbox 790 2676 851 2723; x_wconf 80' lang='lat' dir='ltr'>sicut</span> 
     </span>
     <span class='ocr_line' id='line_1_37' title="bbox 46 2745 853 2812; baseline -0.005 -15"><span class='ocrx_word' id='word_1_298' title='bbox 46 2748 175 2812; x_wconf 80' lang='lat' dir='ltr'>arreptitii3</span> <span class='ocrx_word' id='word_1_299' title='bbox 188 2754 214 2798; x_wconf 92' lang='lat' dir='ltr'>ut</span> <span class='ocrx_word' id='word_1_300' title='bbox 228 2750 332 2800; x_wconf 86' lang='lat' dir='ltr'>dixerunt</span> <span class='ocrx_word' id='word_1_301' title='bbox 343 2748 445 2799; x_wconf 80' lang='lat' dir='ltr'>Priscilla</span> <span class='ocrx_word' id='word_1_302' title='bbox 458 2752 481 2797; x_wconf 86' lang='lat' dir='ltr'>et</span> <span class='ocrx_word' id='word_1_303' title='bbox 495 2748 623 2797; x_wconf 69' lang='lat' dir='ltr'>Monhnus.</span> <span class='ocrx_word' id='word_1_304' title='bbox 637 2746 684 2795; x_wconf 89' lang='lat' dir='ltr'>Sed</span> <span class='ocrx_word' id='word_1_305' title='bbox 697 2745 722 2794; x_wconf 91' lang='lat' dir='ltr'>in</span> <span class='ocrx_word' id='word_1_306' title='bbox 734 2745 782 2810; x_wconf 89' lang='lat' dir='ltr'>ipsa</span> <span class='ocrx_word' id='word_1_307' title='bbox 794 2755 853 2807; x_wconf 94' lang='lat' dir='ltr'>pro-</span> 
     </span>
     <span class='ocr_line' id='line_1_38' title="bbox 46 2814 852 2887; baseline -0.005 -19"><span class='ocrx_word' id='word_1_308' title='bbox 46 2820 143 2883; x_wconf 85' lang='lat' dir='ltr'>phetica</span> <span class='ocrx_word' id='word_1_309' title='bbox 156 2822 294 2872; x_wconf 80' lang='lat' dir='ltr'>revelatione</span> <span class='ocrx_word' id='word_1_310' title='bbox 306 2820 381 2887; x_wconf 86' lang='lat' dir='ltr'>potiim</span> <span class='ocrx_word' id='word_1_311' title='bbox 392 2819 437 2884; x_wconf 89' lang='lat' dir='ltr'>ipsi</span> <span class='ocrx_word' id='word_1_312' title='bbox 448 2818 599 2882; x_wconf 82' lang='lat' dir='ltr'>subjiciuntur</span> <span class='ocrx_word' id='word_1_313' title='bbox 614 2817 704 2882; x_wconf 88' lang='lat' dir='ltr'>spiritui</span> <span class='ocrx_word' id='word_1_314' title='bbox 714 2814 852 2882; x_wconf 78' lang='lat' dir='ltr'>prophetie,</span> 
     </span>
     <span class='ocr_line' id='line_1_39' title="bbox 46 2891 344 2959; baseline 0.007 -18"><span class='ocrx_word' id='word_1_315' title='bbox 46 2891 72 2942; x_wconf 90' lang='lat' dir='ltr'>id</span> <span class='ocrx_word' id='word_1_316' title='bbox 84 2894 122 2941; x_wconf 91' lang='lat' dir='ltr'>est</span> <span class='ocrx_word' id='word_1_317' title='bbox 133 2892 192 2945; x_wconf 89' lang='lat' dir='ltr'>dono</span> <span class='ocrx_word' id='word_1_318' title='bbox 202 2892 344 2959; x_wconf 65' lang='lat' dir='ltr'>propheticos</span> 
     </span>
    </p>
   </div>
   <div class='ocr_carea' id='block_1_4' title="bbox 0 0 987 3284">
    <p class='ocr_par' dir='ltr' id='par_1_8' title="bbox 0 0 987 3284">
     <span class='ocr_line' id='line_1_40' title="bbox 0 0 987 3284; baseline 0 0"><span class='ocrx_word' id='word_1_319' title='bbox 0 0 987 3284; x_wconf 95' lang='lat' dir='ltr'> </span> 
     </span>
    </p>
   </div>
  </div>
 </body>
</html>
