1934 3284
352 177 382 216 un
398 175 533 218 casuram.
797 168 844 216 eft

27 261 144 326 quedam
157 257 214 307 vitia
227 255 408 320 intemperantiae
422 255 581 318 cohibeantur,
595 255 686 306 videtur
699 256 760 322 qudd
775 257 846 310 absti-

28 331 117 383 nentia
130 331 164 381 sit
180 327 280 380 castitas.
700 332 702 335 ’
722 329 725 332 ’

67 407 93 452 3.
112 404 240 462 Praeterea,
255 397 418 452 delectationes
437 397 534 450 aliorum
556 411 663 450 sensnum
683 401 799 463 pertinent
817 400 846 451 ad

29 473 233 538 temperantiam,
244 471 266 522 in
281 474 390 536 qnanmm
403 470 537 521 ordinantur
549 470 578 520 ad
587 471 750 522 delectationes
760 471 843 534 taetris,

29 547 98 600 circa
114 548 223 610 quassat
237 541 396 606 temperantia.
417 544 461 593 Sed
480 542 643 592 delectationes
656 541 771 604 ciborum,
782 543 845 596 circa
903 600 907 610 ,

29 631 96 683 quas
107 619 147 667 est
161 615 313 674 abstinentia,
328 613 460 664 ordinantur
473 614 502 663 ad
514 613 674 664 delectationes
685 625 843 678 venerearum,

31 691 102 742 circa
122 699 182 752 quus
195 691 231 736 est
244 685 336 736 castitas
350 701 356 735 :
371 687 433 736 nude
446 685 502 736 dicit
514 685 686 749 Hieronymus:
703 703 717 732 «
727 687 813 736 Venter
823 689 846 737 et

31 759 154 826 genitalia
167 757 314 820 sibimetipsis
325 756 400 806 vicina
411 761 474 818 sunt,
486 761 513 806 nt
526 770 556 807 ex
567 757 684 808 vicinitate
694 758 846 808 membrorum

32 829 206 883 confederatio
220 828 357 892 intelligatur
370 829 489 879 vitiorum.
503 845 517 876 a
533 830 591 892 Ergo
604 829 741 881 desinentia
755 833 780 880 et
797 843 845 880 cas-

32 906 93 956 titas
115 915 164 953 non
177 904 232 952 sani
247 901 344 950 virtrnes
355 900 383 950 ab
394 901 493 951 invicem
504 901 627 950 disbnctae.

69 977 121 1028 sed
133 977 213 1026 eontra
227 977 277 1034 est,
293 971 354 1036 quod
370 973 504 1037 apostolas,
518 974 548 1024 ll.
563 973 684 1033 cor.‚t¹l‚
698 975 847 1024 connumerat

33 1048 173 1101 castitatem
191 1043 351 1109 ieiunisque
370 1045 398 1094 ad
414 1044 574 1095 abstinentiam
588 1043 712 1109 pertinent.

73 1121 238 1184 (consensio.
258 1141 290 1154 -·
308 1115 420 1178 castitas,
438 1128 490 1178 qne
511 1127 660 1166 venereorum
685 1109 848 1168 delectationes

33 1191 184 1250 moderatur,
195 1187 268 1238 virtus
283 1187 388 1237 distincta
397 1189 433 1238 est
446 1187 474 1236 ab
489 1184 642 1250 abstinentia,
654 1200 705 1250 que
718 1185 776 1237 arca
786 1187 848 1239 eibe-

34 1277 92 1315 rum
108 1259 274 1312 delectationes
283 1263 395 1309 versatur.
410 1259 419 1322 t

72 1331 213 1396 Respondes
235 1329 371 1390 dicendum,
387 1330 447 1394 qubd
467 1329 525 1381 sicut
545 1331 634 1381 ‘dictum
653 1333 688 1381 est
703 1329 761 1394 (qn.
783 1331 845 1396 atr,
939 1346 947 1359 .

36 1410 87 1457 art.
104 1403 153 1467 t),
172 1401 324 1464 temperantia
337 1406 375 1452 est
387 1401 478 1466 proprie
492 1401 552 1452 circa
565 1400 761 1466 concupiscentias
770 1401 846 1452 delec-

36 1476 159 1528 tationem
176 1473 266 1523 netis:
281 1476 303 1522 et
319 1473 370 1523 iden
383 1476 472 1537 oportet
486 1477 511 1524 ut
526 1472 565 1523 ubi
575 1477 630 1523 sunt
642 1473 738 1523 diverse
749 1472 848 1524 rationes

36 1544 217 1607 delectationis,
232 1544 265 1594 ibi
285 1543 331 1594 sint
348 1545 445 1596 diverse
458 1545 556 1598 virtutes
569 1544 611 1594 sub
621 1544 772 1608 temperantia
785 1556 848 1595 com-

36 1621 177 1687 prehensa.
192 1616 358 1666 Delectationes
376 1619 450 1666 autern
465 1617 666 1680 proportionantur
679 1615 849 1680 operationibus

38 1703 145 1758 quarum
162 1690 217 1739 sunt
235 1687 400 1751 perfectiones,
416 1692 440 1738 ut
458 1687 541 1738 dicitur
555 1689 594 1738 lll.
617 1687 703 1737 dilate.
721 1689 788 1751 (cap.
805 1691 846 1749 7).

38 1761 195 1816 Manifestum
211 1764 244 1810 est
257 1763 332 1808 autem
350 1759 410 1822 qndd
424 1759 517 1810 alterius
530 1758 620 1823 generis
634 1763 686 1808 sunt
703 1757 850 1822 operationes

37 1833 190 1902 pertinentes
207 1831 235 1881 ad
249 1843 313 1880 asum
331 1829 446 1891 ciborum,
461 1831 543 1894 quibos
563 1832 645 1880 natura
663 1829 776 1880 individui
793 1842 849 1880 con·

39 1906 167 1966 servatore
186 1906 211 1952 et
229 1901 374 1966 operationes
391 1902 532 1966 pertinentes
554 1902 582 1952 ad
597 1915 666 1952 usum
685 1913 849 1964 venerearum,

39 1977 132 2044 quibns
153 1977 300 2024 conservator
321 1977 401 2024 natura
416 1973 511 2038 speciei.
526 1975 555 2024 Et
572 1972 623 2023 ideo
637 1971 727 2024 ostias
743 1985 794 2034 que
815 1975 851 2022 est

40 2053 110 2104 circa
126 2045 290 2096 delectationes
307 2058 471 2107 venerearum,
488 2049 523 2096 est
537 2047 611 2095 virtus
620 2044 727 2094 distincta
740 2044 768 2094 ab
781 2043 850 2094 absti-

42 2119 146 2178 nentia,
161 2129 210 2180 que
227 2120 260 2167 est
273 2117 331 2168 circa
350 2118 512 2168 delectationes
521 2118 631 2168 ciborum.

79 2191 116 2244 bd
132 2189 228 2254 primurn
245 2201 297 2251 ergo
309 2187 441 2252 dicendum,
453 2189 513 2252 qndd
521 2187 670 2253 temperantia
683 2199 730 2237 non
744 2185 851 2236 consistit

41 2260 205 2332 principaliter
224 2259 281 2309 circa
298 2261 458 2312 delectationes
474 2260 549 2313 taetris
561 2262 672 2324 quanmm
686 2258 715 2308 ad
734 2256 848 2320 judicium

44 2333 134 2390 sensis
148 2332 175 2382 de
189 2330 344 2395 tangibilibus‚
353 2333 413 2396 quod
425 2335 461 2384 est
474 2333 578 2397 ejusdem
591 2327 685 2380 rationis
696 2329 720 2377 in
734 2328 849 2390 omnibns3

46 2409 91 2462 sed
111 2405 224 2468 quantum
240 2403 268 2453 ad
287 2403 363 2466 ipsum
385 2417 451 2454 usum
465 2404 622 2469 tangibilium,
636 2405 662 2450 ut
678 2399 760 2449 dicitnr
773 2397 799 2448 in
810 2399 851 2450 lll.

47 2479 140 2532 Etlea‘e.
151 2475 192 2524 ltst
202 2477 277 2524 autern
287 2475 331 2526 alia
342 2475 400 2526 ratio
410 2476 490 2526 utendi
502 2476 559 2526 cibis
568 2477 591 2526 et
600 2472 691 2541 potibus
701 2473 724 2520 et
737 2471 851 2521 venereis.

48 2555 80 2606 Et
95 2549 150 2602 ideo
163 2549 252 2610 oportet
266 2559 315 2596 esse
327 2546 428 2598 diversas
439 2547 548 2609 antone,
562 2542 617 2595 lieet
625 2543 671 2593 sint
680 2541 747 2591 nnius
760 2541 852 2593 munds.

82 2621 118 2675 nd
131 2617 256 2670 monadum
274 2617 410 2679 dicendum,
428 2618 490 2682 qnbd
508 2616 673 2669 delectationes
685 2625 789 2664 venereae
802 2615 855 2662 sunt

50 2773 115 2819 Nem
128 2763 330 2818 intemperantiam
345 2765 381 2808 oui
393 2765 488 2810 castitas
502 2762 639 2820 opponitur,
654 2758 780 2810 ἀκολασίαν
794 2760 858 2806 velut
959 2808 960 2815 χ

52 2837 269 2894 iaceatipots'onem
279 2836 322 2881 diri
334 2837 374 2892 ait,
391 2836 444 2894 quia
460 2840 484 2881 et
494 2848 546 2881 enm
556 2836 596 2892 qui
607 2834 696 2891 appetit
707 2827 793 2892 turpia,
807 2843 858 2878 cas-

52 2903 125 2966 tigari
143 2902 239 2960 oporiet
254 2895 430 2970 (assemano),
445 2899 506 2947 sicut
516 2910 635 2960 peccem,
644 2902 692 2944 etc.
781 2927 785 2931 -
