1934 3284
357 192 390 229 n!
405 191 529 230 milm-
561 215 563 222 ι
794 185 841 231 393

72 270 103 320 ld
119 268 211 320 tertium
220 267 357 330 dicendum,
370 267 432 332 qudd
444 267 541 318 avaritie
554 268 679 320 secundinus
693 268 752 332 qudd
766 257 850 335 oppo-'

44 341 100 392 nitur
110 341 217 405 justitie,
230 354 278 392 non
287 341 356 391 habet
364 339 452 390 uitium
460 339 589 404 oppositum
597 379 604 402 ‚
613 341 666 405 quia
678 341 773 392 armilla
787 355 842 393 con-

44 413 99 464 sistit
105 414 132 464 in
142 414 196 478 plus
205 412 310 463 habendo
319 412 387 478 qndm
399 413 481 464 deleat
489 413 612 464 secundnm
621 413 744 477 justitiarum
756 417 779 464 et
786 415 842 466 huic

44 485 161 549 opponitur
180 487 268 535 minue
286 485 391 544 todem,
406 486 467 548 qnod
480 485 611 536 nonhabet
626 484 736 536 rotiouem
755 487 841 551 culpe,

44 560 80 608 sed
92 572 177 622 poenae.
191 559 236 610 Sed
248 557 342 608 avaritia
354 555 478 612 secundnm
491 555 553 621 qndd
566 556 688 621 opponitur
700 557 841 622 liberalitati,

43 631 106 682 delet
122 632 208 683 uitium
219 629 374 697 prodigalitati
389 629 529 694 oppositum.

331 803 493 855 nucleolos
508 803 547 854 IV.

138 931 227 976 Utrum
237 930 345 975 acontio
357 943 448 987 semper
461 931 494 975 eil
502 933 624 987 peceatum
640 930 749 975 mortale.

70 1060 104 1110 nd
113 1061 221 1123 quartum
229 1057 266 1108 sle
273 1056 403 1122 proceditur
413 1059 457 1123 [1).
466 1057 563 1108 Videtur
574 1056 635 1120 quod
644 1056 738 1106 avaritia
746 1069 844 1120 «semper

43 1130 70 1180 sit
82 1135 202 1195 peccatum
213 1129 317 1180 mortale.
329 1129 409 1179 Nullus
422 1129 484 1180 euim
495 1132 532 1180 est
545 1127 628 1192 diguus
641 1132 728 1190 morlo,
742 1127 786 1178 nisi
803 1141 844 1192 pro

43 1205 134 1265 peccato
148 1200 294 1265 mortalita).
307 1200 351 1252 Sed
364 1204 458 1264 propter
469 1200 589 1251 avaritiam
598 1200 704 1251 homines
719 1199 782 1262 digni
792 1203 845 1250 sunt

45 1277 129 1337 morte3
145 1271 199 1322 cirm
209 1272 272 1323 enim
283 1273 414 1336 Apostolus,
423 1271 460 1322 od
468 1274 550 1332 lium„
562 1273 582 1333 1,
597 1271 761 1335 promisisset:
777 1287 791 1317 u
800 1272 845 1320 lle·

44 1345 117 1407 pletos
135 1344 200 1396 omni
211 1343 341 1407 iniquitate,
353 1343 505 1394 fornicatione
515 1381 521 1404 ,
531 1341 638 1406 eventia,
653 1347 709 1404 etc,
719 1359 733 1390 t>
749 1341 827 1393 subdit
838 1358 844 1392 r

46 1433 58 1462 a
73 1416 117 1475 Qui
129 1415 187 1465 talia
201 1419 287 1479 agunt,
302 1415 365 1480 digni
376 1419 430 1465 sunt
443 1419 548 1466 morte.»
559 1415 618 1478 Ergo
632 1414 726 1466 avaritia
743 1421 780 1465 est
792 1427 847 1478 peo-

44 1493 119 1538 catum
131 1488 236 1539 mortale.

72 1566 97 1610 2.
112 1561 240 1622 Praeterea,
258 1558 377 1610 minimum
393 1560 418 1610 in
430 1557 526 1609 urentia
539 1561 575 1608 est
588 1557 649 1622 qndd
663 1557 747 1622 aliquis
760 1558 847 1609 inordi-

44 1631 96 1682 nate
108 1631 208 1681 retineat
218 1642 269 1681 sua.
280 1631 326 1681 Sed
335 1631 378 1680 lroc
385 1630 478 1680 uidetur-
486 1629 537 1680 esse
544 1631 661 1694 peccalum
669 1629 779 1692 morlale;
790 1629 847 1680 dicit

44 1703 105 1752 eninr
118 1701 237 1752 Basilius:
250 1719 264 1749 o
276 1703 317 1752 llst
326 1703 392 1765 panis
406 1701 518 1764 famelici,
530 1713 597 1764 quem
610 1705 634 1750 tu
645 1704 728 1764 tenes3
742 1701 796 1752 nodi
809 1707 848 1752 tu·

45 1774 109 1832 nica,
125 1787 194 1838 quam
212 1785 348 1836 conserues,
363 1773 487 1836 indigentis
503 1776 638 1835 argentum,
652 1773 712 1836 qnod
729 1773 841 1837 possides.

45 1845 151 1902 Quocirca
170 1848 204 1895 tot
219 1843 350 1908 injuriaris,
361 1847 418 1907 quot
430 1844 538 1895 exhibere
548 1843 643 1896 valeres.
658 1861 672 1891 »
686 1845 731 1895 Sed
741 1845 853 1909 injuriari*

45 1917 108 1966 elteri
118 1919 157 1968 est
169 1919 291 1980 peccatum
303 1917 413 1978 mortale,
428 1916 483 1978 quin
497 1915 652 1975 contrarietur,
664 1915 780 1968 dilectioni
795 1931 848 1981 pro-

45 1989 108 2039 ximi.
123 1989 184 2052 Ergo
200 1986 356 2052 multomagis
369 1989 444 2038 omnis
455 1987 551 2038 auaritia
564 1991 599 2037 est
607 1992 726 2051 peccatum
741 1991 846 2041 mortale.

75 2067 97 2112 3.
113 2064 244 2121 Preterea,
258 2060 336 2110 nudus
355 2064 480 2111 excecatur
500 2059 612 2123 spirituali
631 2059 730 2110 cecitate
747 2060 793 2110 nisi
805 2075 848 2124 per

46 2137 164 2195 peccatum
182 2133 291 2194 mortale,
309 2133 369 2195 quod
387 2131 485 2181 animam
501 2131 577 2195 privat
593 2131 679 2182 lumine
698 2131 784 2196 gratim
804 2133 847 2183 Sed

19 2193 24 2206 ⁹
47 2205 171 2257 secundnm
189 2205 395 2268 chrysostomum,
410 2203 534 2254 «tenebre
548 2203 630 2254 anime
649 2205 684 2253 est
701 2203 848 2266 pecuniarum

47 2278 135 2341 cupido.
146 2294 161 2324 ι)
176 2278 238 2340 Ergo
246 2275 359 2338 auaritia,
368 2289 420 2339 qne
429 2277 465 2326 est
477 2275 626 2340 pecuniarum
641 2272 733 2338 cupido,
746 2277 782 2324 est
795 2287 848 2338 pec

48 2352 120 2398 catum
131 2348 237 2399 mortale.

75 2421 120 2470 Sed
139 2424 218 2469 contra
235 2422 286 2480 ent,
302 2418 363 2481 quod
379 2418 388 2467 l
403 2417 439 2468 od
460 2417 531 2473 Gor..
549 2419 597 2480 lll,
612 2429 681 2480 super
695 2417 750 2468 illud
775 2432 781 2466 :
799 2435 813 2465 ιι
824 2417 849 2466 Si

49 2492 96 2554 orris
109 2490 258 2543 edificaverit
266 2491 388 2554 superdoc
397 2490 583 2553 tundamentum,
595 2493 651 2552 etc,
664 2503 677 2534 ι)
692 2488 746 2539 dicit
759 2489 849 2552 Glossa,

49 2562 371 2626 quddslignum‚ioenumet
380 2561 488 2625 dipulam
496 2559 707 2625 superedificatille
716 2561 756 2624 qui
765 2562 849 2625 cogitat
927 2559 930 2567 '

50 2646 96 2696 que
116 2633 197 2683 mundi
212 2636 279 2695 sunt,
294 2634 406 2696 quomodo
423 2631 513 2697 placeat
528 2632 629 2694 mundo;
641 2649 659 2681 o
675 2633 735 2697 quod
753 2634 850 2698 pertirrut

78 2786 112 2851 (l)
126 2787 344 2844 minutiarum.
359 2787 400 2847 ta,
414 2787 621 2844 de-malo,art.2.
848 2817 851 2826 ι

79 2857 112 2920 (2)
129 2859 182 2905 Sive
193 2871 256 2905 mors
265 2859 392 2916 corporalis
400 2860 550 2920 intelligutur,
562 2859 611 2907 sive
620 2859 749 2920 spiritualis
762 2862 792 2906 de
803 2871 849 2919 que

52 2933 110 2969 nune
119 2922 267 2982 potissimum
279 2923 364 2982 agitur.
