1934 3284
379 191 564 242 murmuria·
823 185 868 232 ddi

106 272 129 318 a.
147 267 276 330 Proteum,
293 267 404 330 jactantia
419 268 511 333 ponitur
524 269 538 318 d
551 270 673 334 Gregorio,
688 270 759 322 xxiii
776 272 868 322 Mouet.

77 340 138 404 (cap.
152 342 166 388 l
179 337 217 388 rel
231 337 274 401 7),
288 351 333 388 una
347 340 376 389 de
387 343 483 402 quatuor
497 341 614 404 speciebus
624 341 745 404 superbie,
761 341 814 392 chm
826 343 870 394 soi-

74 411 185 475 lieetquis
190 412 263 476 jactat
272 411 386 462 sehahero
396 413 455 475 quod
463 425 510 462 nou
521 412 598 476 hahet;
608 415 667 464 unde
677 413 756 464 dieitur
766 417 868 474 leuem„

73 484 181 533 xlviii:
199 500 213 530 «
229 482 361 534 Audivimus
382 483 511 547 superbiam
524 484 601 547 hloah3
618 486 727 548 superbus
743 489 779 536 est
792 487 868 550 valde,

73 554 235 605 sublimitatem
245 557 296 619 ejus
304 558 327 605 et
336 555 497 620 arrogantiam,
509 559 532 605 et
541 556 681 620 superbiam,
695 560 718 607 et
730 557 870 608 altitudinem

73 627 148 678 cordis
161 627 213 690 ejus
224 640 267 689 ego
277 627 333 692 scio,
346 628 378 677 ait
387 628 508 691 homiuus3
517 628 650 691 jactantiam
660 629 711 692 ejus
721 635 743 678 ei
752 629 810 693 qudd
825 642 871 680 non

73 699 103 749 sit
112 699 182 762 juxta
194 712 245 748 eam
257 699 330 749 virtus
343 699 426 763 ejus.»
439 700 548 750 dcxxxi
562 699 702 750 Moralium
720 701 779 766 (cap.
792 705 820 751 17
833 702 870 752 vel

73 773 123 830 ei),
135 771 257 834 Gregorius
272 770 397 834 dicitquod
410 788 423 818 a
430 771 540 834 jactantia
556 771 626 821 oritur
643 785 671 822 er
688 772 750 822 inani
763 773 842 836 gloria.
854 789 868 819 o

73 843 183 906 Superbia
192 845 268 892 autem
278 846 302 893 et
312 843 387 892 imanis
397 842 467 906 gloria
475 845 620 907 opponuntur
633 842 712 892 virtuti
724 843 865 892 humilitatis.

72 915 131 976 Ergo
143 913 253 978 jactantia
262 927 311 964 mou
322 915 443 978 opponitur
456 914 556 978 ueritati,
572 915 612 964 sed
625 914 756 964 humilitati.

103 990 128 1034 d.
144 987 271 1047 Praeterea,
284 986 393 1048 jactantia
409 999 439 1035 ex
450 985 535 1036 divitiis
547 984 634 1036 causari
646 986 748 1048 videtur,
764 986 822 1036 uude
836 985 870 1036 di-

72 1057 130 1108 cihar
144 1059 218 1121 Sap,
232 1058 269 1106 V:
286 1057 368 1116 «Quid
380 1056 447 1106 nohis
459 1057 545 1121 proluit
559 1057 672 1122 superbia,
687 1060 725 1106 erat
739 1055 868 1107 diuitiarum

69 1129 182 1191 J'actautia
200 1129 255 1192 quid
274 1129 369 1180 contulit
388 1129 497 1179 meirisin
520 1129 564 1180 Sed
583 1128 724 1193 superfluitas
742 1127 872 1192 diuitiarum

71 1197 162 1253 videtur
174 1200 290 1264 pertinere
307 1202 337 1252 ad
349 1203 466 1265 peccatam
486 1201 587 1251 avaritie
594 1237 602 1264 ,
615 1201 675 1263 quod
688 1200 809 1264 opponitur
820 1200 870 1264 jus·

4 1326 5 1331 ,
72 1273 128 1324 litim
151 1271 189 1323 rel
202 1273 340 1324 liberalitati.
355 1273 406 1323 Nou
423 1286 477 1336 ergo
490 1273 599 1337 jactantia
612 1271 733 1336 opponitur
742 1271 840 1322 veritati.

102 1344 148 1395 sed
167 1347 246 1396 contra
259 1348 305 1406 est,
318 1346 377 1408 quod
392 1345 545 1408 Philosophus
559 1344 613 1395 dicit
626 1345 650 1394 ie
661 1345 681 1394 ll
695 1345 718 1394 ot
731 1345 761 1394 lv
776 1343 869 1402 liiiio..

69 1415 204 1479 jactantiam
218 1415 305 1480 opponi
324 1415 422 1466 uemtati.
816 1421 818 1424 '

102 1489 266 1551 (Coumosro.
286 1514 317 1525 -
329 1489 440 1538 iaetantia
461 1488 584 1552 opponitur
608 1487 697 1538 ueritati
719 1500 760 1551 per
778 1486 870 1537 modum

70 1559 192 1625 cujusdam
204 1560 329 1624 excessis.)

100 1633 241 1695 despondeo
254 1632 373 1682 dicendum
378 1670 388 1696 ,
398 1630 458 1696 quod
467 1629 585 1696 ‘jactantia
600 1630 689 1697 proprie
701 1631 822 1695 importare
836 1630 872 1680 vi·

70 1704 136 1754 detur
151 1701 212 1766 dudd
223 1704 292 1754 homo
308 1704 384 1754 veihis
397 1717 422 1754 se
436 1705 540 1764 extollam
556 1703 594 1754 illa
611 1703 670 1754 enim
684 1703 792 1767 querult
806 1704 872 1753 homo

69 1773 136 1839 louge
148 1774 245 1838 jactare,
260 1775 286 1824 in
301 1776 371 1826 altum
386 1777 467 1826 eleuat.
481 1777 545 1826 'lunc
559 1777 635 1826 autem
647 1773 739 1840 proprie
753 1773 833 1838 aliquis
847 1787 872 1824 se

70 1845 176 1908 extollit,
190 1847 281 1908 quando
294 1847 322 1897 de
338 1861 363 1897 se
380 1859 455 1911 supra·
468 1860 494 1896 se
513 1845 598 1911 aliquid
614 1845 686 1910 dicit,
701 1846 761 1910 quod
780 1845 872 1908 quidem

71 1917 185 1980 contingit
199 1917 327 1980 dupliciter.
342 1918 481 1981 Quandoque
497 1918 558 1968 enim
576 1917 657 1980 aliquis
675 1916 774 1980 loquitur
787 1918 814 1967 de
828 1930 869 1980 se,

71 2001 116 2038 nou
127 1985 221 2050 quidem
233 2001 301 2052 supra
314 1989 336 2038 id
346 1990 405 2052 quod
423 1989 447 2038 in
459 2003 483 2040 se
497 1995 547 2050 est,
563 1991 601 2040 sed
615 2001 682 2052 supra
697 1988 719 2038 id
728 1989 788 2052 quod
802 1989 829 2038 dc
843 2001 870 2039 ao

71 2058 177 2109 homiues
200 2059 334 2124 opinantur3
355 2062 415 2124 quod
436 2062 557 2127 Apostolus
574 2059 702 2124 refugiens,
725 2059 780 2109 dicit
800 2059 821 2108 ΙΙ
838 2062 871 2108 ud

73 2131 144 2190 Cor„
157 2131 215 2180 llll:
232 2148 246 2179 u
255 2133 326 2181 Pareo
337 2146 366 2182 ne
380 2132 432 2195 quis
445 2147 481 2182 me
497 2131 612 2182 existimet
624 2145 691 2195 supra
705 2131 728 2180 id
737 2132 797 2194 quod
808 2131 871 2181 videt
965 2123 966 2130 ’

72 2201 95 2250 in
104 2215 152 2261 me,
167 2206 207 2251 aut
219 2202 372 2266 auditaliquid
387 2217 417 2254 ex
429 2217 498 2254 me.»
513 2203 562 2254 hlio
577 2203 642 2253 modo
658 2201 737 2266 aliquis
752 2215 791 2266 per
804 2201 871 2252 verba

51 2269 96 2323 ‘sc
109 2274 215 2335 extollit,
229 2273 324 2337 loquens
339 2275 367 2326 de
378 2289 402 2326 sc
421 2290 489 2340 supra
503 2276 525 2326 id
544 2277 603 2339 quod
616 2275 639 2324 iu
653 2288 677 2326 se
696 2277 731 2324 est
745 2272 868 2324 secuudhm

72 2345 105 2395 rei
113 2345 252 2409 ucmtatem3
264 2350 288 2396 et
296 2349 348 2410 quia
357 2348 428 2418 magis
440 2352 476 2398 cst
489 2348 572 2412 aliquid
583 2347 730 2412 judicandum
746 2344 871 2396 seouuddm

73 2419 134 2478 quod
146 2417 171 2466 iu
182 2431 206 2473 se
214 2420 259 2479 est,
270 2417 338 2482 quim
351 2417 475 2470 secundium
488 2421 548 2483 quod
562 2423 597 2470 est
609 2419 633 2470 iu
642 2417 750 2482 opinione
767 2416 871 2480 aliorum,

73 2486 125 2538 inde
142 2492 179 2538 est
197 2487 257 2552 quod
274 2490 344 2553 magis
362 2491 453 2555 proprie
471 2491 552 2542 dicitur
570 2489 694 2555 jactantia,
715 2487 804 2552 quaudo
825 2487 871 2538 ali-

73 2560 124 2621 puis
137 2560 203 2610 effert
214 2572 239 2610 se
248 2574 316 2623 supra
325 2561 347 2612 id
362 2563 422 2624 quod
432 2562 455 2612 iu
466 2563 518 2626 ipso
534 2567 577 2622 est,
587 2561 655 2625 quim
668 2561 757 2625 quaudo
772 2558 836 2609 cliert
848 2571 872 2610 sc

4 2666 5 2671 κ
75 2642 142 2694 supra
153 2631 176 2681 id
189 2633 249 2695 quod
263 2637 299 2682 est
311 2631 336 2683 in
345 2633 451 2696 opinione
465 2635 573 2698 aliorum,
583 2631 685 2697 quamuis
699 2637 795 2694 utroque
806 2630 872 2680 modo

74 2699 182 2761 jactantia
194 2701 241 2752 dici
253 2703 333 2766 possit.
346 2705 373 2752 ht
386 2703 437 2754 ideo
450 2704 559 2767 jactantia
571 2701 661 2768 proprii
679 2702 738 2753 dicta
748 2699 871 2764 opponitur

76 2771 164 2822 veritati
176 2787 217 2837 per
227 2775 319 2823 modum
331 2776 447 2826 excessis.

106 2844 253 2909 hdprimum
267 2860 321 2911 ergo
334 2848 467 2912 dicendum,
483 2848 543 2914 qudd
554 2849 610 2898 ratio
619 2847 657 2900 illa
670 2847 770 2913 procedit
781 2847 808 2896 de
821 2846 871 2908 iac-

78 2917 148 2966 tantla
165 2917 288 2970 secuudum
306 2919 367 2984 quod
384 2921 473 2974 excedit
486 2919 623 2986 opinionem.
