1934 3284
132 198 179 249 lii
236 208 344 249 cucuron
361 208 598 260 oeconomum.
614 210 716 260 cxxxix,
732 209 787 247 rur.
804 210 822 247 a.

163 288 299 351 Reeuondeo
310 286 443 347 dicendum,
452 284 514 350 quid
527 286 587 335 mont
599 286 720 350 locitolnn
726 284 783 336 dicit
794 285 833 334 ad
846 288 960 350 neor„

132 361 162 411 vi
175 375 181 409 :
193 376 207 407 n
218 360 374 411 loramentum
387 358 415 407 ad
424 356 617 407 condimntionenr
625 358 747 407 ordinatur
758 374 772 404 u
783 358 959 412 confirmatio

133 435 209 483 autem
225 432 249 479 in
263 428 365 481 scibilina
374 442 415 493 per
426 428 537 479 rationem
548 428 587 488 dt,
598 441 649 491 qne
659 428 762 492 procedit
772 442 802 480 ex
815 428 956 493 aliquibus

133 503 264 555 naturaliter
279 501 340 553 notis
353 515 404 565 que
419 505 473 550 sont
487 500 633 551 infallibiliter
647 513 710 550 uera.
725 500 769 550 Sed
783 500 955 563 perueniaria

133 576 193 627 iacta
206 574 360 637 contingentia
374 572 563 635 hominem,non
572 575 670 635 possum
679 572 842 636 perictionem
852 586 961 627 neces-

133 647 214 698 sarium
228 644 369 706 confirmari,
381 648 405 695 et
417 644 468 695 ideo
476 657 505 693 ea
513 656 564 707 quae
576 644 605 694 dc
614 644 651 695 liic
662 643 776 706 dicuutur,
785 644 869 695 uolent
883 660 957 698 con-

133 718 216 769 firmari
226 731 266 781 per
275 720 354 767 testes.
364 716 408 767 Sed
417 717 543 765 humanum
550 714 704 765 testinnonium
714 715 955 769 noncctsnillciens

132 791 159 841 ad
180 788 310 855 hrijosmodi
330 788 525 850 condonandum,
542 790 636 851 propter
654 787 700 836 dnn
721 785 819 849 :urimo
841 787 954 849 quidem

132 865 223 926 propter
234 861 345 912 delectum
354 858 457 911 veritatis
464 860 579 917 humanae,
589 858 643 922 quia
654 856 776 921 plurimiin
785 858 952 911 mendacium

133 932 249 995 labuntur,
262 929 386 982 ceonuddm
399 931 454 983 illud
467 929 535 981 Prot.
545 930 613 981 ltili:
629 931 686 980 otio
695 942 774 980 eornm
784 929 892 980 loentum
909 940 956 984 est

133 1004 319 1068 mendneinm3u
340 1002 452 1066 secundi,
467 1005 560 1066 propter
578 1003 691 1053 deiectum
710 999 864 1065 cognitionis,
884 1005 955 1067 quia

133 1076 237 1129 hominen
248 1088 296 1126 uon
304 1079 400 1138 meunt
412 1086 550 1137 cognoscere
558 1086 634 1137 neone
645 1073 730 1133 lotura,
740 1086 816 1137 neque
827 1075 952 1127 cordium

133 1148 239 1208 merua,
255 1147 291 1197 vel
311 1145 378 1195 etiam
401 1144 657 1209 incorrectionem
677 1148 754 1195 tamon
773 1144 885 1195 nominee
910 1148 953 1199 lo-

133 1222 246 1283 quuntur,
261 1220 285 1269 et
301 1216 392 1281 expedit
405 1216 472 1267 retur
485 1216 590 1266 domanio
600 1220 626 1265 nt
633 1216 746 1267 certitudo
758 1214 834 1279 atqua
852 1215 885 1267 de
904 1219 950 1269 iris

134 1290 249 1340 habeatnr.
262 1290 291 1337 iit
299 1288 350 1339 ideo
366 1287 519 1338 neceesarium
533 1288 578 1337 init
589 1300 704 1338 moderere
714 1288 744 1336 ad
753 1285 859 1336 diuinum
870 1291 954 1340 testi-

134 1360 312 1423 moniumque
327 1361 386 1409 Deos
400 1371 473 1422 nermo
487 1359 578 1410 mentiri
595 1362 685 1422 potest,
695 1370 770 1421 neque
778 1370 833 1407 enm
848 1358 950 1423 aliquid

133 1430 197 1481 latet.
212 1433 331 1481 desumere
346 1436 420 1481 autem
439 1430 510 1481 Mum
527 1430 552 1479 in
563 1434 661 1490 testem,
673 1429 756 1479 dicitnr
772 1430 864 1493 jumre3
880 1435 950 1495 qnia

134 1504 199 1565 quusi
212 1517 253 1567 pro
265 1503 316 1567 jure
324 1501 476 1553 introductum
487 1506 536 1564 eet,
547 1504 573 1551 ut
585 1502 646 1565 qnod
655 1502 697 1552 nub
707 1499 852 1551 invocatione
861 1502 950 1556 divini

135 1572 259 1626 testimonii
273 1575 355 1625 dicitur
371 1587 412 1638 pro
421 1586 476 1623 uero
491 1573 608 1623 habeatnr.
620 1573 727 1623 divinum
737 1575 814 1622 comm
826 1574 950 1629 testimo-

134 1643 196 1695 nium
210 1646 344 1709 quandoque
358 1645 471 1697 inducitur
483 1645 513 1695 ad
526 1645 673 1696 emerendum
685 1642 806 1708 presentia
823 1644 863 1694 rel
877 1661 949 1709 prue-

134 1717 212 1781 terila‚
223 1721 246 1767 et
256 1719 299 1768 hoc
313 1718 394 1768 dioitm
410 1734 424 1764 u
437 1717 592 1781 juramentum
601 1716 784 1778 decemoctorum
796 1717 948 1782 mundoque

134 1791 211 1839 aulem
223 1788 336 1839 inducitur
344 1788 446 1839 divinum
457 1788 613 1839 testimonium
624 1790 651 1839 ad
660 1788 838 1839 confirmandum
848 1787 947 1854 aliqujd

135 1860 250 1923 futurum,
264 1863 288 1910 el
299 1861 343 1911 hoo
358 1860 437 1911 dicitnr
452 1878 465 1909 o
481 1861 634 1925 juramentum
645 1859 816 1923 promissorum.
830 1874 845 1904 u
861 1862 899 1911 ud
916 1878 950 1915 ea

135 1930 189 1983 rerd
203 1944 253 1993 oum
266 1935 321 1981 sont
337 1932 468 1983 necessaria
479 1935 504 1981 et
516 1945 559 1995 per
574 1932 685 1982 rationem
698 1930 875 1993 investiganda,
890 1944 949 1986 nou

135 2002 248 2053 inducitur
263 2001 429 2066 juramentum
444 2002 564 2053 derisibilin
576 2004 638 2053 enim
657 2004 788 2063 rideretur,
802 2002 822 2051 ei
835 2003 891 2066 quir
918 2008 948 2057 in

135 2071 285 2138 disputatione
299 2072 395 2137 alicujus
409 2073 510 2125 scientie
525 2074 594 2125 redet
612 2074 751 2139 pmpocitum
761 2085 803 2137 ner
815 2072 946 2137 juramen-

136 2149 183 2195 tum
196 2145 298 2209 probare.

166 2218 200 2267 ld
213 2216 310 2281 primum
329 2229 381 2279 ergo
396 2216 532 2278 dicendum,
544 2218 605 2281 quod
621 2217 683 2268 aliud
700 2221 737 2269 est
748 2218 883 2269 testimonio
893 2219 943 2272 llei

135 2288 168 2338 uti
176 2288 225 2351 ianr
234 2288 285 2339 dato
298 2287 371 2352 (quod
380 2286 405 2335 lit
413 2286 464 2335 oum
475 2288 557 2351 adque
567 2290 724 2341 authoritatem
736 2302 804 2339 sacre
811 2289 940 2353 Scriptnrae

135 2358 250 2422 inducit),
265 2363 288 2409 et
301 2359 363 2409 aliud
377 2361 413 2409 est
424 2359 581 2411 testimoninm
590 2362 633 2411 liei
647 2360 767 2425 implorare
785 2364 811 2410 nt
824 2362 942 2414 molien-

136 2431 202 2492 dum,
215 2431 275 2499 qnod
290 2430 315 2481 fit
331 2429 355 2479 in
373 2430 512 2493 juramento.

166 2502 200 2551 ild
214 2502 338 2551 secundum
353 2502 484 2567 dicendum,
501 2503 561 2567 qndd
576 2502 659 2553 dicitnr
672 2504 755 2567 aliquis
763 2505 859 2555 reddere
870 2506 940 2569 jura·

135 2577 212 2624 mento
226 2574 285 2633 deo,
300 2586 328 2623 er
341 2574 385 2623 hoc
399 2574 458 2637 qudd
472 2576 553 2638 implet
565 2574 693 2638 illndqnod
707 2576 783 2639 jurat,
794 2576 832 2626 rel
841 2577 940 2640 quidem

135 2647 180 2695 hoc
190 2644 241 2708 ipso
250 2642 310 2706 qudd
323 2644 415 2695 invocat
425 2647 496 2697 ileum
505 2647 530 2695 in
538 2650 629 2708 tentem,
636 2646 779 2710 recognoeut
785 2658 839 2697 enm
848 2648 937 2701 haime

135 2716 237 2766 omnium
254 2714 406 2779 cognitionem
416 2721 438 2767 et
447 2716 589 2767 infallibilem
600 2717 730 2768 romonem.

167 2786 200 2836 nd
213 2786 303 2836 tertium
314 2786 446 2848 dicendum,
462 2788 522 2852 qudd
533 2787 629 2851 alicujus
642 2790 797 2839 testimouium
811 2790 934 2843 invocatur

136 2859 165 2913 ad
174 2859 221 2908 doc
232 2857 291 2922 qnod
300 2858 364 2909 testis
373 2858 489 2911 invocatum
501 2858 620 2912 aeritctem
632 2861 831 2913 mauiieomtoiroa
843 2875 872 2913 ea
880 2877 933 2927 qum

136 2927 251 2983 dicuntur.
267 2931 327 2982 Deru
346 2934 420 2983 autem
433 2930 564 2985 mouent
578 2946 609 2985 an
624 2947 703 2987 remor
720 2933 752 2985 eit
762 2935 824 3002 omi
838 2934 935 3001 dcitur,
