1934 3284
373 169 404 206 lt!
420 168 543 206 ΔῚΑΙΙΠᾸ.

339 361 498 412 hRTlCllLUS
514 361 574 414 Vlll.

61 491 145 535 Utrum
154 489 269 546 proditio,
276 490 360 545 staua,
381 491 492 543 fallacia,
510 491 634 546 perjurio,
647 493 798 550 inquietudo,
810 497 857 539 vto-

81 553 159 628 leutiu
171 557 196 596 et
215 557 301 597 contra
318 554 509 599 misericordium
526 556 664 608 obduratio,
682 557 731 600 aiat
749 559 857 602 coemtio

75 618 232 674 ,w

85 747 120 796 hd
137 749 246 796 octauum
257 746 291 796 sic
304 746 440 810 proceditur.
453 747 546 797 Videtur
563 747 623 810 quet
635 760 680 798 non
695 749 743 798 sint
754 751 857 803 avaritiae

55 817 117 879 filie,
127 830 181 882 que
190 817 305 879 dicuntur,
319 817 407 868 scilicet
419 833 433 865 o
442 818 551 881 proditio,
559 818 631 881 trans,
641 819 739 881 iallacia,
747 822 856 887 perimis,

56 887 206 953 inquietudo,
219 888 343 946 violentie.
363 893 387 940 et
404 895 482 938 contra
500 888 675 942 misericordiam
696 893 822 945 obduratio.
843 912 857 942 o

56 960 156 1010 auaritia
168 960 231 1012 enim
244 961 365 1024 opponitur
376 960 520 1024 hheralitati,
537 965 563 1010 nt
581 962 666 1012 dimum
680 967 715 1014 est
732 967 792 1023 (art.
810 971 824 1014 s
839 969 858 1027 ).

56 1031 178 1081 Proditio
196 1035 288 1093 anum,
303 1033 379 1096 froas
394 1036 418 1083 et
433 1032 542 1096 fotlomu
556 1035 702 1097 opponuntur
716 1036 857 1099 prudentie,

57 1105 176 1166 perjurio
183 1102 300 1166 religioni,
312 1103 463 1168 inquietudo
471 1103 521 1167 spei
531 1105 566 1155 vel
575 1104 690 1167 charitati,
700 1119 751 1169 pue
761 1107 860 1170 quiescit

58 1175 83 1224 in
96 1178 190 1238 amatu;
206 1173 331 1226 oioteatioe
349 1179 494 1240 opponuntur
510 1175 621 1240 justitiae,
636 1176 773 1228 obduratio
792 1179 861 1230 mise·

57 1246 248 1310 amrtmhrgc
261 1247 394 1311 hujusmodi
402 1247 457 1298 sitia
470 1261 516 1298 nen
530 1248 647 1311 pertinent
661 1250 689 1300 al
702 1249 828 1301 avaritiam.

87 1319 257 1380 spretores,
275 1317 389 1382 proditio,
405 1319 469 1370 dolus
484 1323 509 1370 et
522 1320 610 1370 fallacia
627 1320 655 1369 ad
669 1319 729 1370 idem
746 1323 860 1386 pertimeo

61 1391 177 1451 ridemur,
193 1389 283 1440 scilicet
301 1391 328 1440 ad
341 1390 439 1454 proximi
456 1391 623 1454 deceptionem.
639 1391 697 1454 Ergo
712 1405 758 1442 non
776 1393 860 1444 debent

58 1461 187 1512 enumerari
203 1463 310 1524 tanquam
324 1463 420 1513 diverse
432 1461 484 1512 filie
498 1463 608 1513 avaritie.

87 1537 111 1583 3.
125 1533 257 1594 Praeterea,
271 1532 370 1584 lsidorns
379 1532 445 1597 ponit
456 1546 538 1584 novem
551 1533 626 1596 filias,
639 1547 689 1598 quse
702 1539 755 1586 sunt
771 1551 785 1586 a
796 1551 859 1588 men-

57 1606 160 1665 dacium,
175 1602 253 1666 icam,
267 1605 366 1667 furtum,
384 1593 510 1668 perjurium
526 1607 549 1654 et
560 1605 635 1670 turpis
656 1606 712 1656 lucri
731 1609 860 1673 appetitus,

57 1677 112 1728 taba
133 1675 281 1738 testimonia,
295 1675 419 1738 violentia,
433 1676 605 1739 inhumanitas,
627 1677 746 1741 rapacitas.
767 1695 781 1727 a
803 1681 861 1744 Ergo

57 1749 128 1814 prima
142 1746 269 1810 assignatio
283 1747 380 1798 filiarum
392 1746 435 1798 tuit
445 1748 598 1800 insufficiens.

87 1815 111 1870 a:
127 1821 256 1882 Preterea,
271 1819 438 1884 Philosophus,
453 1821 488 1872 lv.
503 1820 598 1879 Ettric,
614 1820 680 1884 ponit
693 1823 763 1872 multa
779 1836 861 1887 genera

56 1893 164 1944 uitiorum
183 1889 348 1954 pertinentium
366 1891 395 1941 sd
412 1890 544 1956 arentiam,
559 1905 627 1956 quam
646 1893 748 1944 nominat
762 1895 861 1946 «illibe-

57 1965 182 2024 ralitatem,
193 1962 302 2013 uidelicet
312 1976 402 2027 pmcos,
416 1966 517 2026 tenaces,
528 1962 613 2012 cumini
625 1967 733 2026 sectores,
744 1965 861 2031 cimbices,

59 2036 182 2088 illiberales
202 2033 346 2097 operationes
361 2037 501 2098 operantes,
523 2037 547 2084 et
570 2034 597 2086 de
615 2036 742 2088 meretricio
765 2041 860 2100 pastos,

59 2108 193 2167 nmmrios,
208 2106 320 2157 ambies
328 2144 337 2170 ,
346 2111 370 2158 ct
381 2106 681 2170 mortuorumspoliatores,
694 2111 718 2158 et
726 2109 860 2159 latrones.»

60 2180 117 2244 Εηο
132 2178 223 2228 videtur
235 2177 295 2241 pubi
310 2178 420 2242 predicta
439 2177 579 2229 enumeratio
593 2177 623 2228 sit
635 2177 784 2230 insufficiens.

90 2258 113 2302 5.
129 2253 263 2312 Praeterea,
278 2251 370 2314 tyranni
383 2250 482 2302 manime
501 2249 620 2302 violentias
636 2251 732 2302 subditis
749 2251 859 2302 inierunt.

61 2323 119 2374 uicit
127 2326 207 2372 antem
218 2320 372 2385 Philosophus
385 2322 479 2385 ibidem,
492 2322 551 2387 putu
564 2339 577 2370 u
589 2325 697 2387 tyrannos
710 2322 749 2386 qni
761 2322 863 2376 civitates

63 2395 207 2453 desolantes,
226 2397 250 2443 et
265 2405 329 2444 sacre
347 2393 490 2458 predantes,
513 2407 559 2444 non
580 2393 677 2443 dicimus
695 2392 830 2456 illiberales,
849 2413 863 2442 a

63 2465 85 2516 id
100 2470 135 2517 est
148 2477 240 2516 avaros.
254 2466 313 2526 Ergo
327 2464 437 2514 violentia
449 2477 496 2515 non
515 2464 582 2516 debet
592 2463 650 2528 poni
664 2463 711 2514 filia
722 2464 831 2517 avaritie.

93 2538 229 2588 Sedcomm
238 2539 289 2597 est,
300 2534 360 2598 qnhd
372 2536 503 2600 Gaegomns,
517 2537 589 2586 XXlll
603 2535 743 2586 Moralium
753 2536 820 2602 (cap.
834 2541 862 2588 et

64 2609 100 2660 sel
111 2612 157 2670 17,
172 2612 199 2658 nt
213 2607 260 2671 jam
270 2606 370 2672 eupit),
387 2609 489 2672 assignat
505 2606 605 2657 anania
618 2605 676 2656 litias
687 2607 753 2670 prihs
770 2619 865 2659 meme-

66 2685 131 2732 ratas.
691 2699 692 2702 ¹

94 2753 230 2816 Respondes
243 2752 375 2813 dicendum,
385 2751 446 2817 pubd
455 2751 507 2804 lilia
516 2751 620 2804 avaritie
631 2751 736 2804 dicuntur
749 2753 805 2802 uitia
814 2765 864 2817 qua

67 2837 93 2874 ex
103 2825 154 2890 ipsa
166 2825 281 2885 omuntm,
294 2828 318 2874 et
330 2822 443 2888 precipue
452 2823 576 2874 secundum
590 2824 717 2888 appetitum
731 2823 795 2876 finis.
807 2823 864 2882 Quia

68 2895 119 2946 verb
136 2895 233 2947 auaritia
245 2898 281 2946 est
298 2897 427 2962 superfluus
438 2895 734 2959 -amnrbahendirdisitias,
744 2895 769 2946 in
779 2892 866 2946 duobus
953 2909 954 2914 ¹
