1934 3284
113 229 159 279 me
214 235 322 276 monor
335 235 463 286 muns,
477 235 569 280 ounsr.
586 233 693 285 nuncu,
709 234 769 273 lnr.
785 237 814 274 u.

112 327 165 366 erse
184 311 297 378 precipue
313 312 422 363 carenda.
438 311 540 370 Quorum
553 309 655 374 primum
672 315 697 361 et
714 311 906 376 principalem,

112 384 174 448 qnid
187 383 293 448 prodictu
304 382 423 434 ommno
434 395 481 434 non
495 385 608 446 queratur
625 381 652 432 in
665 382 787 446 aliquibus
805 383 911 448 operatio

113 455 181 506 nibus
191 455 229 505 vol
241 454 316 506 rerbis
328 455 431 519 turpibus
441 454 479 504 rel
492 452 598 504 nocivis:
613 453 673 504 unde
689 453 783 505 llrllius
793 455 850 506 dicit
861 456 882 505 in
896 455 912 503 l.

113 527 151 582 no
164 527 245 590 offic,
255 526 316 591 qubd
326 544 340 573 o
350 539 421 576 unum
430 539 502 590 penus
514 523 607 590 jocandi
619 527 656 574 est
664 523 791 587 illiberale,
803 528 911 591 petulans,

113 598 265 662 melinum,
278 599 419 649 obscoenum.
438 613 453 644 »
467 596 534 648 thud
548 601 622 645 autern
636 596 807 647 attendendum
824 601 875 660 est,
893 611 916 646 uc

114 669 215 720 totaliter
226 669 326 733 gravitrs
334 669 416 720 anima
427 668 570 719 resolvatur:
585 666 645 717 unde
654 667 797 719 Ambrosius
808 670 864 720 dicit
872 671 894 719 in
901 670 916 718 l.

115 742 153 792 De
166 741 234 806 offic.
252 741 318 806 (cap.
335 741 402 804 20):
417 756 432 787 «
443 740 570 790 Careamus
583 753 612 790 ne
627 738 682 788 dnm
699 739 812 792 relaxare
825 741 917 792 aninam

116 813 238 876 volumus,
258 814 372 864 solvamus
396 825 488 862 omnem
510 810 668 871 harmoniam,
692 811 764 874 quasi
788 819 916 864 musculum

116 887 238 950 quemdam
250 885 361 936 honorum
375 897 477 948 opernm.
489 899 503 930 o
518 883 548 933 Et
558 882 644 932 'lullim
655 881 711 932 dicit
723 882 749 932 in
761 885 783 934 L
796 886 836 935 De
845 886 916 950 offic..

117 957 177 1022 qndd
193 958 276 1007 «sicut
286 955 363 1020 pueris
377 968 424 1006 non
433 968 524 1006 omnem
536 953 628 1005 ludendi
640 953 762 1006 licentiam
778 957 873 1020 damus,
886 958 918 1007 sel

117 1041 167 1080 eam
180 1043 230 1094 que
244 1029 273 1079 ab
289 1028 395 1078 honestis
410 1026 537 1078 actionibus
553 1039 600 1077 non
617 1025 647 1076 sit
666 1025 761 1090 aliena,
777 1029 816 1078 sic
837 1029 862 1078 in
878 1029 918 1092 ipso

116 1100 169 1161 ioco
179 1101 269 1164 ahqnod
279 1099 345 1164 probi
358 1097 445 1162 ingenii
454 1098 532 1148 lumen
541 1098 637 1148 eluceat.
647 1097 748 1149 »Tertib
763 1105 848 1150 autem
858 1105 918 1149 alten
942 1163 943 1166 Ἴ

119 1171 218 1223 dandum
228 1176 276 1234 est,
290 1170 350 1220 dont
362 1173 387 1220 ct
397 1171 422 1218 in
433 1169 538 1220 omnihus
552 1169 603 1220 aliis
616 1169 725 1218 humanis
737 1170 889 1234 actionibus,
901 1173 918 1218 ut

118 1247 226 1307 congrunt
240 1254 352 1307 persone,
364 1243 388 1290 et
405 1240 502 1304 tempori
515 1243 538 1290 et
549 1241 598 1290 loco
604 1276 612 1303 ,
625 1243 648 1290 et
663 1240 798 1292 sccundiun
815 1243 874 1294 alies
886 1244 919 1292 cir-

118 1313 265 1365 cumstantias
284 1310 359 1363 debite
379 1310 506 1373 ordinetur,
521 1315 546 1360 ut
565 1309 648 1360 scilicet
664 1311 725 1360 situ
744 1317 770 1362 et
787 1318 892 1380 tempore
904 1317 920 1363 el

121 1387 213 1438 homine
233 1387 328 1449 dgnus,
342 1399 356 1432 o
371 1387 397 1434 ut
408 1384 494 1434 Tullius
510 1383 565 1432 dicit
581 1382 673 1432 ibidem.
689 1382 838 1446 Hujusmodi
857 1392 920 1436 auten

124 1457 248 1509 secundirm
262 1457 362 1520 regulam
375 1454 468 1505 rationis
480 1455 619 1504 ordinantur.
634 1452 732 1504 Habitus
749 1460 835 1508 autem
852 1471 922 1509 secur

121 1529 174 1581 dium
193 1529 302 1579 rationem
319 1540 415 1591 operans
429 1530 464 1577 est
475 1526 548 1576 virtus
561 1525 669 1576 moralis:
685 1528 709 1575 et
720 1525 776 1578 iden
791 1530 859 1580 circa
872 1531 923 1579 ludos

121 1604 197 1664 potest
218 1613 269 1650 csse
287 1599 362 1662 aliqua
378 1598 465 1661 virtus,
486 1611 554 1662 quam
573 1597 730 1661 Philosophus
754 1601 924 1666 eutrapetiom

121 1671 237 1733 nominat,
249 1675 276 1720 ut
289 1670 420 1720 dictumest
434 1670 480 1733 (i,
496 1674 524 1734 i,
537 1685 576 1734 qu.
587 1673 626 1734 bo,
639 1673 682 1720 art.
694 1670 735 1732 5).
750 1672 781 1720 Et
793 1672 883 1723 dicitur
893 1673 923 1721 ali·

121 1742 172 1806 quis
183 1740 330 1806 eutrapetus
342 1740 355 1791 l
368 1741 427 1791 hona
440 1741 603 1804 conversione,
618 1743 672 1805 quia
686 1741 780 1792 scilicet
801 1745 866 1795 bend
880 1757 923 1794 con

122 1812 278 1876 vertitaliqua
294 1812 404 1863 dictaret
422 1811 520 1863 lactaiu
540 1813 652 1864 solatium.
667 1812 737 1862 Etim
757 1819 879 1877 quantum
894 1828 923 1879 pn

122 1886 182 1936 hanc
191 1885 297 1937 mmmmm
309 1887 377 1936 homo
389 1884 520 1937 refrenatur
530 1885 558 1934 ab
571 1883 746 1937 immoderantia
756 1885 885 1952 ludorum,
893 1886 923 1937 sul

122 1958 233 2009 modestia
245 1959 382 2009 continetur.

152 2033 186 2081 ld
196 2031 295 2096 primum
306 2043 361 2094 crgo
376 2029 510 2094 dicendum,
524 2030 582 2095 qubd
597 2030 656 2083 siout
669 2029 758 2080 dictum
772 2036 829 2095 est,
849 2035 920 2098 toccu

123 2102 208 2154 dehent
225 2115 347 2166 congruere
358 2101 456 2164 negotiis
469 2107 493 2152 et
506 2101 608 2168 personis
624 2117 629 2150 ε
646 2101 744 2152 undeet
763 2103 862 2156 'lollius
880 2103 923 2154 dicit

123 2176 147 2226 in
161 2177 181 2226 l.
193 2175 294 2226 Rhetor.
310 2175 365 2239 (scu
379 2176 415 2224 Dc
429 2177 520 2224 invent.
541 2173 634 2224 rhetor.
643 2175 661 2234 l,
677 2171 738 2236 qnod
754 2191 770 2222 c
784 2178 883 2240 quando
894 2189 924 2224 au·

86 2256 92 2267 ·
125 2248 209 2299 ditores
221 2252 275 2321 sunt
288 2246 420 2310 deindgati,
431 2260 477 2296 non
490 2252 527 2298 est
542 2245 622 2296 inutile
637 2246 664 2296 ab
680 2246 757 2308 ahqua
773 2261 801 2298 re
817 2263 881 2300 nove
894 2253 922 2298 aut

124 2319 219 2371 ridicula
229 2322 341 2370 oratorem
355 2317 472 2382 incipere,
490 2319 510 2368 si
526 2322 599 2368 tumen
615 2317 649 2368 rei
662 2317 764 2380 dignitas
782 2333 837 2370 uon
854 2321 923 2372 ndiuit

122 2391 215 2456 jocandi
232 2391 370 2440 facultatem.
390 2406 404 2435 o
425 2390 531 2439 lloctriua
549 2393 625 2439 autem
646 2401 710 2440 sacra
731 2389 848 2441 maximis
867 2393 922 2442 rebus

124 2462 231 2524 intendit,
243 2460 368 2512 secundnm
377 2460 432 2509 illud
442 2460 569 2520 Proceri„
580 2461 631 2512 Vlll
638 2475 644 2509 ι
652 2459 769 2524 «ludite,
780 2464 894 2524 quoniam
903 2465 923 2512 de

124 2535 192 2584 rebus
209 2533 297 2596 maguis
312 2533 414 2582 locutura
431 2545 490 2582 sum.
508 2533 601 2583 »Unde
618 2530 751 2582 hmhrosins
767 2545 818 2584 non
833 2533 923 2586 excludit

123 2605 283 2666 universaliter
296 2604 374 2668 jocum
392 2603 590 2656 toourersatioue
608 2605 724 2664 humone,
739 2605 782 2654 sed
799 2604 816 2654 h
830 2607 922 2657 doctrin

125 2689 204 2740 sacra;
219 2678 279 2726 undc
301 2674 441 2738 premittit:
463 2692 477 2724 u
493 2673 559 2726 Licet
581 2675 693 2726 interdum
711 2677 814 2726 honesta
831 2677 884 2742 joca
903 2688 922 2723 ro

126 2747 205 2796 suavia
219 2747 281 2809 sint,
294 2746 408 2796 tamenab
417 2746 569 2798 cmlesiastioa
581 2748 704 2806 abhorrent
714 2747 813 2810 repub,
824 2750 921 2815 quonian

125 2829 177 2876 que
189 2816 214 2864 in
231 2817 353 2880 Scripturis
368 2818 455 2868 sanctis
467 2831 514 2870 uon
532 2819 670 2884 reperimus,
687 2831 715 2868 ea
735 2822 920 2882 quemadmodum

123 2897 235 2948 usurpare
248 2888 362 2950 possimus
370 2887 403 2937 ln

158 2955 191 3006 hd
200 2957 469 3023 sccundumdicendum,
476 2959 539 3026 quod
546 2961 641 3018 uerbum
650 2960 707 3014 illud
717 2961 879 3028 tbrpsostom
887 2967 916 3016 est
