1934 3284
240 177 272 214 nn
286 175 472 218 wausrrrrons
485 175 636 230 mansurus.
793 169 839 218 ttt

66 256 89 306 Si
104 253 159 306 veru
176 252 304 305 necessitas
321 252 450 312 immineat,
465 253 552 303 licitum
570 257 605 304 est
616 268 667 304 cunt
680 254 755 305 dehita
770 268 834 307 rere·

36 328 103 378 centis
118 324 342 377 sortibuauiuinnro
355 323 466 388 judicium
478 325 612 389 implorare3
624 326 684 377 unde
698 326 836 388 Augustinus

39 399 87 447 lirit
100 397 125 446 in
141 398 227 461 Epist.
244 395 281 445 nd
296 396 453 444 Honoratum
467 395 557 460 (Epist.
572 396 702 459 ccxxxtz
716 414 731 444 u
743 397 768 447 Si
780 396 840 447 inter

38 469 72 517 llei
87 461 204 518 nonullos
216 467 247 516 sit
259 466 408 530 disceptatio,
421 465 459 528 qui
469 479 547 516 currunt
558 467 721 529 persecutionis
733 472 836 532 ternpore

38 538 263 600 nanoant,nelnga
275 536 839 602 intonatum,cumeorunngiannnunurle
863 530 872 546 '

38 611 137 660 omniurn
149 610 269 660 deseratur
283 608 397 670 Ecclesia3
413 608 433 658 ai
447 609 497 662 uec
513 607 647 672 disceptatio
658 609 724 660 aliter
739 620 839 674 non'po·

5 685 7 692 ’
38 683 102 732 luerit
119 680 254 742 terminari,
270 678 383 744 quantiano
394 680 449 730 rnihi
468 680 571 740 ridetur,
587 681 625 743 qul
639 686 746 732 manunt
758 686 782 732 et
799 679 839 745 qni

37 753 134 816 rugiant.
152 758 216 802 sorte
237 751 331 814 legendi
353 754 412 801 snut.
426 767 439 798 »
457 751 483 802 ur
496 750 522 803 in
534 752 545 800 l
559 753 596 801 De
611 752 729 802 doctrina
750 753 838 804 cotan.

39 826 98 889 (cap.
115 824 178 886 28),
194 822 266 872 dicit:
281 839 294 870 u
310 820 337 870 Si
355 821 396 872 titi
410 822 535 872 altune'aret
555 822 641 886 aliquid
654 825 713 887 quod
727 827 841 887 opomi

37 897 80 944 dari
90 897 112 948 ei
125 895 168 958 oni
177 907 226 944 non
236 893 331 946 namnet
341 929 348 953 ,
357 907 399 948 nee
412 893 500 944 duobus
510 893 560 948 dari
573 897 666 956 posset:
676 893 696 942 si
705 894 748 947 tibi
758 908 840 946 oueur·

37 971 110 1018 rorent
129 967 177 1016 duo
195 977 296 1028 quornm
313 971 394 1016 ueniter
407 965 478 1015 aliun
498 966 534 1016 rel
548 964 675 1026 indigentil
691 966 729 1015 rel
746 966 843 1028 ergoet

37 1038 107 1101 alique
121 1035 297 1088 necessitudine
316 1039 446 1098 surperaret,
461 1036 519 1087 nihil
529 1038 615 1101 justins
631 1037 718 1087 laceres
735 1036 803 1100 qulnr
815 1039 841 1085 ut

37 1114 92 1160 sorte
106 1105 224 1172 eligeres,
237 1105 277 1156 cui
293 1106 392 1156 nudum
407 1111 467 1158 ansel
480 1109 541 1172 quod
559 1108 608 1159 dari
622 1109 712 1172 utrique
725 1121 771 1159 non
791 1120 842 1171 pos·

37 1184 76 1228 sel.
87 1197 101 1226 n

65 1255 94 1303 ot
103 1265 148 1316 per
159 1251 205 1301 hoc
217 1253 283 1313 patet
295 1249 414 1314 responsio
427 1252 453 1301 ad
464 1251 562 1314 primum
576 1255 600 1300 et
615 1252 746 1304 seeundum.

65 1325 98 1374 ld
112 1321 212 1374 tertium
232 1321 366 1383 dicendum,
386 1321 445 1384 quito
461 1321 572 1385 judicium
590 1321 643 1370 terri
657 1321 788 1384 candentis,
805 1321 842 1370 rel

39 1410 97 1458 aque
116 1392 244 1456 lenientis,
260 1393 377 1442 ordinatur
392 1393 483 1456 pudent
496 1394 523 1442 a'd
541 1392 639 1456 alicujus
656 1393 743 1456 peccati
762 1392 846 1443 occulti

41 1467 212 1528 inquisitionem
233 1478 274 1528 per
290 1465 375 1529 ailquid
393 1466 451 1528 quocl
466 1465 494 1515 ab
505 1466 597 1516 nornine
611 1465 650 1527 ut,
661 1469 686 1516 et
697 1465 721 1515 in
732 1467 776 1515 lroc
789 1477 844 1516 con·

43 1538 103 1587 uenit
114 1551 167 1588 curn
187 1535 304 1597 sortibus3
317 1535 341 1585 in
352 1541 460 1598 nutantum
476 1539 551 1586 tamen
564 1541 694 1599 expectatur
707 1535 789 1598 aliquis
802 1535 845 1586 nti·

41 1609 154 1660 raunlosus
167 1606 287 1659 efferlnsl
297 1607 352 1670 uec,
362 1606 450 1658 excedit
460 1620 603 1660 communem
614 1608 709 1663 sortiunt
721 1607 842 1657 rationem.

41 1679 99 1730 nuno
109 1677 249 1744 hujusmodi
256 1677 366 1741 judicium
380 1677 480 1744 illicitum
491 1679 601 1740 redditur,
609 1683 657 1729 tum
665 1679 720 1742 quin
728 1678 846 1728 ordinatur

37 1750 199 1814 adjudicanda
210 1752 301 1798 occulta
311 1761 362 1811 qua
372 1748 448 1799 divino
455 1748 542 1813 judicio
552 1753 709 1810 sentiantur,
720 1755 768 1799 tnui
777 1749 845 1802 elien

37 1823 83 1884 qnia
97 1817 240 1886 hujusmodi
251 1817 364 1883 judicium
380 1832 426 1870 non
439 1825 474 1872 est
487 1820 619 1873 auctoritate
629 1821 706 1871 (lirion
723 1819 842 1870 sancitum.

38 1895 96 1945 lune
110 1895 147 1956 ll,
167 1906 210 1955 qu.
231 1894 259 1953 l,
275 1891 299 1940 in
315 1893 415 1940 noireto
429 1892 541 1956 Stephani
555 1890 717 1957 Papae'diritnr
732 1908 739 1940 a
756 1889 844 1941 «Ferri

33 1965 154 2016 candentis
165 1963 280 2024 velaque
291 1961 402 2014 ferventis
413 1963 580 2019 examinatione
589 1963 754 2014 confessionem
765 1967 842 2013 extor-

35 2037 94 2097 queri
106 2031 254 2099 locotione,
266 2034 325 2084 sacri
333 2047 379 2084 uon
389 2037 483 2084 censent
490 2033 608 2099 Cnnoues3
617 2034 705 2096 etquid
716 2039 843 2084 sauctorum

35 2108 123 2158 Patrunr
139 2107 284 2156 documento
298 2105 417 2166 sancituri
430 2110 539 2168 nonest,
554 2118 611 2168 supe
623 2105 712 2154 stitiosa
731 2103 843 2154 adiuuen-

36 2178 94 2229 tione
106 2192 156 2230 non
175 2179 214 2226 est
229 2177 423 2238 presumendum.
434 2177 564 2242 spontanea
578 2175 639 2226 enirn
649 2173 793 2226 confessione
806 2175 845 2225 rel

36 2253 128 2300 testium
145 2241 316 2314 approbatione
333 2247 447 2310 publicata
464 2246 701 2310 detruncatione
717 2243 789 2296 oculis
804 2243 844 2295 Dei

35 2322 130 2382 tinore,
145 2331 262 2370 concessa
278 2323 333 2368 sunt
349 2322 425 2370 nostro
440 2319 544 2384 regimini
555 2317 672 2382 judicere3
683 2317 772 2366 occulta
786 2313 841 2366 uero

35 2397 54 2441 st
65 2391 192 2456 incognito
204 2388 240 2439 illi
249 2387 303 2440 sunl
312 2389 469 2452 relinquenda,
477 2390 517 2454 qui
527 2388 590 2439 solus
599 2387 661 2438 uouit
669 2387 735 2437 corda
744 2386 841 2437 liliorum

36 2463 169 2521 hominurn.
187 2477 203 2508 n
217 2461 247 2512 ut
261 2461 339 2512 eadem
355 2457 411 2520 ratio
430 2459 519 2513 ridetur
535 2473 586 2510 esse
598 2459 626 2515 de
639 2459 689 2522 lege
704 2459 843 2522 duellorum,

35 2537 75 2588 nisi
96 2535 164 2601 quod
179 2534 234 2598 plus
253 2535 342 2584 accedit
364 2533 393 2585 aul
410 2546 553 2584 communem
571 2532 681 2588 rationein
700 2531 794 2583 sortium
798 2567 808 2593 ,
823 2529 848 2580 in

36 2612 152 2668 quantum
166 2619 216 2658 non
235 2608 369 2668 expectatur
383 2604 413 2654 ini
431 2603 577 2654 mnnculosus
597 2603 707 2666 allectus,
724 2602 768 2653 nisi
789 2600 850 2657 rorte

40 2681 132 2741 qnando
142 2677 235 2744 pugiles
248 2681 303 2730 sunl
314 2675 380 2730 valde
390 2675 490 2746 inpares
502 2676 586 2730 virtuto
598 2675 636 2726 rel
649 2679 716 2726 ane..
