1934 3284
128 121 176 172 sto
239 129 349 172 sucum
362 128 492 181 muns,
509 127 603 176 onus.
619 127 713 179 uum,
731 127 789 168 aas.
807 130 826 167 r.

126 211 209 264 riorsm
220 209 322 271 sultam,
333 207 420 258 soilioet
431 205 624 260 humilitatem,
635 218 688 269 que
701 206 810 257 excludit
822 207 919 257 lubntiu-

127 296 179 334 nen
192 279 282 345 glorie,
297 280 358 330 unde
370 277 499 341 dicitqudd
511 276 655 326 «humilitas
670 281 709 327 est
723 278 822 328 habitus
836 293 880 328 nou
890 294 919 328 su·

127 352 285 418 perabundans
301 352 326 401 in
344 350 473 414 sumptibus
490 352 513 400 et
527 347 752 413 praepuutluuitus;
767 367 783 396 r>
799 354 826 402 et
845 365 887 415 per
903 362 924 398 uo

128 425 325 488 sufficientium,
338 435 390 488 quar
407 421 508 473 excludit
527 419 681 472 intentionem
702 419 857 485 deliciarum,
875 423 918 471 uuis

129 495 185 561 dieii
201 494 263 559 qnbd
279 508 347 559 aper
361 507 386 546 se
398 491 535 545 sufficientia
545 495 582 542 est
599 490 694 541 habitus
709 497 841 543 contentus
858 495 923 557 quibu

129 571 229 632 oportet,
243 571 266 618 et
278 566 448 618 determinativa
458 577 537 615 eornm
555 575 606 627 que
618 564 647 613 ad
666 563 758 613 uiuere
771 566 923 617 eunreuimtr

130 637 263 705 (seonudbun
278 638 332 689 illud
343 638 417 702 Epist.
431 639 451 686 l.
466 636 503 686 ud
521 634 635 690 Timotb..
656 635 701 685 ult.
714 650 722 684 t
739 653 756 684 «
772 637 887 688 Habentes
896 637 923 686 al·

131 713 208 762 meula
220 715 244 762 et
259 710 341 776 quibus
356 713 474 772 tegamur,
484 707 521 758 bis
534 706 636 758 conteuti
647 707 722 756 simus
732 709 742 772 )
754 725 763 771 ;
775 725 791 756 o
804 715 831 760 et
843 710 925 773 simpl-

131 785 252 837 citutem‚
263 795 314 848 qne
324 781 421 833 excludit
429 781 566 845 superfluam
578 778 763 830 sollicitudiuem
774 781 872 844 uhum,
882 781 925 830 uude

132 853 187 906 dicit
202 854 263 920 qubd
279 852 436 917 «simplicitas
449 856 484 902 est
500 851 590 901 habitus
600 854 724 901 mutemus
735 851 778 902 his
789 867 846 916 qne
859 855 927 902 contu

133 932 189 994 gunt
197 930 243 993 (t).
257 928 317 977 »lix
327 929 393 992 parts
406 929 482 976 auum
493 923 605 986 deiectis,
619 922 727 974 simililer
741 931 829 989 potest
842 927 928 978 essetu-
901 897 940 974 pl

133 997 499 1066 plesinordinatioperadeotum.
509 995 660 1060 Uuoquidem
670 996 741 1046 modo
743 952 942 1080 ,ειυεςϋςει111

134 1071 234 1122 hominis
252 1072 291 1136 qui
310 1083 356 1121 nun
369 1069 461 1120 adhibet
476 1068 577 1119 studium
594 1067 631 1118 vel
647 1067 754 1118 laborem
776 1072 808 1120 ad
829 1071 928 1133 booron

134 1142 241 1194 exteriori
258 1144 319 1192 uultu
334 1145 408 1191 ulatur
419 1142 503 1192 secund
491 1140 543 1191 dim
557 1138 617 1204 qndd
630 1141 747 1203 oportet:
764 1144 834 1193 unde
848 1138 943 1194 Philon-l

134 1216 195 1278 pbns
208 1213 287 1264 dioit'
280 1228 306 1264 su
324 1215 377 1263 Vll.
392 1212 477 1264 Etbio.
492 1212 539 1276 (il,
553 1209 614 1275 quod
628 1227 642 1258 u
654 1211 684 1260 ad
700 1211 837 1264 mollitiem
852 1216 929 1279 pertin
943 1217 944 1278 l

135 1287 196 1350 quhd
215 1286 298 1351 aliquis
309 1287 385 1336 trabat
401 1285 564 1336 uestimentum
577 1295 618 1348 per
634 1285 735 1344 terram,
752 1288 783 1334 nt
799 1299 851 1337 nou
867 1288 945 1346 laboral

134 1359 244 1409 elevando
261 1359 345 1422 ipsum.
364 1375 379 1404 o
395 1357 445 1408 llio
465 1356 548 1418 modo,
564 1369 593 1405 ex
608 1353 710 1418 supuda
732 1356 823 1419 ipsum
838 1359 946 1418 delectur

136 1429 254 1482 exterioris
267 1429 342 1482 cultris
354 1430 382 1479 ad
402 1428 496 1492 gloriam
514 1427 622 1478 ordinat:
639 1427 700 1476 rmde
720 1426 785 1478 dicit
810 1431 947 1522 Augustino*

136 1501 160 1551 in
174 1501 213 1551 lib.
225 1503 262 1551 De
272 1516 347 1551 renna
362 1501 466 1550 Domini
476 1503 503 1550 ira
513 1497 660 1562 monie(lib.
673 1497 768 1562 ll,eap.
780 1503 819 1550 11
830 1503 881 1554 sive
892 1503 933 1551 11]·
947 1535 948 1580 p

139 1589 154 1620 u
166 1573 218 1622 lton
231 1572 255 1622 in
272 1572 321 1623 solo
338 1585 414 1622 rernm
434 1583 592 1637 eorporearum
611 1569 685 1620 ultore
698 1573 772 1634 atque
793 1587 898 1638 pompa,
911 1583 948 1621 se¹

137 1643 206 1695 etiam
215 1643 240 1693 in
251 1643 308 1708 ipsis
324 1643 428 1695 sordibus
439 1643 549 1694 luulnnsis
562 1655 611 1694 esse
623 1653 692 1706 posse
704 1641 871 1705 jactantiam,
888 1650 908 1695 et
920 1658 935 1691 o
948 1615 949 1678 1

138 1712 336 1778 periculosiorem,
350 1714 411 1779 qndd
426 1716 470 1765 suh
483 1715 576 1766 nomine
591 1711 707 1764 seruitutis
720 1713 765 1764 liei
779 1715 884 1781 decipit.
897 1734 909 1763 r
922 1717 935 1762 l·

138 1784 289 1850 Philosophus
305 1786 361 1837 dicit
375 1787 399 1837 iu
416 1788 457 1837 lv,
477 1788 602 1848 Eilicor„
617 1784 676 1849 qudd
695 1801 709 1832 u
730 1788 935 1850 superabundanti

138 1860 161 1908 et
171 1857 312 1910 inordinatas
320 1860 424 1910 delectus
434 1859 462 1909 ad
474 1858 606 1923 jactantiam
617 1855 727 1921 pertinet.

169 1930 203 1980 lld
215 1931 311 1995 primum
323 1943 378 1994 ergo
388 1929 526 1992 dicendum,
536 1929 596 1993 qnid
608 1925 713 1992 quamvis
726 1927 781 1992 ipss
795 1932 878 1983 cultus
888 1937 936 1983 eutr·

138 2001 185 2052 rior
197 2014 244 2052 nou
257 2003 288 2052 sit
302 2001 423 2062 inaura,
437 2004 513 2052 uuor
532 2001 561 2050 ad
574 1999 699 2050 naturalem
716 1998 838 2052 rationem
852 2004 935 2068 pertine

138 2077 165 2122 nt
177 2073 309 2125 aeriorem
321 2074 406 2123 uultum
421 2073 558 2124 moderetur.
567 2072 596 2121 lit
605 2069 731 2122 secuudum
744 2071 792 2122 hoc
805 2075 861 2124 nati
875 2089 937 2126 suun

139 2144 199 2195 bauo
215 2144 322 2195 drumm
339 2145 454 2208 suscipere
473 2157 524 2208 quae
544 2144 680 2194 antenorem
698 2143 789 2192 uultum
805 2148 937 2197 moderatur.

169 2216 204 2267 ad
217 2217 342 2267 secundum
360 2216 491 2277 dicendum,
503 2213 563 2279 quhd
576 2215 610 2266 illi
624 2214 663 2278 qul
679 2214 702 2265 in
718 2213 879 2276 dignitatibus
893 2215 939 2267 'con-

133 2286 277 2348 stituuntur,
293 2287 331 2338 uel
350 2287 419 2338 etiarn
442 2286 540 2337 ministri
557 2285 634 2337 altaris
647 2284 824 2350 pretiosioribus
845 2289 938 2341 vestibus

138 2358 206 2424 quim
217 2359 293 2409 ueteri
304 2357 441 2418 induuntur,
453 2361 602 2422 nouapropter
612 2357 648 2408 sni
662 2355 757 2421 gloriam
765 2359 822 2417 ,sed
834 2361 864 2410 ad
876 2360 939 2422 sigui·

139 2429 253 2481 bundam
272 2429 430 2481 excellentiam
448 2429 486 2480 sni
507 2429 628 2480 ministerii
648 2427 683 2478 vel
707 2427 785 2478 cultris
807 2428 886 2482 divini
902 2445 908 2479 ε
922 2435 939 2478 et

173 2592 207 2657 (t)
216 2597 252 2642 Ex
267 2607 341 2655 parea
352 2595 431 2654 phrasi
443 2595 570 2642 seeundum
580 2607 650 2654 quam
660 2589 814 2664 ἐνδεχόμενα,
831 2596 882 2642 sive
892 2609 938 2641 eue-

33 2638 34 2679 l
140 2668 276 2722 tisqests'o,
293 2679 335 2723 pro
353 2667 497 2724 quibuslibet
507 2667 638 2725 promiscui
649 2667 724 2712 uhrlrs
739 2674 891 2725 usurpantur.

174 2733 206 2794 (1)
220 2739 250 2781 Ut
268 2750 321 2795 esp.
335 2738 351 2782 8
361 2738 520 2797 wssrseuo-lat
534 2739 612 2784 uidere
626 2743 677 2797 est,
693 2739 729 2782 vel
750 2749 805 2795 oap.
818 2737 938 2784 'linanti-

141 2795 206 2852 uuis‚
225 2802 249 2841 et
267 2800 365 2855 spuds.
376 2801 490 2847 'rhomam
502 2801 556 2846 leet.
567 2799 591 2855 '¹3
584 2801 661 2847 ·sed
654 2813 678 2846 sn
692 2799 828 2847 Coloniensi
843 2801 937 2846 editione

140 2855 306 2914 admargiusm
319 2861 464 2920 ineptissimi
479 2862 523 2908 lib.
539 2863 562 2908 1.
