1934 3284
115 186 145 234 tc
224 195 331 236 eremum
347 195 474 246 murra,
489 195 585 245 octar·
602 195 683 246 num,
700 195 756 236 nnr.
773 195 799 232 rr.

412 368 573 422 telleneus
587 369 616 419 ll.

354 497 441 544 domm
450 497 536 553 relicto
546 496 580 542 ιιι
588 494 672 542 utrem

148 625 181 676 tu
201 625 324 676 secundum
338 623 371 676 sic
388 623 526 690 proceditur.
543 621 714 686 Videturgodd
732 621 812 686 eigto
823 624 921 674 nonnil

115 697 196 748 rirtna
212 697 245 748 td
257 694 389 760 religionem
402 694 462 748 enim
473 693 586 759 pertinere
600 695 688 746 ridetur
705 695 752 746 llao
765 694 919 748 reuerentiam

115 767 232 821 exhibere.
247 769 290 820 Sed
301 765 400 820 reuereri
413 767 449 818 εει
462 769 526 817 actus
538 767 635 829 timoris,
644 766 684 831 qni
696 770 731 818 εει
739 767 838 828 doum,
849 769 920 818 etex

116 853 181 904 cupra
191 840 257 891 (ιιειιε
270 842 333 904 patet
347 839 396 904 (qu.
407 842 499 900 ltl,art.
514 837 554 902 tl).
564 839 624 902 lirgc
635 837 715 904 religio
724 851 771 889 nou
781 841 818 890 eet
829 837 916 901 mmo,

116 913 156 964 εει
169 913 260 963 donum.

146 987 170 1034 ε.
185 985 304 1047 Praetcrea,
312 983 387 1034 omnis
399 981 503 1034 virturin
515 981 585 1033 lilrera
593 981 710 1036 εειιιειειε
722 980 840 1044 εειιείειιις
850 982 918 1034 unde

115 1053 196 1108 dicitnr
205 1055 295 1106 habitus
304 1053 424 1116 electivae,
436 1053 473 1104 rel
484 1053 635 1106 voluntarius.
647 1053 692 1104 Sed
702 1052 762 1104 ciem
771 1052 856 1103 dimum
866 1058 917 1117 eet,

115 1127 143 1176 ad
160 1125 293 1190 religionem
307 1125 405 1190 pertinet
421 1124 503 1186 latria,
515 1137 567 1190 qua
584 1125 718 1176 servitutem
732 1125 853 1191 quamdam
866 1123 919 1178 inn-

114 1201 197 1262 portet.
211 1199 269 1260 Ergo
279 1195 359 1261 religio
370 1209 417 1248 non
429 1200 465 1247 εει
474 1197 557 1248 virtue

147 1274 169 1320 a.
189 1272 318 1333 preterea,
335 1268 394 1319 sient
404 1267 512 1320 denitur
526 1269 552 1318 in
568 1269 597 1320 ll.
610 1268 693 1320 little.
709 1270 776 1332 (cap.
792 1266 922 1332 r),apti-

114 1340 169 1392 tudo
182 1340 290 1390 umatum
300 1339 362 1390 inest
374 1338 464 1392 uolut
478 1343 569 1403 namrc3
581 1340 643 1391 nude
655 1353 681 1391 ee
690 1353 744 1404 que
756 1337 872 1403 pertinent
885 1342 919 1392 ed

114 1411 225 1472 εἰειιιιεε,
242 1414 296 1462 eunt
309 1409 337 1461 de
351 1409 475 1460 dictamine
484 1410 579 1462 rationis
592 1411 713 1463 namnetis.
727 1410 772 1462 Sed
782 1409 810 1460 ad
824 1409 921 1473 religio·

115 1495 167 1533 neur
180 1482 281 1546 pertinet
294 1481 446 1534 ceremoniam
456 1481 540 1534 diuina
552 1485 638 1536 natura
649 1480 920 1544 recommemorata

115 1555 204 1618 antem,
218 1556 243 1603 nt
251 1552 335 1610 dietum
346 1556 382 1604 εει
393 1565 460 1617 snpra
472 1553 481 1614 (
491 1556 515 1615 ι,
525 1557 550 1616 ι,
564 1566 604 1616 qn.
617 1556 656 1617 ct,
668 1557 712 1604 art.
728 1557 752 1614 a,
768 1552 797 1603 ad
810 1551 857 1615 ι),
868 1565 921 1605 non

114 1627 168 1674 sunt
175 1625 202 1674 de
212 1623 335 1675 dictamine
345 1623 440 1674 rationis
451 1623 569 1675 naturalis.
577 1625 637 1688 Ergo
648 1624 726 1688 religio
734 1635 781 1673 non
790 1625 827 1672 εει
833 1622 920 1677 ruine.

146 1695 190 1746 sed
202 1698 281 1746 eonor
297 1698 347 1759 εει,
364 1693 417 1759 quie
434 1697 609 1748 connumeratur
624 1695 675 1747 aliie
693 1693 829 1757 uirtutibus,
845 1697 873 1744 nt
885 1709 920 1748 ex

114 1766 238 1831 premissis
247 1769 318 1830 patet

148 1839 305 1900 (conuiuio.
323 1865 353 1874 -
365 1837 422 1890 Cim
435 1839 482 1889 lleo
493 1838 593 1890 delitum
606 1839 718 1889 honorem
729 1840 753 1888 ει
763 1837 920 1890 moeremium

114 1907 234 1970 exhibere,
247 1909 274 1960 ed
287 1909 419 1971 religionem
430 1912 532 1974 spectet,
550 1907 679 1960 necessario
693 1908 773 1971 religio
790 1907 841 1974 ipen
855 1909 919 1964 inter

114 1977 211 2030 uirtutes
227 1983 382 2032 enumeratur.
399 1985 408 2046 l

145 2049 279 2114 Responderi
294 2050 426 2112 dicendum,
440 2051 500 2116 quod
518 2050 577 2102 sicut
592 2050 660 2116 cupre
675 2051 760 2102 dictum
777 2055 815 2104 εει
828 2052 872 2117 (ι,
890 2059 920 2120 2,

114 2135 153 2185 qn.
170 2119 213 2186 55)
223 2159 230 2186 ,
240 2122 313 2173 virtus
323 2126 360 2174 εει
375 2137 427 2187 quac
440 2124 525 2176 bonnm
538 2123 594 2173 iacit
608 2123 746 2184 habernem,
757 2125 850 2188 etopus
863 2124 920 2190 ejus

113 2191 199 2242 bonum
209 2192 290 2255 reddit,
300 2209 314 2242 c
323 2197 346 2243 ει
351 2193 402 2245 ideo
414 2207 508 2244 necesse
517 2197 552 2244 εει
560 2194 733 2246 dicareomnem
742 2197 820 2246 aetum
829 2195 919 2252 bonnm

113 2263 142 2314 ad
157 2263 264 2315 vitutem
286 2265 406 2328 perimere.
424 2264 567 2316 Manifestum
584 2269 621 2316 εει
643 2267 720 2316 autem
739 2265 800 2329 gudd
821 2268 920 2328 reddere

113 2334 214 2386 debitum
226 2336 293 2386 adcui
305 2337 375 2386 habet
386 2335 496 2390 rationem
509 2337 576 2402 boni;
586 2336 639 2400 quia
649 2350 690 2401 per
700 2337 746 2387 doe
758 2337 820 2401 guid
832 2337 919 2404 dignis

114 2403 179 2456 elteri
191 2405 292 2458 debitum
307 2406 394 2470 reddit,
408 2407 551 2458 constituitur
565 2407 591 2460 iu
606 2406 752 2472 proportione
765 2411 918 2466 conuenienti

113 2480 218 2541 respectu
230 2477 313 2540 ipsius,
330 2477 394 2540 qonei
407 2479 569 2530 conuenienter
587 2479 706 2530 ordinatus
719 2480 747 2529 ad
758 2479 847 2544 ipsum,
858 2484 918 2536 ordo

113 2553 189 2599 autem
206 2547 235 2598 ad
250 2547 361 2604 rationem
372 2549 427 2600 boni
443 2549 555 2614 pertinet,
569 2550 628 2601 sient
642 2554 666 2601 ει
678 2551 762 2602 medua
773 2554 797 2603 et
809 2553 917 2621 species,

113 2621 139 2670 nt
149 2632 190 2684 per
206 2618 354 2682 duguatinunr
372 2623 437 2684 patet
448 2620 473 2670 in
489 2621 546 2672 libro
557 2622 595 2672 De
610 2623 713 2672 Natura
724 2621 782 2672 doni
795 2623 863 2688 (cap.
875 2627 919 2692 ιι),

113 2690 170 2742 Girrn
188 2704 241 2755 erge
256 2691 285 2742 ad
297 2691 431 2756 religionem
446 2693 559 2758 pertineat
577 2694 798 2750 redderehounrem
815 2696 922 2751 detritum

113 2762 181 2816 alicui
191 2763 293 2828 (scilicet
307 2763 376 2829 lleo),
387 2763 533 2816 manifestum
546 2768 583 2816 εει
598 2764 658 2830 qudd
670 2765 749 2830 religio
762 2766 837 2820 uitur
848 2774 899 2823 εει.

145 2833 179 2884 Ad
191 2835 289 2898 primum
303 2847 356 2899 ergo
369 2834 506 2898 dicendum,
524 2835 585 2901 qnod
597 2837 697 2888 reuereri
710 2838 781 2887 neum
794 2843 831 2890 εει
850 2845 921 2896 aetus

113 2903 167 2957 doni
176 2905 276 2970 timoris3
285 2908 313 2957 ad
321 2906 451 2970 religionem
461 2912 538 2963 autem
549 2907 648 2973 pertinet
656 2910 731 2965 lacere
739 2908 922 2979 aligmorcpmu
