1934 3284
319 207 350 244 on
364 205 530 254 conuiuarum.
779 197 825 244 ‘itit

21 280 113 343 pliciter
129 278 234 344 intelligi.
248 281 297 331 Uno
316 281 382 331 modo
400 281 524 331 secumldm
539 280 598 345 qnod
616 282 726 347 accipitur
743 283 825 332 conii-

20 355 110 402 nentia
123 358 190 416 prout
202 353 299 402 abstinet
312 353 340 402 ab
359 355 465 404 omnibus
480 356 586 404 venereis
598 371 604 403 :
615 357 639 404 et
654 358 696 405 linc
707 357 771 405 modo
789 356 825 406 di-

21 422 248 488 cilurqnluluomnis
256 424 386 486 ponderatio
397 439 440 476 oon
448 429 482 476 est
491 425 559 487 digno
567 425 648 477 aoimae
657 426 822 486 continentie»

23 498 48 545 iu
68 508 154 558 genere
173 496 296 558 castitatis3
311 495 364 559 qnia
383 511 425 546 neo
446 495 514 546 etiam
533 496 668 547 iocunditas
688 500 761 549 carnis
777 512 828 564 qrrae

21 567 133 630 quaritur
153 566 176 618 iu
192 568 348 630 menimento,
360 569 651 632 tdaeuoaturceutinautio
667 570 772 634 orginali
789 571 826 622 uel

20 639 128 700 viduali,
142 644 167 688 ol
181 639 247 703 supri
262 640 345 689 dictum
358 645 394 690 est
408 643 461 704 (qo.
473 645 533 702 152,
545 647 587 690 art.
600 643 639 704 5).
651 641 701 691 llio
712 643 778 692 modo
787 655 828 707 po-

22 714 72 760 test
86 709 181 773 intelligi
195 709 318 772 seeundum
329 711 388 776 pudo
397 725 480 762 nomeu
489 713 650 765 continentie
659 713 828 771 eumitmmm·
883 738 886 744 ·

23 781 127 832 mrruiter
144 795 184 846 pro
198 781 259 832 omoi
274 783 409 847 abstinentia
422 781 435 832 dr
450 783 518 842 relius
532 783 615 847 illicitis
636 788 680 834 :et
692 785 727 832 sie
746 783 828 835 dicitur

23 852 87 916 qo'ml
103 869 117 900 «
131 855 205 904 omnis
219 854 407 918 ponderationem
422 858 457 904 ent
470 855 538 917 digna
552 855 634 915 animal
645 855 800 920 continuatim
812 872 827 913 a

23 927 81 989 qnia
99 941 146 978 uon
160 927 240 992 rec-ipit
253 927 427 990 estimationem
440 928 538 987 auriuel
550 927 649 992 argenti,
662 941 715 992 quat
728 939 830 990 commn-

23 1001 106 1046 tantm
119 1000 146 1048 ad
160 1001 256 1064 paudus.

59 1071 93 1120 ld
114 1071 237 1121 secundum
256 1069 466 1134 circummunit
487 1070 619 1134 magnitudo
640 1068 831 1133 oncupiscentia

24 1155 68 1193 seu
80 1141 186 1192 debilitas
196 1142 248 1206 ejus
258 1155 287 1192 ex
295 1141 379 1205 duplici
389 1153 455 1192 causa
466 1142 588 1204 procedere
597 1143 680 1204 potest.
692 1141 831 1205 Quandoque

23 1213 89 1264 enim
109 1213 211 1276 procedit
230 1225 343 1262 excausa
363 1212 481 1276 corporali.
494 1212 590 1270 Quidam
609 1211 669 1261 enim
687 1223 716 1259 ex
735 1212 832 1262 naturali

24 1284 188 1348 complexione
203 1288 256 1334 suot
270 1284 342 1348 magis
355 1283 421 1347 proni
437 1284 465 1333 ad
480 1282 686 1347 concupiscendum
700 1281 767 1344 ocrim
782 1282 830 1334 alii.

24 1358 55 1406 m
69 1356 151 1411 iterum
165 1354 256 1419 quddam
269 1356 354 1411 habeut
364 1354 545 1420 opportunitates
557 1354 732 1405 denotationem
747 1365 833 1404 conou—

23 1427 166 1492 plsceotiam
180 1427 360 1487 inflammantes,
371 1427 443 1489 magis
451 1431 539 1491 paratas
549 1425 617 1489 quim
629 1425 676 1475 alii.
688 1425 716 1474 Et
728 1426 782 1476 talis
792 1427 833 1476 cle-

24 1500 108 1550 bilitaa
131 1498 322 1562 concupiscentie
350 1499 457 1549 diminuit
479 1499 600 1562 meritum,
622 1499 756 1560 magnitudo
778 1498 833 1550 rerd

24 1577 99 1636 auget
109 1586 114 1622 :
125 1573 259 1636 quandoque
273 1571 327 1622 uero
337 1570 441 1622 debilitas
453 1573 490 1622 uel
500 1571 631 1635 magnitudo
640 1571 833 1635 concupiscentiae

24 1643 137 1710 provenit
146 1656 175 1692 ex
187 1655 253 1692 causa
264 1643 375 1706 spirituali
388 1643 506 1706 laudadili3
517 1643 572 1708 poti
583 1655 613 1692 er
623 1642 767 1692 vehementia
779 1645 834 1693 clra·

24 1716 121 1777 ritalis,
136 1715 170 1764 rel
183 1713 316 1764 tortitudine
326 1715 542 1776 retinniu‚sicrrtest
552 1715 576 1763 iu
586 1714 679 1764 lromiue
688 1718 831 1777 temperator

24 1791 56 1842 Et
72 1791 118 1836 lroe
134 1787 200 1835 modo
214 1786 317 1836 mollitas
328 1786 519 1850 coucupiscentia
535 1789 604 1851 auget
616 1787 736 1850 meritum,
748 1786 835 1838 ratione

23 1874 79 1914 auae
96 1871 186 1920 cnunoe3
203 1857 333 1922 magnitudo
344 1857 398 1911 reru
409 1858 499 1908 minuit.
515 1864 518 1871 ¹

58 1933 97 1984 Ac
109 1929 201 1980 tertium
211 1930 344 1988 dicendum,
357 1929 416 1994 quod
428 1930 533 1980 voluntas
542 1928 690 1993 propinquior
699 1932 735 1980 eet
752 1928 835 1980 rationi

24 2004 101 2070 quim
116 2001 154 2049 uis
168 1999 360 2064 concupiscibilis.
377 2000 540 2050 lludedonum
554 1999 647 2050 rationis
660 2013 688 2050 er
703 2013 749 2063 quo
762 1999 837 2050 rietus

23 2076 150 2132 laudatur,
160 2072 235 2135 maim
249 2085 300 2123 esse
312 2072 438 2122 ostenditur
449 2086 478 2123 ex
490 2074 533 2122 troc
542 2071 602 2136 quid
617 2072 725 2136 pertingit
736 2083 784 2120 nou
798 2083 836 2121 eo·

24 2148 77 2200 lirm
92 2157 166 2207 usque
181 2145 208 2193 ad
222 2146 374 2206 uoluntatem,
389 2145 428 2195 ned
443 2143 512 2194 etiam
527 2145 638 2208 usquead
652 2140 698 2191 uini
712 2141 838 2206 concupie-

24 2218 124 2270 ciuilem
139 2215 211 2278 (quod
225 2215 306 2266 accidit
321 2215 346 2264 in
361 2215 439 2280 coqui
453 2219 490 2266 aet
502 2217 656 2279 temperatus)
670 2213 738 2277 quim
752 2212 773 2263 sl
786 2227 838 2277 per·

25 2292 108 2354 ungat
119 2285 195 2338 imum
205 2286 234 2337 ad
243 2287 396 2351 umuutatem3
409 2291 435 2338 ut
443 2287 526 2338 accidit
533 2287 561 2338 iu
569 2298 598 2337 eo
610 2286 650 2351 qui
659 2289 695 2336 est
709 2285 836 2336 confinem.
