1934 3284
130 140 176 189 tot
232 148 340 187 mensor
358 146 491 198 armna,
507 146 606 193 onear.
622 147 719 195 nunu,
733 147 796 187 eur.
811 150 848 187 rr.

129 226 160 277 ila
176 226 245 277 etiarn
257 225 280 274 in
290 223 410 274 elleclihus
423 222 581 288 spirituahhus
592 234 638 272 nou
650 222 780 288 praetigit
790 226 889 290 aliquam
899 226 932 273 lh-

129 298 280 365 pmitionem,
298 297 338 346 sed
355 298 430 360 potest
446 294 514 345 simul
528 306 580 344 cum
598 294 680 344 ellectu
696 296 819 359 spirituali
839 299 931 347 iuducere

131 368 305 432 dispositionem
325 368 514 429 contrementem,
528 365 602 429 qualis
618 367 744 429 requiritur
764 369 892 419 secuudum
905 383 932 416 or-

132 442 208 490 dinem
223 444 317 491 nature.
333 439 361 490 ct
374 438 470 489 ulterihs
487 441 565 502 posset
577 438 647 487 etiam
661 438 734 488 simul
750 454 796 503 per
811 442 931 491 creationem

133 506 255 577 producere
267 511 341 575 ipsum
355 510 499 575 subjectum,
509 514 535 559 ut
543 508 629 558 sedicet
638 509 762 570 animum,
777 519 805 562 et
815 512 842 561 iu
851 514 896 575 ipsa
908 511 932 558 sui

134 584 248 633 creatione
262 584 393 647 disponeret
406 582 434 631 ad
448 580 608 646 prophetiam,
624 585 649 632 et
663 582 731 632 daret
744 584 772 633 ei
787 586 883 649 gratiam
893 597 931 647 pm

135 655 259 718 phetalem.

168 728 200 777 to
212 726 307 793 primum
320 740 372 790 ergo
386 725 520 785 dicendum,
532 723 593 787 quhd
606 722 746 775 indifferens
759 730 841 778 estad
854 730 932 794 prople-

136 798 190 849 tiam
202 799 381 861 quibuscumque
391 795 577 847 similitudinibus
588 808 624 845 res
634 798 780 859 prophetica
794 803 932 865 exprimatur:

136 874 160 921 et
175 870 227 921 ideo
243 872 310 919 homo
325 882 353 919 ex
370 867 501 933 operatione
514 866 592 916 diviua
603 879 650 916 nou
663 866 815 920 immutatur
828 873 887 921 circa
898 887 936 932 pn·-

136 942 246 1007 phetiam.
261 943 397 991 llemuvetnr
409 943 484 990 autem
500 936 578 988 diviua
592 938 696 1002 virtute,
711 939 811 1005 siquid
829 945 935 1009 propium

137 1016 257 1077 repugnat.

170 1086 201 1135 ld
222 1084 348 1135 secuudum
369 1082 506 1143 dicendum,
522 1080 582 1147 quhd
601 1081 732 1145 speculatio
748 1085 865 1138 scientie
882 1088 902 1136 lit
918 1100 936 1134 u

137 1170 207 1209 eausa
223 1154 326 1206 naturali.
341 1156 426 1205 Natura
440 1164 573 1205 autemnon
590 1158 666 1217 potest
679 1157 780 1217 operari
799 1158 849 1208 nisi
862 1159 937 1222 disposi-

137 1228 201 1279 tione
212 1229 352 1293 pratcedente
368 1227 392 1275 iu
405 1226 507 1277 materia.
523 1226 587 1285 Quod
601 1238 647 1274 non
658 1228 696 1275 est
708 1226 848 1281 dicendum
862 1232 889 1281 de
900 1232 936 1279 ltu,

138 1300 178 1366 qui
187 1306 223 1352 est
237 1300 360 1365 pmphetiae
372 1312 448 1349 eausa.

171 1374 204 1423 hd
216 1372 305 1422 tertium
320 1371 440 1421 dicendum
447 1408 455 1435 ,
467 1369 528 1434 quhd
539 1370 614 1433 aliqua
627 1371 747 1421 naturalis
765 1373 937 1439 indispositum

139 1456 184 1495 nou
201 1446 365 1505 removeretur,
379 1441 490 1506 impedire
505 1444 582 1505 posset
595 1442 760 1505 prophetalem
775 1433 950 1508 revelationieu.i

140 1515 196 1580 puli
210 1516 230 1564 sl
248 1514 330 1577 aliquis
343 1517 405 1563 esset
422 1514 522 1565 totaliter
535 1526 605 1563 sensu
619 1514 719 1563 naturali
737 1517 884 1569 destitutus.
896 1521 938 1568 Sto:

141 1588 210 1639 etiam
225 1586 346 1650 impeditur
359 1585 442 1648 aliquis
457 1586 484 1635 ah
501 1590 552 1635 actu
567 1586 719 1650 prophetandi
736 1601 783 1650 per
801 1591 904 1655 aliquam
916 1602 938 1635 ve

141 1660 271 1709 hementem
287 1657 433 1721 passionem,
448 1656 485 1708 vel
498 1657 536 1707 irae
550 1658 587 1706 vel
599 1656 823 1723 concupiscentiae,
837 1664 908 1727 qualis
920 1669 939 1708 s

142 1731 165 1781 in
184 1730 259 1789 coito,
274 1730 310 1779 uel
327 1742 367 1794 per
386 1742 552 1792 quamcumque
571 1728 638 1778 aliam
658 1729 810 1791 passionem.
832 1736 879 1785 Sed
894 1715 950 1782 mles*

141 1802 340 1867 indispositiouem
356 1800 483 1851 naturalem
493 1804 595 1851 removet
605 1799 677 1850 uirtus
687 1799 783 1868 divina,
796 1821 855 1870 qnae
865 1814 897 1858 est
908 1820 940 1870 pus

141 1876 226 1939 phetiae
239 1886 316 1923 causa.

437 1989 597 2041 tumentes
613 1990 653 2038 ltl.

214 2118 299 2163 Uirdio
313 2117 404 2161 tonitam
414 2129 508 2161 morum
521 2116 662 2173 requiratur
670 2116 703 2161 ud
718 2119 889 2175 prophetiam.

174 2244 208 2294 hd
219 2248 323 2307 quartum
335 2242 368 2293 sic
381 2242 511 2307 proceditur
518 2242 564 2306 (l).
578 2242 673 2291 Videtur
684 2241 746 2305 quod
759 2244 862 2297 bouitas
872 2259 937 2296 murm

142 2317 270 2381 requiratur
286 2316 313 2365 ad
330 2314 480 2380 prophetiam.
496 2315 652 2366 diciturenim
667 2316 739 2379 Sep,
752 2318 806 2379 Vll,
822 2320 883 2383 qued
897 2331 937 2366 us·-

142 2388 230 2453 pientia
240 2388 281 2437 Dei
292 2401 333 2453 per
349 2387 452 2437 nationes
463 2388 488 2436 iu
498 2387 585 2438 animas
594 2390 685 2436 sanctas
695 2400 720 2437 se
730 2387 849 2441 transfert
857 2410 864 2456 ;
873 2392 938 2442 antu<

143 2459 184 2509 ltei
202 2463 226 2511 et
248 2461 369 2524 prophetas
385 2456 511 2508 constituit.
528 2474 541 2505 o
557 2459 600 2509 Sed
616 2458 727 2508 sanctitas
746 2472 800 2510 nou
816 2468 893 2526 petest
905 2475 937 2510 ess

145 2532 193 2581 sine
205 2531 307 2581 bonitate
317 2544 413 2593 morum,
429 2536 452 2581 et
462 2530 511 2581 sine
522 2530 592 2593 gratia
606 2542 695 2593 gratum
707 2530 822 2584 iaciente.
834 2537 892 2600 Ergo
900 2547 939 2596 pne

143 2602 227 2720 puellat
238 2615 284 2652 non
303 2605 443 2667 potestesse
459 2603 508 2653 siue
519 2602 620 2653 bouitute
638 2615 728 2653 morum
741 2606 767 2654 et
779 2607 856 2668 gratia
870 2612 938 2671 gratur

154 2683 217 2720 amen
228 2683 249 2720 e.

116 2824 122 2835 ·
178 2810 208 2870 (1)
232 2814 264 2858 lte
287 2816 323 2861 his
338 2818 409 2863 etiam
427 2832 467 2875 qu.
487 2818 531 2875 la,
547 2818 575 2864 de
593 2821 672 2875 uerit,
690 2824 738 2866 art.
760 2819 794 2876 ὃς
817 2830 844 2871 ee
858 2785 950 2883 (lpum.¹

142 2874 189 2927 lll,
205 2884 259 2929 cap.
273 2874 335 2931 sum
350 2885 374 2925 et
386 2882 407 2926 1.
424 2880 495 2933 Cor..
508 2883 578 2942 xlll,
591 2883 648 2929 lect.
661 2881 688 2941 l,
700 2883 750 2929 eol.
764 2883 790 2930 1.
