1934 3284
121 141 169 189 aar
209 152 316 190 sueonos
332 152 461 203 surmus,
476 152 570 199 oum.
585 152 708 205 suumn,
723 154 782 193 m.
798 156 829 193 u.

414 318 578 371 atticotos
591 319 620 369 11.

280 440 364 485 Utrum
374 442 433 487 nanti
440 442 531 497 possint
540 440 661 486 mir-uentu
673 442 769 498 fucere.

154 562 186 611 tn
201 562 322 611 secundnm
336 563 368 612 sic
381 562 560 627 proceditur(t).
571 563 665 613 Videtur
673 563 735 627 qubd
747 565 806 615 mati
815 579 919 630 nonpos-

122 632 167 682 sint
185 634 292 683 miracuta
312 635 394 685 tacere.
410 636 515 686 btiracuta
532 636 593 687 enim
607 635 762 698 impetrantur
781 652 826 701 per
844 638 923 687 oratio-

123 719 189 767 nem,
210 706 269 755 sicut
286 707 369 756 dictum
385 712 420 756 est
432 710 486 770 (art.
497 708 531 771 t).
542 708 586 758 Sed
598 708 672 757 oratio
685 709 817 771 pennatoris
831 715 920 761 nonest

122 779 269 839 enauitibiiis,
282 779 404 829 secunribm
423 780 478 830 illuri
490 783 573 839 loun,
582 781 631 830 lX:
646 796 660 827 u
677 780 770 831 Scimus
784 782 841 845 quia
852 796 924 847 perra·

125 854 183 899 tores
198 852 255 899 Deus
268 865 312 900 nou
323 852 400 914 aridit;
415 856 464 901 net
477 852 606 911 Proverb,
620 851 727 912 xxvio,
743 853 832 903 dicitur
843 871 849 903 ι
862 870 877 902 n
889 854 923 910 on

124 922 221 970 declinat
235 935 299 972 aures
313 935 365 972 suas
380 936 408 973 ne
421 923 495 973 audiat
513 923 603 985 legem,
617 924 689 973 oratio
704 924 758 986 ejns
775 925 822 975 erit
837 939 925 976 exerra-

125 992 185 1041 bitis.
202 995 285 1056 »Ergo
300 996 388 1043 nitetur
399 995 458 1057 qubd
475 996 529 1044 mati
546 995 653 1045 miracula
670 994 748 1045 facere
762 1010 812 1046 non
827 1000 926 1061 possunt.

156 1069 179 1112 ἰ.
195 1066 319 1128 proterea,
334 1066 441 1115 miracula
461 1067 612 1116 attribuuntur
631 1066 698 1129 fidei,
720 1062 860 1119 secundum
878 1069 927 1117 illud

125 1135 228 1191 Martii„
245 1138 302 1185 xt'li
318 1153 323 1187 :
341 1154 355 1185 <r
369 1138 392 1185 Si
408 1138 531 1187 habueritis
548 1139 614 1187 tidem
634 1138 693 1188 sicut
709 1152 810 1201 granum
829 1141 927 1203 sinapis.

126 1204 204 1256 dicetis
217 1208 286 1256 moirti
302 1209 369 1258 buin:
383 1208 471 1258 Transi
481 1208 553 1266 binc,
565 1215 588 1259 et
600 1210 716 1258 transibit.
736 1226 752 1257 n
768 1210 844 1262 Fides
860 1217 928 1261 autem

127 1292 141 1323 u
158 1279 208 1327 sine
222 1281 327 1343 operibus
342 1285 429 1332 mortua
443 1284 477 1331 est
484 1318 493 1343 ,
505 1298 518 1327 o
532 1281 649 1330 utdicitur
662 1282 778 1344 lue.,11;
795 1286 820 1332 et
836 1285 873 1334 sio
886 1296 926 1332 uon

126 1347 215 1397 videtur
233 1351 291 1413 quoa
306 1353 386 1403 babeat
398 1352 510 1415 propriam
522 1352 686 1416 operationem.
696 1352 758 1416 Ergo
771 1354 867 1405 videtur
877 1355 929 1418 quta

127 1421 179 1469 mati
193 1423 231 1484 qni
246 1436 290 1471 non
306 1429 358 1473 sunt
372 1425 481 1474 bonorum
494 1436 587 1488 operum
597 1424 927 1487 operatiri,.miraoulasaoere

127 1508 173 1543 nou
187 1497 285 1558 possint.

159 1570 181 1613 3.
199 1567 324 1627 Preterea,
339 1567 447 1617 miracula
458 1572 512 1618 snut
522 1568 623 1631 quodam
635 1567 715 1617 divina
729 1569 889 1631 testimonia,
900 1583 930 1620 se·

127 1636 226 1686 cundiam
240 1638 293 1687 iliud
307 1638 342 1686 od
354 1638 438 1697 Hebe„
450 1640 470 1690 lt
487 1656 492 1689 :
509 1639 680 1690 «contestante
692 1640 740 1690 Deo
754 1641 831 1703 signis
848 1649 874 1694 et
886 1656 931 1707 por-

127 1710 198 1759 tentis
211 1710 234 1759 et
249 1709 317 1758 variis
330 1710 466 1777 virtutibus3
481 1728 495 1759 o
511 1713 570 1761 unde
584 1715 607 1761 et
619 1711 644 1760 iu
656 1710 762 1762 Ecclesia
778 1714 858 1778 aliqui
871 1727 931 1763 rano-

128 1782 231 1831 uizantnr
248 1796 289 1845 per
304 1781 433 1833 testimonia
452 1782 618 1833 miraculorum.
639 1783 685 1833 Sed
705 1784 770 1835 Dens
795 1800 847 1837 nou
864 1792 931 1852 potest

127 1866 177 1904 esse
195 1854 258 1903 testis
275 1854 386 1905 falsitatis.
411 1856 468 1918 Ergo
484 1856 574 1906 videtur
593 1854 654 1919 quod
677 1856 731 1905 muli
754 1857 870 1911 nomines
891 1871 931 1909 nou

128 1926 215 1991 possint
234 1926 432 1976 miraculataoere.

161 2002 184 2047 t.
200 1999 328 2059 Praeterea‚
343 1998 396 2048 boni
412 2001 466 2047 sunt
478 1999 525 2049 beo
538 1996 708 2062 conjunctiores
721 1999 795 2062 quam
814 2003 881 2053 mati.
892 2002 932 2051 Sed

131 2082 174 2118 non
181 2070 317 2121 ornnesboni
328 2070 597 2132 faciuntmirarula.Ergo
606 2069 758 2121 multominus
768 2074 826 2123 mali
835 2073 929 2124 sariunt.

161 2142 206 2191 Sed
219 2147 294 2192 eontra
314 2146 363 2203 est,
376 2142 435 2204 qrrod
449 2140 504 2190 dicit
518 2141 652 2204 apostolus,
667 2144 689 2193 l.
705 2143 741 2191 ud
768 2144 846 2205 Cor„
858 2147 907 2196 xtra
926 2159 931 2191 :

131 2230 145 2260 n
154 2212 178 2262 Si
190 2214 288 2262 habuero
303 2213 482 2275 eunomianum,
498 2213 531 2263 ita
545 2216 570 2261 ut
585 2216 672 2263 montes
686 2214 847 2280 transferam,
861 2216 933 2269 cbari-

130 2286 198 2334 tatem
214 2288 349 2335 autemnon
367 2284 479 2340 habuero,
496 2285 554 2335 nihii
565 2299 624 2335 snm.
640 2301 654 2333 o
670 2287 714 2337 Sed
727 2287 878 2354 quicumque
893 2301 933 2337 noa

130 2358 199 2407 habet
211 2357 354 2419 charitatem,
369 2362 405 2406 est
419 2357 504 2419 maius,
520 2357 573 2420 quia
584 2358 628 2407 boo
641 2358 715 2407 sotum
731 2358 825 2410 donum
842 2362 933 2427 Spiritus

130 2429 202 2479 sancti
220 2432 255 2477 est
275 2430 334 2492 quod
350 2428 454 2478 «dividit
470 2428 531 2479 inter
546 2428 603 2479 tilios
619 2430 684 2493 regni
700 2432 725 2480 et
741 2430 805 2481 filios
823 2434 930 2497 perditio-

132 2500 182 2562 nis,
199 2516 213 2547 o
229 2504 252 2549 ut
264 2500 318 2549 dicit
335 2500 473 2563 Augustinus
490 2500 539 2549 XV.
557 2500 593 2550 De
610 2501 701 2551 Tatnit.
718 2502 933 2569 (nap.18).Ergo

131 2572 221 2621 ridetur
234 2572 291 2635 quod
306 2570 372 2621 etiam
388 2570 441 2620 mati
454 2572 542 2635 possint
555 2572 663 2621 miracula
674 2570 760 2622 facere.

164 2643 405 2706 (Cambonum-issa
419 2642 527 2693 miracula
544 2657 595 2707 qum
611 2643 640 2693 ad
659 2644 867 2698 demonstrandam
882 2660 932 2712 pru·

164 2747 197 2809 (t)
211 2753 244 2797 De
254 2752 289 2797 bis
302 2752 371 2798 ettam
384 2754 404 2798 1.
416 2757 486 2812 part,
499 2764 540 2808 qn.
560 2752 616 2809 110,
627 2759 672 2799 art.
681 2752 706 2806 t.
717 2754 747 2799 ud
762 2754 791 2809 ἒς
808 2762 838 2802 ut
855 2765 880 2803 et
893 2757 929 2801 in.

131 2816 200 2867 part,
213 2824 252 2867 qu.
264 2813 303 2871 tu,
314 2821 358 2861 art.
369 2814 382 2859 1
392 2820 416 2861 et
424 2814 449 2874 t,
459 2815 483 2859 in
492 2820 598 2872 oorp.,et
607 2826 648 2871 qu.
658 2816 683 2874 o,
693 2816 721 2860 do
729 2822 840 2880 potent„
850 2827 899 2867 art.
908 2818 930 2868 5.

131 2871 160 2917 aa
173 2870 196 2929 9,
211 2878 235 2916 et
247 2880 290 2923 nrt.
300 2874 325 2934 9,
340 2875 409 2931 adh
422 2882 446 2922 et
459 2876 586 2934 Quodlib„
595 2878 628 2937 11,
641 2884 686 2923 art.
695 2877 720 2938 6,
733 2879 764 2923 nrt
776 2880 802 2927 t.
