<?xml version="1.0" encoding="UTF-8"?>
<!DOCTYPE html PUBLIC "-//W3C//DTD XHTML 1.0 Transitional//EN"
    "http://www.w3.org/TR/xhtml1/DTD/xhtml1-transitional.dtd">
<html xmlns="http://www.w3.org/1999/xhtml" xml:lang="en" lang="en">
 <head>
  <title>
</title>
<meta http-equiv="Content-Type" content="text/html;charset=utf-8" />
  <meta name='ocr-system' content='tesseract 3.04.00' />
  <meta name='ocr-capabilities' content='ocr_page ocr_carea ocr_par ocr_line ocrx_word'/>
</head>
<body>
  <div class='ocr_page' id='page_1' title='image "./summatheologica05nicogoog_0520.png"; bbox 0 0 1934 3284; ppageno 0'>
   <div class='ocr_carea' id='block_1_1' title="bbox 66 165 868 1011">
    <p class='ocr_par' dir='ltr' id='par_1_1' title="bbox 355 165 580 205">
     <span class='ocr_line' id='line_1_1' title="bbox 355 165 580 205; baseline 0 -2"><span class='ocrx_word' id='word_1_1' title='bbox 355 166 386 203; x_wconf 83' lang='lat' dir='ltr'>ur</span> <span class='ocrx_word' id='word_1_2' title='bbox 401 165 470 205; x_wconf 79' lang='grc' dir='ltr'>ιιιιιιι</span> <span class='ocrx_word' id='word_1_3' title='bbox 485 166 580 205; x_wconf 71' lang='lat' dir='ltr'>amaru</span> 
     </span>
    </p>

    <p class='ocr_par' dir='ltr' id='par_1_2' title="bbox 66 241 868 1011">
     <span class='ocr_line' id='line_1_2' title="bbox 72 241 867 309; baseline -0.003 -15"><span class='ocrx_word' id='word_1_4' title='bbox 72 241 201 307; x_wconf 78' lang='lat' dir='ltr'>uuetqutu</span> <span class='ocrx_word' id='word_1_5' title='bbox 214 241 265 307; x_wconf 79' lang='lat' dir='ltr'>ipse</span> <span class='ocrx_word' id='word_1_6' title='bbox 279 246 406 305; x_wconf 85' lang='lat' dir='ltr'>cognoscat.</span> <span class='ocrx_word' id='word_1_7' title='bbox 421 242 464 292; x_wconf 88' lang='lat' dir='ltr'>Sed</span> <span class='ocrx_word' id='word_1_8' title='bbox 477 242 539 307; x_wconf 78' lang='lat' dir='ltr'>quoa</span> <span class='ocrx_word' id='word_1_9' title='bbox 555 244 605 309; x_wconf 84' lang='lat' dir='ltr'>ipse</span> <span class='ocrx_word' id='word_1_10' title='bbox 617 245 645 296; x_wconf 87' lang='lat' dir='ltr'>ab</span> <span class='ocrx_word' id='word_1_11' title='bbox 657 242 709 297; x_wconf 85' lang='lat' dir='ltr'>aliis</span> <span class='ocrx_word' id='word_1_12' title='bbox 720 246 867 309; x_wconf 75' lang='lat' dir='ltr'>mgueuaou</span> 
     </span>
     <span class='ocr_line' id='line_1_3' title="bbox 68 312 867 381; baseline 0 -17"><span class='ocrx_word' id='word_1_13' title='bbox 68 329 113 366; x_wconf 90' lang='lat' dir='ltr'>uon</span> <span class='ocrx_word' id='word_1_14' title='bbox 126 314 228 379; x_wconf 83' lang='lat' dir='ltr'>pertinet</span> <span class='ocrx_word' id='word_1_15' title='bbox 240 313 269 363; x_wconf 88' lang='lat' dir='ltr'>ad</span> <span class='ocrx_word' id='word_1_16' title='bbox 284 313 334 377; x_wconf 84' lang='lat' dir='ltr'>ejus</span> <span class='ocrx_word' id='word_1_17' title='bbox 350 312 529 377; x_wconf 86' lang='lat' dir='ltr'>perlectionem:</span> <span class='ocrx_word' id='word_1_18' title='bbox 542 319 565 365; x_wconf 91' lang='lat' dir='ltr'>et</span> <span class='ocrx_word' id='word_1_19' title='bbox 578 314 631 367; x_wconf 87' lang='lat' dir='ltr'>ideo</span> <span class='ocrx_word' id='word_1_20' title='bbox 639 329 684 367; x_wconf 90' lang='lat' dir='ltr'>nou</span> <span class='ocrx_word' id='word_1_21' title='bbox 698 321 733 369; x_wconf 83' lang='lat' dir='ltr'>est</span> <span class='ocrx_word' id='word_1_22' title='bbox 741 329 782 381; x_wconf 88' lang='lat' dir='ltr'>per</span> <span class='ocrx_word' id='word_1_23' title='bbox 795 328 867 379; x_wconf 78' lang='lat' dir='ltr'>neap-</span> 
     </span>
     <span class='ocr_line' id='line_1_4' title="bbox 67 384 868 454; baseline -0.002 -17"><span class='ocrx_word' id='word_1_24' title='bbox 67 386 200 450; x_wconf 83' lang='lat' dir='ltr'>petendum.</span> <span class='ocrx_word' id='word_1_25' title='bbox 216 386 295 435; x_wconf 80' lang='lat' dir='ltr'>Potest</span> <span class='ocrx_word' id='word_1_26' title='bbox 308 387 384 435; x_wconf 70' lang='lat' dir='ltr'>nmen</span> <span class='ocrx_word' id='word_1_27' title='bbox 398 384 475 449; x_wconf 89' lang='lat' dir='ltr'>appeti</span> <span class='ocrx_word' id='word_1_28' title='bbox 491 384 637 449; x_wconf 86' lang='lat' dir='ltr'>inquantum</span> <span class='ocrx_word' id='word_1_29' title='bbox 655 390 691 454; x_wconf 82' lang='lat' dir='ltr'>est</span> <span class='ocrx_word' id='word_1_30' title='bbox 704 387 760 439; x_wconf 87' lang='lat' dir='ltr'>utile</span> <span class='ocrx_word' id='word_1_31' title='bbox 779 386 807 437; x_wconf 86' lang='lat' dir='ltr'>ad</span> <span class='ocrx_word' id='word_1_32' title='bbox 823 385 868 437; x_wconf 90' lang='lat' dir='ltr'>ali-</span> 
     </span>
     <span class='ocr_line' id='line_1_5' title="bbox 68 455 867 523; baseline 0.003 -16"><span class='ocrx_word' id='word_1_33' title='bbox 68 457 122 522; x_wconf 86' lang='lat' dir='ltr'>quid</span> <span class='ocrx_word' id='word_1_34' title='bbox 129 495 139 521; x_wconf 88' lang='lat'><strong><em>,</em></strong></span> <span class='ocrx_word' id='word_1_35' title='bbox 148 456 187 509; x_wconf 82' lang='lat' dir='ltr'>vel</span> <span class='ocrx_word' id='word_1_36' title='bbox 202 458 231 508; x_wconf 86' lang='lat' dir='ltr'>ad</span> <span class='ocrx_word' id='word_1_37' title='bbox 245 458 289 507; x_wconf 86' lang='lat' dir='ltr'>hoe</span> <span class='ocrx_word' id='word_1_38' title='bbox 302 455 362 522; x_wconf 80' lang='lat' dir='ltr'>quod</span> <span class='ocrx_word' id='word_1_39' title='bbox 373 457 434 507; x_wconf 82' lang='lat' dir='ltr'>Deus</span> <span class='ocrx_word' id='word_1_40' title='bbox 445 456 474 507; x_wconf 87' lang='lat' dir='ltr'>ab</span> <span class='ocrx_word' id='word_1_41' title='bbox 483 458 614 511; x_wconf 87' lang='lat' dir='ltr'>homiuibus</span> <span class='ocrx_word' id='word_1_42' title='bbox 627 459 772 523; x_wconf 66' lang='lat' dir='ltr'>glorificatum</span> <span class='ocrx_word' id='word_1_43' title='bbox 787 460 825 510; x_wconf 81' lang='lat' dir='ltr'>vel</span> <span class='ocrx_word' id='word_1_44' title='bbox 837 459 867 509; x_wconf 84' lang='lat' dir='ltr'>acl</span> 
     </span>
     <span class='ocr_line' id='line_1_6' title="bbox 67 527 866 597; baseline -0.003 -17"><span class='ocrx_word' id='word_1_45' title='bbox 67 531 111 581; x_wconf 83' lang='lat' dir='ltr'>hoe</span> <span class='ocrx_word' id='word_1_46' title='bbox 122 529 183 593; x_wconf 84' lang='lat' dir='ltr'>quod</span> <span class='ocrx_word' id='word_1_47' title='bbox 200 528 305 579; x_wconf 87' lang='lat' dir='ltr'>homiues</span> <span class='ocrx_word' id='word_1_48' title='bbox 314 527 433 593; x_wconf 81' lang='lat' dir='ltr'>proliciunt</span> <span class='ocrx_word' id='word_1_49' title='bbox 443 541 472 578; x_wconf 84' lang='lat' dir='ltr'>ex</span> <span class='ocrx_word' id='word_1_50' title='bbox 485 530 546 582; x_wconf 87' lang='lat' dir='ltr'>bono</span> <span class='ocrx_word' id='word_1_51' title='bbox 554 531 616 594; x_wconf 83' lang='lat' dir='ltr'>quod</span> <span class='ocrx_word' id='word_1_52' title='bbox 629 531 654 581; x_wconf 91' lang='lat' dir='ltr'>in</span> <span class='ocrx_word' id='word_1_53' title='bbox 663 531 708 581; x_wconf 89' lang='lat' dir='ltr'>alio</span> <span class='ocrx_word' id='word_1_54' title='bbox 719 534 866 597; x_wconf 79' lang='lat' dir='ltr'>rognosenut3</span> 
     </span>
     <span class='ocr_line' id='line_1_7' title="bbox 68 597 868 667; baseline 0.006 -19"><span class='ocrx_word' id='word_1_55' title='bbox 68 601 105 652; x_wconf 87' lang='lat' dir='ltr'>uel</span> <span class='ocrx_word' id='word_1_56' title='bbox 120 615 148 651; x_wconf 85' lang='lat' dir='ltr'>er</span> <span class='ocrx_word' id='word_1_57' title='bbox 162 601 207 650; x_wconf 86' lang='lat' dir='ltr'>hou</span> <span class='ocrx_word' id='word_1_58' title='bbox 220 599 280 665; x_wconf 76' lang='lat' dir='ltr'>qued</span> <span class='ocrx_word' id='word_1_59' title='bbox 294 600 343 663; x_wconf 88' lang='lat' dir='ltr'>ipse</span> <span class='ocrx_word' id='word_1_60' title='bbox 355 601 424 652; x_wconf 88' lang='lat' dir='ltr'>homo</span> <span class='ocrx_word' id='word_1_61' title='bbox 438 614 468 650; x_wconf 86' lang='lat' dir='ltr'>ex</span> <span class='ocrx_word' id='word_1_62' title='bbox 481 601 547 652; x_wconf 88' lang='lat' dir='ltr'>bonis</span> <span class='ocrx_word' id='word_1_63' title='bbox 561 616 612 665; x_wconf 79' lang='lat' dir='ltr'>quae</span> <span class='ocrx_word' id='word_1_64' title='bbox 624 602 649 651; x_wconf 92' lang='lat' dir='ltr'>in</span> <span class='ocrx_word' id='word_1_65' title='bbox 661 616 687 653; x_wconf 92' lang='lat' dir='ltr'>se</span> <span class='ocrx_word' id='word_1_66' title='bbox 699 597 816 666; x_wconf 77' lang='lat' dir='ltr'>cognoscit</span> <span class='ocrx_word' id='word_1_67' title='bbox 827 616 868 667; x_wconf 85' lang='lat' dir='ltr'>per</span> 
     </span>
     <span class='ocr_line' id='line_1_8' title="bbox 67 669 868 738; baseline 0.001 -16"><span class='ocrx_word' id='word_1_68' title='bbox 67 669 222 722; x_wconf 82' lang='lat' dir='ltr'>testimonium</span> <span class='ocrx_word' id='word_1_69' title='bbox 242 670 315 721; x_wconf 77' lang='lat' dir='ltr'>mutis</span> <span class='ocrx_word' id='word_1_70' title='bbox 334 669 414 721; x_wconf 80' lang='lat' dir='ltr'>alena</span> <span class='ocrx_word' id='word_1_71' title='bbox 431 672 521 722; x_wconf 87' lang='lat' dir='ltr'>studeat</span> <span class='ocrx_word' id='word_1_72' title='bbox 538 672 562 722; x_wconf 90' lang='lat' dir='ltr'>in</span> <span class='ocrx_word' id='word_1_73' title='bbox 581 672 615 723; x_wconf 86' lang='lat' dir='ltr'>eis</span> <span class='ocrx_word' id='word_1_74' title='bbox 632 686 790 738; x_wconf 84' lang='lat' dir='ltr'>perseuerare,</span> <span class='ocrx_word' id='word_1_75' title='bbox 804 676 827 723; x_wconf 93' lang='lat' dir='ltr'>et</span> <span class='ocrx_word' id='word_1_76' title='bbox 839 674 868 725; x_wconf 87' lang='lat' dir='ltr'>ad</span> 
     </span>
     <span class='ocr_line' id='line_1_9' title="bbox 67 742 867 811; baseline 0.003 -18"><span class='ocrx_word' id='word_1_77' title='bbox 67 744 160 795; x_wconf 77' lang='lat' dir='ltr'><strong>meliora</strong></span> <span class='ocrx_word' id='word_1_78' title='bbox 174 742 291 808; x_wconf 79' lang='lat' dir='ltr'>protloere.</span> <span class='ocrx_word' id='word_1_79' title='bbox 302 742 330 793; x_wconf 81' lang='lat' dir='ltr'>ut</span> <span class='ocrx_word' id='word_1_80' title='bbox 346 742 472 793; x_wconf 76' lang='lat' dir='ltr'>meuudium</span> <span class='ocrx_word' id='word_1_81' title='bbox 489 745 533 795; x_wconf 89' lang='lat' dir='ltr'>hoe</span> <span class='ocrx_word' id='word_1_82' title='bbox 543 742 654 797; x_wconf 82' lang='lat' dir='ltr'>laudabile</span> <span class='ocrx_word' id='word_1_83' title='bbox 670 749 705 797; x_wconf 82' lang='lat' dir='ltr'>est</span> <span class='ocrx_word' id='word_1_84' title='bbox 718 744 779 811; x_wconf 82' lang='lat' dir='ltr'>quod</span> <span class='ocrx_word' id='word_1_85' title='bbox 790 759 867 795; x_wconf 89' lang='lat' dir='ltr'>euram</span> 
     </span>
     <span class='ocr_line' id='line_1_10' title="bbox 67 813 868 879; baseline 0.004 -15"><span class='ocrx_word' id='word_1_86' title='bbox 67 816 150 866; x_wconf 86' lang='lat' dir='ltr'>habeat</span> <span class='ocrx_word' id='word_1_87' title='bbox 162 814 245 878; x_wconf 84' lang='lat' dir='ltr'>aliquis</span> <span class='ocrx_word' id='word_1_88' title='bbox 256 814 285 865; x_wconf 86' lang='lat' dir='ltr'>de</span> <span class='ocrx_word' id='word_1_89' title='bbox 296 815 355 865; x_wconf 84' lang='lat' dir='ltr'>hono</span> <span class='ocrx_word' id='word_1_90' title='bbox 369 813 474 876; x_wconf 87' lang='lat' dir='ltr'>nomine,</span> <span class='ocrx_word' id='word_1_91' title='bbox 486 818 509 865; x_wconf 91' lang='lat' dir='ltr'>et</span> <span class='ocrx_word' id='word_1_92' title='bbox 521 816 581 879; x_wconf 85' lang='lat' dir='ltr'>quod</span> <span class='ocrx_word' id='word_1_93' title='bbox 594 814 710 879; x_wconf 84' lang='lat' dir='ltr'>provideat</span> <span class='ocrx_word' id='word_1_94' title='bbox 720 817 779 868; x_wconf 86' lang='lat' dir='ltr'>houa</span> <span class='ocrx_word' id='word_1_95' title='bbox 793 830 868 868; x_wconf 85' lang='lat' dir='ltr'>eoram</span> 
     </span>
     <span class='ocr_line' id='line_1_11' title="bbox 66 884 867 951; baseline 0.001 -13"><span class='ocrx_word' id='word_1_96' title='bbox 66 888 113 940; x_wconf 78' lang='lat' dir='ltr'>lleo</span> <span class='ocrx_word' id='word_1_97' title='bbox 128 889 153 937; x_wconf 88' lang='lat' dir='ltr'>et</span> <span class='ocrx_word' id='word_1_98' title='bbox 166 884 312 950; x_wconf 89' lang='lat' dir='ltr'>homiuibus;</span> <span class='ocrx_word' id='word_1_99' title='bbox 323 899 370 937; x_wconf 95' lang='lat' dir='ltr'>nou</span> <span class='ocrx_word' id='word_1_100' title='bbox 388 890 466 938; x_wconf 87' lang='lat' dir='ltr'>tamen</span> <span class='ocrx_word' id='word_1_101' title='bbox 481 884 542 951; x_wconf 83' lang='lat' dir='ltr'>quod</span> <span class='ocrx_word' id='word_1_102' title='bbox 558 886 582 937; x_wconf 93' lang='lat' dir='ltr'>in</span> <span class='ocrx_word' id='word_1_103' title='bbox 599 886 718 939; x_wconf 87' lang='lat' dir='ltr'>hominum</span> <span class='ocrx_word' id='word_1_104' title='bbox 736 888 803 939; x_wconf 79' lang='lat' dir='ltr'>lautle</span> <span class='ocrx_word' id='word_1_105' title='bbox 816 888 867 939; x_wconf 87' lang='lat' dir='ltr'>ina·</span> 
     </span>
     <span class='ocr_line' id='line_1_12' title="bbox 67 959 276 1011; baseline -0.014 0"><span class='ocrx_word' id='word_1_106' title='bbox 67 960 128 1011; x_wconf 88' lang='lat' dir='ltr'>niter</span> <span class='ocrx_word' id='word_1_107' title='bbox 141 959 276 1010; x_wconf 70' lang='lat' dir='ltr'><strong>delectetur.</strong></span> 
     </span>
    </p>
   </div>
   <div class='ocr_carea' id='block_1_2' title="bbox 150 1066 787 1250">
    <p class='ocr_par' dir='ltr' id='par_1_3' title="bbox 150 1066 787 1250">
     <span class='ocr_line' id='line_1_13' title="bbox 366 1066 601 1118; baseline 0.009 -2"><span class='ocrx_word' id='word_1_108' title='bbox 366 1066 528 1118; x_wconf 77' lang='lat' dir='ltr'>anniculus</span> <span class='ocrx_word' id='word_1_109' title='bbox 543 1067 574 1118; x_wconf 86' lang='lat'>11.</span> <span class='ocrx_word' id='word_1_110' title='bbox 597 1100 601 1109; x_wconf 91' lang='lat'>-</span> 
     </span>
     <span class='ocr_line' id='line_1_14' title="bbox 150 1191 787 1250; baseline -0.002 -12"><span class='ocrx_word' id='word_1_111' title='bbox 150 1192 237 1238; x_wconf 72' lang='lat' dir='ltr'>Utrum</span> <span class='ocrx_word' id='word_1_112' title='bbox 253 1191 334 1239; x_wconf 76' lang='grc' dir='ltr'>ιἰιιιιιὲι</span> <span class='ocrx_word' id='word_1_113' title='bbox 343 1191 423 1250; x_wconf 79' lang='lat' dir='ltr'>glorta</span> <span class='ocrx_word' id='word_1_114' title='bbox 435 1191 634 1248; x_wconf 72' lang='lat' dir='ltr'>mopnontmttatt</span> <span class='ocrx_word' id='word_1_115' title='bbox 642 1194 787 1248; x_wconf 76' lang='lat' dir='ltr'>apportatur.</span> 
     </span>
    </p>
   </div>
   <div class='ocr_carea' id='block_1_3' title="bbox 67 1316 953 2890">
    <p class='ocr_par' dir='ltr' id='par_1_4' title="bbox 67 1316 953 1888">
     <span class='ocr_line' id='line_1_15' title="bbox 99 1316 870 1383; baseline -0.001 -11"><span class='ocrx_word' id='word_1_116' title='bbox 99 1321 135 1373; x_wconf 77' lang='lat' dir='ltr'>td</span> <span class='ocrx_word' id='word_1_117' title='bbox 149 1320 274 1371; x_wconf 74' lang='lat' dir='ltr'>meandum</span> <span class='ocrx_word' id='word_1_118' title='bbox 286 1317 320 1369; x_wconf 84' lang='lat' dir='ltr'>sie</span> <span class='ocrx_word' id='word_1_119' title='bbox 331 1317 470 1383; x_wconf 84' lang='lat' dir='ltr'>proceditur.</span> <span class='ocrx_word' id='word_1_120' title='bbox 480 1316 574 1369; x_wconf 87' lang='lat' dir='ltr'>Videtur</span> <span class='ocrx_word' id='word_1_121' title='bbox 585 1316 647 1382; x_wconf 78' lang='lat' dir='ltr'>quod</span> <span class='ocrx_word' id='word_1_122' title='bbox 656 1316 730 1369; x_wconf 90' lang='lat' dir='ltr'>inanis</span> <span class='ocrx_word' id='word_1_123' title='bbox 742 1318 812 1383; x_wconf 90' lang='lat' dir='ltr'>gloria</span> <span class='ocrx_word' id='word_1_124' title='bbox 823 1332 870 1371; x_wconf 88' lang='lat' dir='ltr'>rna-</span> 
     </span>
     <span class='ocr_line' id='line_1_16' title="bbox 68 1387 870 1458; baseline -0.004 -14"><span class='ocrx_word' id='word_1_125' title='bbox 68 1390 214 1458; x_wconf 83' lang='lat' dir='ltr'>gnauimitati</span> <span class='ocrx_word' id='word_1_126' title='bbox 227 1403 273 1441; x_wconf 91' lang='lat' dir='ltr'>uon</span> <span class='ocrx_word' id='word_1_127' title='bbox 284 1394 420 1455; x_wconf 89' lang='lat' dir='ltr'>opponatur.</span> <span class='ocrx_word' id='word_1_128' title='bbox 431 1389 535 1440; x_wconf 78' lang='lat' dir='ltr'>Pertinet</span> <span class='ocrx_word' id='word_1_129' title='bbox 547 1387 609 1441; x_wconf 87' lang='lat' dir='ltr'>enim</span> <span class='ocrx_word' id='word_1_130' title='bbox 621 1391 648 1440; x_wconf 90' lang='lat' dir='ltr'>ad</span> <span class='ocrx_word' id='word_1_131' title='bbox 662 1389 753 1441; x_wconf 88' lang='lat' dir='ltr'>inanem</span> <span class='ocrx_word' id='word_1_132' title='bbox 766 1390 870 1455; x_wconf 75' lang='lat' dir='ltr'>gloriam,</span> 
     </span>
     <span class='ocr_line' id='line_1_17' title="bbox 68 1458 871 1526; baseline -0.001 -11"><span class='ocrx_word' id='word_1_133' title='bbox 68 1468 94 1515; x_wconf 92' lang='lat' dir='ltr'>ut</span> <span class='ocrx_word' id='word_1_134' title='bbox 110 1463 197 1515; x_wconf 84' lang='lat' dir='ltr'>dietum</span> <span class='ocrx_word' id='word_1_135' title='bbox 209 1464 245 1513; x_wconf 91' lang='lat' dir='ltr'>est</span> <span class='ocrx_word' id='word_1_136' title='bbox 255 1462 315 1525; x_wconf 76' lang='lat' dir='ltr'>tart.</span> <span class='ocrx_word' id='word_1_137' title='bbox 331 1460 375 1525; x_wconf 87' lang='lat'>1),</span> <span class='ocrx_word' id='word_1_138' title='bbox 390 1458 449 1525; x_wconf 82' lang='lat' dir='ltr'>quod</span> <span class='ocrx_word' id='word_1_139' title='bbox 465 1461 548 1526; x_wconf 87' lang='lat' dir='ltr'>aliquis</span> <span class='ocrx_word' id='word_1_140' title='bbox 562 1460 670 1525; x_wconf 75' lang='lat' dir='ltr'>glorietur</span> <span class='ocrx_word' id='word_1_141' title='bbox 679 1460 704 1511; x_wconf 91' lang='lat' dir='ltr'>in</span> <span class='ocrx_word' id='word_1_142' title='bbox 714 1461 750 1513; x_wconf 84' lang='lat' dir='ltr'>luis</span> <span class='ocrx_word' id='word_1_143' title='bbox 760 1476 811 1526; x_wconf 81' lang='lat' dir='ltr'>quae</span> <span class='ocrx_word' id='word_1_144' title='bbox 824 1476 871 1513; x_wconf 86' lang='lat' dir='ltr'>uon</span> 
     </span>
     <span class='ocr_line' id='line_1_18' title="bbox 67 1532 871 1601; baseline -0.001 -14"><span class='ocrx_word' id='word_1_145' title='bbox 67 1540 122 1587; x_wconf 90' lang='lat' dir='ltr'>suut</span> <span class='ocrx_word' id='word_1_146' title='bbox 134 1534 215 1601; x_wconf 89' lang='lat' dir='ltr'>(quod</span> <span class='ocrx_word' id='word_1_147' title='bbox 232 1534 330 1598; x_wconf 89' lang='lat' dir='ltr'>pertinet</span> <span class='ocrx_word' id='word_1_148' title='bbox 345 1534 374 1584; x_wconf 83' lang='lat' dir='ltr'>ad</span> <span class='ocrx_word' id='word_1_149' title='bbox 391 1532 513 1584; x_wconf 82' lang='lat' dir='ltr'>falsitatem</span> <span class='ocrx_word' id='word_1_150' title='bbox 523 1533 547 1597; x_wconf 79' lang='lat' dir='ltr'>l,</span> <span class='ocrx_word' id='word_1_151' title='bbox 560 1533 631 1585; x_wconf 85' lang='lat' dir='ltr'>velin</span> <span class='ocrx_word' id='word_1_152' title='bbox 646 1534 715 1585; x_wconf 89' lang='lat' dir='ltr'>rebus</span> <span class='ocrx_word' id='word_1_153' title='bbox 733 1536 830 1586; x_wconf 86' lang='lat' dir='ltr'>terrenis</span> <span class='ocrx_word' id='word_1_154' title='bbox 846 1538 871 1586; x_wconf 90' lang='lat' dir='ltr'>et</span> 
     </span>
     <span class='ocr_line' id='line_1_19' title="bbox 67 1604 953 1670; baseline -0.002 -11"><span class='ocrx_word' id='word_1_155' title='bbox 67 1607 161 1659; x_wconf 83' lang='lat' dir='ltr'>caducis</span> <span class='ocrx_word' id='word_1_156' title='bbox 177 1606 251 1670; x_wconf 87' lang='lat' dir='ltr'>(quod</span> <span class='ocrx_word' id='word_1_157' title='bbox 261 1605 360 1670; x_wconf 85' lang='lat' dir='ltr'>pertinet</span> <span class='ocrx_word' id='word_1_158' title='bbox 371 1605 400 1656; x_wconf 87' lang='lat' dir='ltr'>ad</span> <span class='ocrx_word' id='word_1_159' title='bbox 409 1604 555 1670; x_wconf 86' lang='lat' dir='ltr'>cupiditatem</span> <span class='ocrx_word' id='word_1_160' title='bbox 568 1605 586 1669; x_wconf 92' lang='lat'>),</span> <span class='ocrx_word' id='word_1_161' title='bbox 597 1606 635 1657; x_wconf 84' lang='lat' dir='ltr'>uel</span> <span class='ocrx_word' id='word_1_162' title='bbox 647 1604 670 1656; x_wconf 91' lang='lat' dir='ltr'>iu</span> <span class='ocrx_word' id='word_1_163' title='bbox 684 1606 815 1657; x_wconf 90' lang='lat' dir='ltr'>testimonio</span> <span class='ocrx_word' id='word_1_164' title='bbox 830 1608 871 1657; x_wconf 92' lang='lat' dir='ltr'>ho·</span> <span class='ocrx_word' id='word_1_165' title='bbox 945 1604 953 1611; x_wconf 78' lang='grc'>”</span> 
     </span>
     <span class='ocr_line' id='line_1_20' title="bbox 68 1675 871 1743; baseline -0.002 -12"><span class='ocrx_word' id='word_1_166' title='bbox 68 1680 173 1739; x_wconf 85' lang='lat' dir='ltr'>minum,</span> <span class='ocrx_word' id='word_1_167' title='bbox 188 1690 284 1742; x_wconf 79' lang='lat' dir='ltr'>quorum</span> <span class='ocrx_word' id='word_1_168' title='bbox 296 1675 409 1741; x_wconf 84' lang='lat' dir='ltr'>judicium</span> <span class='ocrx_word' id='word_1_169' title='bbox 430 1690 477 1728; x_wconf 91' lang='lat' dir='ltr'>uon</span> <span class='ocrx_word' id='word_1_170' title='bbox 493 1681 527 1727; x_wconf 88' lang='lat' dir='ltr'>est</span> <span class='ocrx_word' id='word_1_171' title='bbox 541 1680 641 1740; x_wconf 88' lang='lat' dir='ltr'>certum,</span> <span class='ocrx_word' id='word_1_172' title='bbox 656 1678 717 1742; x_wconf 84' lang='lat' dir='ltr'>quod</span> <span class='ocrx_word' id='word_1_173' title='bbox 730 1677 829 1743; x_wconf 84' lang='lat' dir='ltr'>pertinet</span> <span class='ocrx_word' id='word_1_174' title='bbox 842 1679 871 1729; x_wconf 87' lang='lat' dir='ltr'>ad</span> 
     </span>
     <span class='ocr_line' id='line_1_21' title="bbox 67 1747 871 1815; baseline -0.004 -12"><span class='ocrx_word' id='word_1_175' title='bbox 67 1748 254 1815; x_wconf 89' lang='lat' dir='ltr'>imprudentiam.</span> <span class='ocrx_word' id='word_1_176' title='bbox 272 1747 408 1812; x_wconf 86' lang='lat' dir='ltr'>llujusmodi</span> <span class='ocrx_word' id='word_1_177' title='bbox 424 1752 499 1798; x_wconf 88' lang='lat' dir='ltr'>autem</span> <span class='ocrx_word' id='word_1_178' title='bbox 515 1748 572 1799; x_wconf 88' lang='lat' dir='ltr'>vilia</span> <span class='ocrx_word' id='word_1_179' title='bbox 593 1762 639 1799; x_wconf 93' lang='lat' dir='ltr'>nou</span> <span class='ocrx_word' id='word_1_180' title='bbox 656 1752 802 1815; x_wconf 89' lang='lat' dir='ltr'>opponuntur</span> <span class='ocrx_word' id='word_1_181' title='bbox 819 1764 871 1800; x_wconf 90' lang='lat' dir='ltr'>ma-</span> 
     </span>
     <span class='ocr_line' id='line_1_22' title="bbox 67 1820 952 1888; baseline -0.005 -14"><span class='ocrx_word' id='word_1_182' title='bbox 67 1820 223 1888; x_wconf 84' lang='lat' dir='ltr'>gnanimitati.</span> <span class='ocrx_word' id='word_1_183' title='bbox 237 1820 295 1883; x_wconf 85' lang='lat' dir='ltr'>Ergo</span> <span class='ocrx_word' id='word_1_184' title='bbox 309 1820 383 1871; x_wconf 90' lang='lat' dir='ltr'>inanis</span> <span class='ocrx_word' id='word_1_185' title='bbox 396 1820 466 1885; x_wconf 86' lang='lat' dir='ltr'>gloria</span> <span class='ocrx_word' id='word_1_186' title='bbox 480 1833 527 1871; x_wconf 89' lang='lat' dir='ltr'>non</span> <span class='ocrx_word' id='word_1_187' title='bbox 545 1820 666 1885; x_wconf 90' lang='lat' dir='ltr'>opponitur</span> <span class='ocrx_word' id='word_1_188' title='bbox 680 1820 869 1886; x_wconf 88' lang='lat' dir='ltr'>magnanimitati.</span> <span class='ocrx_word' id='word_1_189' title='bbox 947 1846 952 1870; x_wconf 75' lang='grc' dir='ltr'>ι</span> 
     </span>
    </p>

    <p class='ocr_par' dir='ltr' id='par_1_5' title="bbox 69 1891 950 2315">
     <span class='ocr_line' id='line_1_23' title="bbox 101 1891 870 1972; baseline -0.003 -27"><span class='ocrx_word' id='word_1_190' title='bbox 101 1900 126 1945; x_wconf 72' lang='lat' dir='ltr'>t.</span> <span class='ocrx_word' id='word_1_191' title='bbox 136 1895 264 1953; x_wconf 82' lang='lat' dir='ltr'>Praeterea,</span> <span class='ocrx_word' id='word_1_192' title='bbox 273 1891 350 1942; x_wconf 90' lang='lat' dir='ltr'>inanis</span> <span class='ocrx_word' id='word_1_193' title='bbox 358 1892 429 1957; x_wconf 88' lang='lat' dir='ltr'>gloria</span> <span class='ocrx_word' id='word_1_194' title='bbox 442 1906 488 1942; x_wconf 91' lang='lat' dir='ltr'>non</span> <span class='ocrx_word' id='word_1_195' title='bbox 502 1893 627 1972; x_wconf 78' lang='lat' dir='ltr'>opponitur</span> <span class='ocrx_word' id='word_1_196' title='bbox 636 1892 814 1959; x_wconf 79' lang='lat' dir='ltr'>magnanimitati</span> <span class='ocrx_word' id='word_1_197' title='bbox 829 1906 870 1955; x_wconf 89' lang='lat' dir='ltr'>per</span> 
     </span>
     <span class='ocr_line' id='line_1_24' title="bbox 69 1961 871 2045; baseline -0.009 -24"><span class='ocrx_word' id='word_1_198' title='bbox 69 1968 203 2028; x_wconf 84' lang='lat' dir='ltr'>delectum,</span> <span class='ocrx_word' id='word_1_199' title='bbox 218 1961 277 2014; x_wconf 84' lang='lat' dir='ltr'>siem</span> <span class='ocrx_word' id='word_1_200' title='bbox 297 1962 483 2029; x_wconf 75' lang='lat' dir='ltr'>pusillanimitas</span> <span class='ocrx_word' id='word_1_201' title='bbox 500 1976 551 2027; x_wconf 82' lang='lat' dir='ltr'>qua</span> <span class='ocrx_word' id='word_1_202' title='bbox 567 1962 629 2013; x_wconf 87' lang='lat' dir='ltr'>inani</span> <span class='ocrx_word' id='word_1_203' title='bbox 643 1962 720 2045; x_wconf 83' lang='lat' dir='ltr'>glorie</span> <span class='ocrx_word' id='word_1_204' title='bbox 741 1975 871 2028; x_wconf 85' lang='lat' dir='ltr'>repugnans</span> 
     </span>
     <span class='ocr_line' id='line_1_25' title="bbox 69 2001 872 2105; baseline -0.006 -17"><span class='ocrx_word' id='word_1_205' title='bbox 69 2039 168 2088; x_wconf 80' lang='lat' dir='ltr'>videtur.</span> <span class='ocrx_word' id='word_1_206' title='bbox 183 2001 291 2086; x_wconf 62' lang='lat' dir='ltr'>S’imiliter</span> <span class='ocrx_word' id='word_1_207' title='bbox 307 2035 377 2085; x_wconf 88' lang='lat' dir='ltr'>etiam</span> <span class='ocrx_word' id='word_1_208' title='bbox 391 2048 434 2085; x_wconf 88' lang='lat' dir='ltr'>nee</span> <span class='ocrx_word' id='word_1_209' title='bbox 448 2047 520 2104; x_wconf 87' lang='lat' dir='ltr'>per</span> <span class='ocrx_word' id='word_1_210' title='bbox 502 2046 643 2099; x_wconf 78' lang='lat' dir='ltr'>axeessurn:</span> <span class='ocrx_word' id='word_1_211' title='bbox 644 2034 694 2105; x_wconf 80' lang='lat' dir='ltr'>sie</span> <span class='ocrx_word' id='word_1_212' title='bbox 705 2034 767 2084; x_wconf 89' lang='lat' dir='ltr'>enim</span> <span class='ocrx_word' id='word_1_213' title='bbox 780 2046 872 2097; x_wconf 84' lang='lat' dir='ltr'>magna-</span> 
     </span>
     <span class='ocr_line' id='line_1_26' title="bbox 70 2086 869 2186; baseline -0.01 -27"><span class='ocrx_word' id='word_1_214' title='bbox 70 2105 169 2159; x_wconf 90' lang='lat' dir='ltr'>nimitati</span> <span class='ocrx_word' id='word_1_215' title='bbox 183 2105 329 2186; x_wconf 73' lang='lat' dir='ltr'>presumptio</span> <span class='ocrx_word' id='word_1_216' title='bbox 343 2115 367 2155; x_wconf 90' lang='lat' dir='ltr'>et</span> <span class='ocrx_word' id='word_1_217' title='bbox 378 2086 471 2154; x_wconf 79' lang='lat' dir='ltr'>ambitio</span> <span class='ocrx_word' id='word_1_218' title='bbox 484 2086 634 2185; x_wconf 76' lang='lat' dir='ltr'>opponuntur</span> <span class='ocrx_word' id='word_1_219' title='bbox 638 2108 676 2165; x_wconf 78' lang='lat' dir='ltr'>tut</span> <span class='ocrx_word' id='word_1_220' title='bbox 661 2089 809 2153; x_wconf 69' lang='lat' dir='ltr'>&#39;’&#39;mmmmu</span> <span class='ocrx_word' id='word_1_221' title='bbox 811 2104 869 2165; x_wconf 79' lang='lat' dir='ltr'>t),t</span> 
     </span>
     <span class='ocr_line' id='line_1_27' title="bbox 71 2173 950 2247; baseline -0.01 -16"><span class='ocrx_word' id='word_1_222' title='bbox 71 2178 174 2247; x_wconf 88' lang='lat' dir='ltr'>quibus</span> <span class='ocrx_word' id='word_1_223' title='bbox 168 2176 245 2227; x_wconf 89' lang='lat' dir='ltr'>ruanis</span> <span class='ocrx_word' id='word_1_224' title='bbox 259 2176 330 2239; x_wconf 86' lang='lat' dir='ltr'>gloria</span> <span class='ocrx_word' id='word_1_225' title='bbox 346 2176 430 2228; x_wconf 86' lang='lat' dir='ltr'>diliert</span> <span class='ocrx_word' id='word_1_226' title='bbox 442 2174 521 2239; x_wconf 80' lang='lat' dir='ltr'>Ergo</span> <span class='ocrx_word' id='word_1_227' title='bbox 515 2176 590 2227; x_wconf 87' lang='lat' dir='ltr'>ruanis</span> <span class='ocrx_word' id='word_1_228' title='bbox 608 2174 679 2237; x_wconf 83' lang='lat' dir='ltr'>gloria</span> <span class='ocrx_word' id='word_1_229' title='bbox 691 2188 736 2226; x_wconf 93' lang='lat' dir='ltr'>uon</span> <span class='ocrx_word' id='word_1_230' title='bbox 750 2173 872 2238; x_wconf 86' lang='lat' dir='ltr'>opponitur</span> <span class='ocrx_word' id='word_1_231' title='bbox 949 2186 950 2189; x_wconf 48' lang='lat'>¹</span> 
     </span>
     <span class='ocr_line' id='line_1_28' title="bbox 71 2247 264 2315; baseline -0.026 -12"><span class='ocrx_word' id='word_1_232' title='bbox 71 2247 264 2315; x_wconf 81' lang='lat' dir='ltr'>magnanimitati.</span> 
     </span>
    </p>

    <p class='ocr_par' dir='ltr' id='par_1_6' title="bbox 69 2317 950 2675">
     <span class='ocr_line' id='line_1_29' title="bbox 103 2317 950 2387; baseline -0.009 -11"><span class='ocrx_word' id='word_1_233' title='bbox 103 2330 126 2375; x_wconf 83' lang='lat'>3.</span> <span class='ocrx_word' id='word_1_234' title='bbox 141 2326 264 2386; x_wconf 69' lang='lat' dir='ltr'>Promea,</span> <span class='ocrx_word' id='word_1_235' title='bbox 279 2320 315 2371; x_wconf 80' lang='lat' dir='ltr'>ud</span> <span class='ocrx_word' id='word_1_236' title='bbox 329 2320 453 2387; x_wconf 66' lang='lat' dir='ltr'>Philipp„</span> <span class='ocrx_word' id='word_1_237' title='bbox 464 2320 493 2383; x_wconf 91' lang='lat' dir='ltr'>ll,</span> <span class='ocrx_word' id='word_1_238' title='bbox 508 2332 576 2385; x_wconf 88' lang='lat' dir='ltr'>super</span> <span class='ocrx_word' id='word_1_239' title='bbox 588 2318 660 2371; x_wconf 85' lang='lat' dir='ltr'>illud:</span> <span class='ocrx_word' id='word_1_240' title='bbox 675 2317 810 2381; x_wconf 81' lang='lat' dir='ltr'>«Niulpeu</span> <span class='ocrx_word' id='word_1_241' title='bbox 819 2330 871 2369; x_wconf 86' lang='lat' dir='ltr'>eou-</span> <span class='ocrx_word' id='word_1_242' title='bbox 949 2348 950 2358; x_wconf 57' lang='grc' dir='ltr'>ι</span> 
     </span>
     <span class='ocr_line' id='line_1_30' title="bbox 70 2388 873 2455; baseline -0.011 -6"><span class='ocrx_word' id='word_1_243' title='bbox 70 2397 197 2450; x_wconf 77' lang='grc' dir='ltr'>ιιιιίοιιιιιι</span> <span class='ocrx_word' id='word_1_244' title='bbox 210 2396 250 2443; x_wconf 86' lang='lat' dir='ltr'>aut</span> <span class='ocrx_word' id='word_1_245' title='bbox 259 2392 352 2443; x_wconf 89' lang='lat' dir='ltr'>inanem</span> <span class='ocrx_word' id='word_1_246' title='bbox 361 2391 490 2455; x_wconf 68' lang='lat' dir='ltr'>gloriam»</span> <span class='ocrx_word' id='word_1_247' title='bbox 505 2390 560 2441; x_wconf 85' lang='lat' dir='ltr'>dicit</span> <span class='ocrx_word' id='word_1_248' title='bbox 573 2391 652 2443; x_wconf 86' lang='lat' dir='ltr'>Glossa</span> <span class='ocrx_word' id='word_1_249' title='bbox 667 2405 672 2439; x_wconf 91' lang='lat'>:</span> <span class='ocrx_word' id='word_1_250' title='bbox 690 2407 704 2437; x_wconf 91' lang='grc' dir='ltr'>ιι</span> <span class='ocrx_word' id='word_1_251' title='bbox 718 2389 787 2438; x_wconf 87' lang='lat' dir='ltr'>Erant</span> <span class='ocrx_word' id='word_1_252' title='bbox 801 2388 873 2455; x_wconf 87' lang='lat' dir='ltr'>aliqui</span> 
     </span>
     <span class='ocr_line' id='line_1_31' title="bbox 69 2458 872 2527; baseline -0.014 -7"><span class='ocrx_word' id='word_1_253' title='bbox 69 2469 184 2520; x_wconf 87' lang='lat' dir='ltr'>intereos</span> <span class='ocrx_word' id='word_1_254' title='bbox 200 2464 377 2526; x_wconf 85' lang='lat' dir='ltr'>dissentientes,</span> <span class='ocrx_word' id='word_1_255' title='bbox 392 2461 504 2527; x_wconf 80' lang='lat' dir='ltr'>inquieti,</span> <span class='ocrx_word' id='word_1_256' title='bbox 514 2461 590 2512; x_wconf 86' lang='lat' dir='ltr'>inanis</span> <span class='ocrx_word' id='word_1_257' title='bbox 604 2461 680 2526; x_wconf 81' lang='lat' dir='ltr'>glorie</span> <span class='ocrx_word' id='word_1_258' title='bbox 697 2458 764 2511; x_wconf 81' lang='lat' dir='ltr'>taust</span> <span class='ocrx_word' id='word_1_259' title='bbox 778 2463 872 2510; x_wconf 82' lang='lat' dir='ltr'>couten-</span> 
     </span>
     <span class='ocr_line' id='line_1_32' title="bbox 71 2529 949 2604; baseline -0.009 -13"><span class='ocrx_word' id='word_1_260' title='bbox 71 2541 161 2594; x_wconf 87' lang='lat' dir='ltr'>dentes</span> <span class='ocrx_word' id='word_1_261' title='bbox 176 2553 191 2585; x_wconf 89' lang='grc' dir='ltr'>ι</span> <span class='ocrx_word' id='word_1_262' title='bbox 203 2535 322 2587; x_wconf 66' lang='lat' dir='ltr'>contentio</span> <span class='ocrx_word' id='word_1_263' title='bbox 335 2538 466 2586; x_wconf 87' lang='lat' dir='ltr'>autemnon</span> <span class='ocrx_word' id='word_1_264' title='bbox 478 2534 600 2599; x_wconf 87' lang='lat' dir='ltr'>opponitur</span> <span class='ocrx_word' id='word_1_265' title='bbox 612 2529 800 2597; x_wconf 85' lang='lat' dir='ltr'>magnanimitati.</span> <span class='ocrx_word' id='word_1_266' title='bbox 815 2532 873 2596; x_wconf 81' lang='lat' dir='ltr'>Ergo</span> <span class='ocrx_word' id='word_1_267' title='bbox 948 2558 949 2604; x_wconf 29' lang='grc' dir='ltr'>ἦ</span> 
     </span>
     <span class='ocr_line' id='line_1_33' title="bbox 71 2606 326 2675; baseline -0.028 -13"><span class='ocrx_word' id='word_1_268' title='bbox 71 2624 145 2675; x_wconf 87' lang='lat' dir='ltr'>neque</span> <span class='ocrx_word' id='word_1_269' title='bbox 159 2608 236 2658; x_wconf 89' lang='lat' dir='ltr'>inauis</span> <span class='ocrx_word' id='word_1_270' title='bbox 248 2606 326 2669; x_wconf 84' lang='lat' dir='ltr'>gloria</span> 
     </span>
    </p>

    <p class='ocr_par' dir='ltr' id='par_1_7' title="bbox 71 2674 948 2890">
     <span class='ocr_line' id='line_1_34' title="bbox 101 2674 874 2741; baseline -0.013 -7"><span class='ocrx_word' id='word_1_271' title='bbox 101 2684 146 2734; x_wconf 87' lang='lat' dir='ltr'>Sed</span> <span class='ocrx_word' id='word_1_272' title='bbox 163 2682 243 2739; x_wconf 80' lang='lat' dir='ltr'>eontra</span> <span class='ocrx_word' id='word_1_273' title='bbox 255 2682 291 2727; x_wconf 91' lang='lat' dir='ltr'>est</span> <span class='ocrx_word' id='word_1_274' title='bbox 295 2674 378 2741; x_wconf 83' lang='lat' dir='ltr'>,quod</span> <span class='ocrx_word' id='word_1_275' title='bbox 393 2676 481 2727; x_wconf 87' lang='lat' dir='ltr'>Tullius</span> <span class='ocrx_word' id='word_1_276' title='bbox 496 2676 567 2727; x_wconf 85' lang='lat' dir='ltr'>dicit</span> <span class='ocrx_word' id='word_1_277' title='bbox 561 2689 586 2725; x_wconf 86' lang='lat' dir='ltr'>ru</span> <span class='ocrx_word' id='word_1_278' title='bbox 602 2676 620 2725; x_wconf 93' lang='lat' dir='ltr'>l.</span> <span class='ocrx_word' id='word_1_279' title='bbox 633 2674 670 2724; x_wconf 87' lang='lat' dir='ltr'>De</span> <span class='ocrx_word' id='word_1_280' title='bbox 685 2675 798 2739; x_wconf 74' lang='lat' dir='ltr'>Officiis:</span> <span class='ocrx_word' id='word_1_281' title='bbox 807 2691 821 2723; x_wconf 91' lang='grc' dir='ltr'>ιι</span> <span class='ocrx_word' id='word_1_282' title='bbox 832 2676 874 2726; x_wconf 84' lang='lat' dir='ltr'>Ca-</span> 
     </span>
     <span class='ocr_line' id='line_1_35' title="bbox 71 2744 873 2828; baseline -0.011 -24"><span class='ocrx_word' id='word_1_283' title='bbox 71 2754 182 2803; x_wconf 82' lang='lat' dir='ltr'>vemlaes</span> <span class='ocrx_word' id='word_1_284' title='bbox 184 2754 193 2799; x_wconf 95' lang='lat' dir='ltr'>t</span> <span class='ocrx_word' id='word_1_285' title='bbox 205 2747 282 2828; x_wconf 77' lang='lat' dir='ltr'>gloriae</span> <span class='ocrx_word' id='word_1_286' title='bbox 298 2746 424 2828; x_wconf 81' lang='lat' dir='ltr'>cupiditas3</span> <span class='ocrx_word' id='word_1_287' title='bbox 434 2748 503 2811; x_wconf 85' lang='lat' dir='ltr'>eripit</span> <span class='ocrx_word' id='word_1_288' title='bbox 520 2747 580 2797; x_wconf 88' lang='lat' dir='ltr'>enim</span> <span class='ocrx_word' id='word_1_289' title='bbox 591 2745 661 2797; x_wconf 88' lang='lat' dir='ltr'>animi</span> <span class='ocrx_word' id='word_1_290' title='bbox 678 2744 805 2797; x_wconf 87' lang='lat' dir='ltr'>libertatem</span> <span class='ocrx_word' id='word_1_291' title='bbox 810 2752 873 2809; x_wconf 81' lang='lat' dir='ltr'>,pro</span> 
     </span>
     <span class='ocr_line' id='line_1_36' title="bbox 71 2808 948 2890; baseline -0.008 -16"><span class='ocrx_word' id='word_1_292' title='bbox 71 2838 116 2890; x_wconf 90' lang='lat' dir='ltr'>qua</span> <span class='ocrx_word' id='word_1_293' title='bbox 129 2819 284 2885; x_wconf 86' lang='lat' dir='ltr'>magnanimis</span> <span class='ocrx_word' id='word_1_294' title='bbox 298 2818 352 2868; x_wconf 81' lang='lat' dir='ltr'>uiris</span> <span class='ocrx_word' id='word_1_295' title='bbox 365 2819 439 2869; x_wconf 90' lang='lat' dir='ltr'>omnis</span> <span class='ocrx_word' id='word_1_296' title='bbox 449 2820 517 2869; x_wconf 84' lang='lat' dir='ltr'>debet</span> <span class='ocrx_word' id='word_1_297' title='bbox 530 2831 581 2870; x_wconf 87' lang='lat' dir='ltr'>esse</span> <span class='ocrx_word' id='word_1_298' title='bbox 594 2818 719 2869; x_wconf 90' lang='lat' dir='ltr'>contentio</span> <span class='ocrx_word' id='word_1_299' title='bbox 735 2832 748 2865; x_wconf 90' lang='grc' dir='ltr'>ι</span> <span class='ocrx_word' id='word_1_300' title='bbox 760 2816 818 2880; x_wconf 80' lang='lat' dir='ltr'>Ergo</span> <span class='ocrx_word' id='word_1_301' title='bbox 831 2829 873 2879; x_wconf 89' lang='lat' dir='ltr'>op·</span> <span class='ocrx_word' id='word_1_302' title='bbox 947 2808 948 2848; x_wconf 84' lang='lat' dir='ltr'>t</span> 
     </span>
    </p>
   </div>
   <div class='ocr_carea' id='block_1_4' title="bbox 72 2888 370 2971">
    <p class='ocr_par' dir='ltr' id='par_1_8' title="bbox 72 2888 370 2971">
     <span class='ocr_line' id='line_1_37' title="bbox 72 2888 370 2971; baseline -0.02 -24"><span class='ocrx_word' id='word_1_303' title='bbox 72 2895 164 2961; x_wconf 85' lang='lat' dir='ltr'>ponitur</span> <span class='ocrx_word' id='word_1_304' title='bbox 179 2888 370 2971; x_wconf 82' lang='lat' dir='ltr'>magnaumritat&#39;u</span> 
     </span>
    </p>
   </div>
   <div class='ocr_carea' id='block_1_5' title="bbox 0 0 979 3284">
    <p class='ocr_par' dir='ltr' id='par_1_9' title="bbox 0 0 979 3284">
     <span class='ocr_line' id='line_1_38' title="bbox 0 0 979 3284; baseline 0 0"><span class='ocrx_word' id='word_1_305' title='bbox 0 0 979 3284; x_wconf 95' lang='lat' dir='ltr'> </span> 
     </span>
    </p>
   </div>
  </div>
 </body>
</html>
