1934 3284
200 153 237 194 nn
249 153 333 201 renum
348 152 448 194 moesus
462 153 531 194 ram
547 153 659 195 neumis.
680 176 687 192 .
783 139 828 198 stt

22 234 136 294 utantur,
155 231 261 295 quamvis
281 232 318 283 lex
333 231 364 282 sit
382 232 485 295 murm,
507 237 530 283 et
544 233 598 284 lroni
614 233 672 286 bend
695 233 829 296 moriantur,

23 302 136 368 quamvis
153 303 184 353 sit
201 316 262 354 mors
280 303 371 354 malum.
396 320 411 351 u
426 305 451 352 ln
470 307 580 366 quantum
595 303 665 368 igitur
684 305 756 356 sancti
771 305 831 360 bend

22 378 99 425 morte
113 378 210 424 utuntur
215 411 223 437 ,
239 374 309 425 liteis
322 389 382 426 mors
394 375 518 426 meritoria.
625 389 627 398 ’

56 447 93 496 nd
109 445 232 510 septimum
242 446 372 508 dicendum,
381 447 442 510 codd
455 461 515 499 mom
527 448 647 513 dupliciter
657 448 730 512 accipi
739 453 824 513 potest.

23 520 78 569 Uno
94 519 165 568 modo
178 532 220 582 pro
232 522 282 582 ipsa
297 518 505 583 privatione·ritu;
520 525 544 570 et
560 520 593 571 sic
612 533 670 571 mors
685 521 764 571 sentiri
782 535 829 572 uon

22 594 119 655 potest,
134 588 186 640 cnm
199 590 230 640 sit
240 589 338 653 privatio
350 590 431 641 senscis
443 594 468 641 ot
479 591 533 643 vite
544 607 550 642 :
561 595 585 642 et
599 592 632 642 sic
646 605 691 643 non
709 596 744 641 est
757 607 831 656 poenc

20 665 124 723 censos,
139 663 180 713 sed
192 677 263 727 pleno
273 661 373 712 damni.
389 663 438 712 illic
447 665 528 726 modo,
541 663 663 714 secundini
673 663 733 727 quod
750 665 831 715 uomi-

24 740 68 785 nnt
79 736 157 799 ipsam
172 734 354 797 corruptionem,
365 749 414 798 qua
427 736 561 786 terminatur
570 736 598 785 ad
607 735 757 799 privationem
768 749 829 800 pre·

22 809 123 858 dictam.
140 806 328 869 lle'oorruptione
342 810 420 856 autem
435 806 494 857 sicut
511 810 534 856 st
547 807 575 857 de
593 807 739 869 generatione
756 808 832 871 dupli-

23 880 87 929 citer
96 877 162 940 loqui
172 890 299 942 possumus.
314 879 365 928 Uno
373 879 453 939 modo,
464 877 589 928 secondum
601 877 660 942 quod
674 885 710 928 est
720 878 832 930 terminos

23 949 188 1012 alterationis;
201 952 227 998 et
237 950 270 998 sic
278 949 303 998 in
313 947 364 1013 ipso
377 948 472 1000 instanti
484 951 510 1000 in
522 963 567 1013 quo
576 949 650 1014 primo
663 949 767 1013 privatur
774 949 832 1012 viti,

24 1021 114 1071 dicitnr
131 1021 210 1072 inesse
232 1034 293 1080 mors
309 1037 316 1070 ι
331 1026 354 1071 et
371 1021 494 1072 secundirm
512 1024 555 1072 lroc
570 1022 637 1073 etism
652 1034 712 1072 mors
734 1025 833 1072 nonest

23 1107 103 1158 poeea
117 1093 213 1142 remos.
225 1093 275 1144 elic
288 1094 356 1143 modo
363 1130 372 1156 ‚
385 1093 497 1157 corruptio
513 1097 587 1156 potest
597 1092 668 1156 accipi
682 1105 733 1142 cunr
747 1093 828 1144 altera·

26 1166 93 1215 tione
112 1164 270 1228 procedente,
285 1168 353 1227 pmut
364 1164 446 1216 dicitnr
455 1165 538 1228 aliquis
552 1165 608 1216 mori
621 1166 675 1215 dum
693 1170 795 1215 moretur
807 1164 832 1215 in

25 1240 130 1286 mortem
138 1264 150 1298 ‚·
161 1235 220 1285 sicut
232 1240 256 1286 ct
269 1235 351 1286 dicitur
360 1236 446 1300 aliquid
456 1238 559 1300 generari
572 1238 624 1286 dum
641 1239 744 1286 movetur
757 1237 782 1286 in
793 1251 833 1300 pe·

25 1310 151 1358 uerutum
163 1321 215 1357 eece
227 1323 236 1355 :
250 1310 274 1356 et
288 1307 321 1358 sic
335 1321 394 1358 mors
408 1312 483 1371 potest
492 1321 542 1358 esso
554 1303 669 1357 aidictiva.

61 1379 99 1429 nd
114 1384 218 1427 octavum
235 1378 365 1442 dicendum,
375 1377 434 1443 quod
446 1380 505 1429 sicut
517 1379 654 1443 Augustinus
668 1379 734 1440 dicit,
751 1382 833 1445 Super

26 1454 119 1503 Gener:
129 1448 166 1498 nd
175 1449 282 1511 tittlilr.
294 1453 333 1510 xl,
349 1465 401 1514 cap.
417 1450 473 1514 tt),
489 1467 502 1498 c
516 1452 636 1502 hecmors
646 1449 673 1502 ea
683 1451 720 1502 dic
736 1452 827 1514 occidit,

25 1536 77 1588 qua
88 1522 175 1571 iactum
187 1525 223 1572 est
235 1524 294 1586 qnod
309 1524 368 1574 oeus
381 1523 461 1586 vetuit,
475 1539 489 1570 n
503 1523 558 1586 quia
573 1536 601 1573 ex
615 1527 668 1574 tunc
682 1523 831 1578 «morbidam

25 1593 164 1660 qualitatem
180 1596 204 1642 et
217 1594 354 1644 mortiferam
368 1613 382 1642 u
397 1594 464 1658 primi
478 1598 585 1658 parentes
599 1595 622 1644 in
633 1607 729 1659 corpore
741 1595 829 1646 mortali

27 1669 204 1717 contraxemnt.
215 1666 257 1716 Vel
272 1666 330 1716 sicut
347 1665 401 1716 dicit
414 1666 453 1716 lib.
471 1667 489 1715 l.
503 1667 539 1716 De
555 1669 714 1730 peccatorum
731 1668 833 1718 meritis

26 1742 55 1790 et
74 1738 223 1786 remissione
235 1738 299 1802 (ssu
313 1738 350 1786 De
364 1737 491 1801 oaprtcmo
507 1729 691 1801 porvulorum,
704 1752 754 1802 cap.
775 1741 832 1801 16),

29 1829 45 1859 u
62 1807 171 1872 quamvis
186 1820 257 1858 annos
272 1809 355 1858 multos
371 1807 440 1872 primi
452 1812 558 1871 parentes
572 1812 652 1871 postea
665 1809 778 1870 vixerint,
793 1809 836 1861 illo

28 1888 114 1932 tamen
133 1879 169 1930 dic
185 1879 242 1929 mori
257 1883 388 1944 caeperunt,
400 1893 446 1943 quo
463 1879 542 1930 mortis
556 1879 629 1944 legem
644 1893 689 1943 qua
707 1879 730 1929 in
748 1881 836 1931 senium

30 1954 204 2005 veterascerent
218 1955 364 2016 acceperunt.
378 1969 392 1998 u

332 2131 491 2182 admonitis
508 2132 533 2180 ll.

38 2261 129 2311 verim
140 2259 306 2305 menatenses·
313 2260 471 2315 particulares
482 2273 555 2317 poenoe
566 2259 699 2316 primorum
707 2263 838 2318 parentum

257 2323 448 2368 determinem·
460 2326 489 2368 ire
497 2324 631 2380 Scriptura.

69 2458 106 2511 ild
122 2454 246 2506 secundum
262 2455 296 2505 sic
311 2455 449 2519 proceditur.
462 2455 558 2506 Videtur
574 2454 634 2518 quod
652 2453 839 2505 inconvenienter

34 2528 187 2600 particulares
200 2540 273 2591 prenae
282 2526 407 2590 primorum
417 2530 535 2589 parentum
544 2525 754 2577 determinenturin
763 2526 839 2590 Scrip-

34 2614 101 2657 tura.
111 2601 162 2651 Non
176 2597 236 2649 enim
247 2598 312 2648 debet
320 2597 430 2656 assignari
443 2603 469 2648 ut
477 2611 545 2661 poena
555 2598 653 2661 peccati,
663 2599 685 2648 id
696 2599 754 2661 quod
765 2597 840 2648 etiam

34 2679 92 2729 sine
110 2675 203 2737 peccato
221 2674 290 2720 esset.
305 2670 349 2718 Sed
362 2670 425 2719 dolor
442 2669 465 2718 in
482 2669 590 2731 pariendo
601 2673 662 2720 esset
678 2670 718 2734 (nt
735 2669 837 2732 videtur)

35 2750 113 2802 etiam
126 2743 285 2805 sinepeccatm
295 2743 338 2792 troc
346 2740 408 2791 enim
415 2740 511 2804 requirit
520 2740 638 2804 dispositio
650 2741 752 2792 imminet
761 2740 838 2802 sends,

35 2827 63 2874 ut
73 2817 151 2885 proles
164 2813 225 2864 nasci
237 2825 284 2862 non
292 2812 366 2877 possit
378 2812 428 2861 sine
436 2813 512 2862 dolore
521 2813 639 2876 parientis.
651 2813 761 2864 Similiter
769 2813 839 2864 stiam

36 2885 155 2956 subjectio
163 2883 265 2936 mulieris
272 2885 302 2934 ad
311 2885 384 2934 virum
397 2883 544 2950 consequitor
553 2886 581 2936 ad
591 2885 755 2951 perlectionem
768 2883 840 2934 virilis
