1934 3284
271 171 302 208 nt.
318 169 430 208 nexuerat
446 172 572 210 raerrene.
774 163 819 213 tel

23 243 120 307 rumpit,
134 245 173 308 uui
186 249 261 309 potest
278 247 305 296 aul
325 246 425 296 animum
442 261 510 296 suum
533 249 641 312 iujuriam
657 263 777 314 renouare,
797 257 821 303 ει
855 289 860 300 .

22 325 86 374 agere
96 317 183 368 actione
194 317 327 380 injuriarum
341 324 418 368 contra
433 324 591 383 stupratorem.
602 339 616 368 u
627 323 686 386 Ergo
698 327 820 388 stuprum

22 397 64 434 uon
85 388 152 438 detrot
170 390 225 452 poni
240 389 329 452 speeies
342 390 445 440 luxurie.

49 459 94 508 Sed
108 465 249 524 cenitensi,
264 460 323 525 quod
333 465 453 525 stuprum
465 463 556 526 proprie
565 464 670 514 consistit
682 468 706 516 in
718 470 769 517 actu
779 481 820 519 ue„

21 541 141 594 aereoque
152 532 217 596 uirgo
225 533 354 582 dellorelur.
365 535 422 584 cun
433 533 502 596 igitur
514 536 601 584 luxoria
612 536 702 600 propria
713 537 743 588 eit
756 539 816 591 eirea

21 602 226 664 reuomentem
239 603 299 666 quiid
313 608 434 669 stuprum
448 605 479 654 sit
493 605 583 668 epeoiee
596 607 700 659 luxoriae.

52 672 452 740 (Conouns10.-Stuprum,qnod
465 676 566 727 illicitam
579 677 693 742 uirginum
704 681 747 732 εει)
764 693 819 733 eura

21 751 137 804 pareutum
154 746 301 800 existentium
319 747 463 799 violationem
471 745 597 812 importat,
615 751 763 802 determinata
780 753 820 803 ln-

21 819 88 868 turiae
106 818 196 882 speclea
207 823 245 868 εει
258 819 286 868 ab
302 819 353 868 eliis
367 818 482 882 diversa.)

48 887 184 953 Respondeo
194 890 324 951 uiuendum,
336 889 396 953 qrrorl
410 891 449 940 nbi
462 891 522 941 cirea
533 893 650 942 materiam
660 892 757 958 alicujus
769 894 819 945 ritil

21 965 120 1012 occurrit
132 962 203 1025 aliqua
215 963 320 1027 specialis
332 962 476 1026 deformitas,
486 965 519 1015 iot
530 964 660 1028 outetpoui
670 967 820 1020 ιειεειιιιεειι

21 1034 107 1094 rpeciee
124 1033 184 1084 illine
195 1034 254 1085 uitii.
266 1034 366 1084 Luxuria
380 1039 456 1085 auteur
470 1040 507 1086 εει
520 1043 637 1100 peceatum
650 1037 710 1087 cirea
723 1051 820 1090 venerea

21 1105 138 1168 aristeus,
149 1106 252 1170 utsupra
261 1107 389 1156 dictumest
401 1107 511 1170 (quite,
521 1112 565 1157 art.
581 1113 594 1158 1
604 1115 628 1159 et
639 1109 680 1171 a).
695 1111 721 1158 ln
732 1109 820 1174 uirgine

21 1181 90 1227 ntem
107 1179 152 1228 sub
170 1179 272 1229 custodia
287 1179 358 1242 patris
371 1180 499 1240 existente,
513 1181 615 1243 quaenam
625 1180 757 1230 deformitas
768 1195 818 1246 spe·

21 1247 75 1299 :tatis
88 1250 203 1312 occurrit,
216 1250 236 1300 el
251 1255 415 1315 corrumpatur.
430 1251 489 1300 'lum
503 1263 533 1300 ex
550 1256 615 1315 parte
630 1253 710 1315 puelle
727 1266 779 1315 qne
791 1267 821 1305 ex

21 1332 56 1370 rou
73 1322 140 1385 quod
162 1322 274 1382 violatur,
291 1325 353 1372 nulla
369 1323 471 1386 pactione
493 1322 608 1387 mojugatl
626 1325 781 1388 precedente,
796 1331 820 1377 et

21 1395 142 1457 mpeditnr
156 1395 191 1456 (l)
204 1393 218 1444 a
231 1393 332 1458 legitimo
346 1394 490 1445 matrimonio
507 1397 680 1458 consequendo,
691 1401 715 1446 ει
728 1396 822 1460 ponitur

21 1477 35 1511 u
48 1467 87 1514 uia
101 1466 259 1516 meretricandi
265 1501 273 1529 ,
288 1466 357 1529 lquo
368 1467 524 1517 retrahebatur
534 1479 563 1517 ne
574 1467 713 1529 signaculum
726 1468 822 1532 uirgini·

21 1537 65 1587 atis
78 1537 205 1587 amitteret.
215 1535 271 1586 Tum
280 1537 347 1588 etiarn
361 1551 388 1588 ex
397 1543 460 1602 parte
475 1539 546 1602 patris
557 1539 597 1602 qul
611 1540 640 1589 ιε
654 1539 705 1604 ejna
718 1541 821 1591 eustolia

21 1609 194 1660 ollicitulinem
209 1609 284 1672 gertr,
300 1609 424 1660 seeundum
436 1610 491 1660 illud
505 1609 609 1666 Euolet..
625 1611 704 1660 xlll:
722 1612 822 1676 «Super

21 1679 83 1730 iliam
103 1679 246 1730 luxuriosam
259 1681 366 1730 continua
380 1682 519 1744 ouantium,
535 1695 564 1731 ne
580 1683 671 1743 quanto
683 1681 750 1732 errat
761 1687 783 1732 te
796 1683 822 1734 in

24 1753 166 1816 pprolrrium
183 1750 260 1802 uenire
279 1752 414 1802 inimicia.»
433 1753 460 1801 lit
474 1753 528 1802 ideo
549 1753 695 1803 manifestum
711 1759 746 1803 εει
758 1753 820 1817 quill

23 1829 140 1888 luprum
151 1823 211 1885 qnod
222 1824 329 1890 importat
338 1823 442 1872 illicitam
452 1823 567 1887 uirginum
580 1825 752 1875 deflorationem
761 1825 820 1884 ‚aut

23 1910 65 1944 ura
79 1901 204 1961 parentum
223 1893 381 1956 existentium,
397 1900 440 1944 εει·
448 1896 596 1945 determinata
610 1895 706 1946 luxurie
720 1897 818 1959 speclea.

41 1969 79 2018 Αι
102 1979 203 2032 primum
217 1979 271 2030 ergo
285 1967 421 2026 dicendum,
434 1966 496 2030 quial
509 1968 614 2030 quamvis
627 1967 691 2030 uirgo
701 1966 732 2016 eit
746 1969 819 2019 eolnla

39 2039 142 2089 vinculo
160 2038 302 2088 matrimonii
310 2073 318 2101 ‚
336 2051 381 2088 uon
399 2043 475 2088 lernen
489 2044 525 2088 εει
537 2040 611 2088 solnta
625 2037 639 2087 it
652 2039 724 2101 patrie
738 2045 819 2102 potee-

22 2117 68 2164 rte.
82 2111 240 2162 Habetetiaur
251 2110 348 2174 speciale
358 2111 544 2174 impedimentum
558 2111 673 2161 tornienui
686 2111 822 2163 ooneutitrla

23 2183 160 2248 irginitatis
181 2182 287 2247 signum,
306 2184 365 2245 quod
386 2196 432 2232 nou
446 2184 515 2234 debet
534 2182 580 2233 nisi
597 2196 636 2247 per·
654 2182 823 2234 matrimonium
893 2239 897 2247 ,

24 2257 114 2307 uierri.
137 2254 201 2304 Unte
217 2259 337 2317 stuprum
351 2267 395 2303 non
412 2260 447 2305 εει
461 2255 580 2304 fornicatio
597 2255 706 2318 simplex;
719 2258 760 2305 εει
776 2257 824 2306 tor-

25 2328 105 2380 ioatio
125 2331 162 2377 εει
178 2328 312 2378 concubitus
325 2327 364 2389 qui
375 2328 400 2376 lit
412 2341 462 2376 eum
481 2326 638 2378 meretricibus
654 2325 694 2386 (il
712 2329 758 2386 εει,
776 2339 827 2376 mu·

25 2402 114 2450 eribus
126 2399 175 2461 pam
189 2397 317 2462 corruptis')
329 2401 353 2446 ut
367 2401 429 2462 putet
438 2411 479 2462 per
492 2399 603 2458 Glossam,
613 2398 642 2446 ll.
653 2397 688 2446 oct
699 2397 824 2462 corinti„

22 2474 71 2536 ll,
91 2484 166 2534 snper
179 2469 234 2520 illud
250 2484 256 2520 ι
272 2486 285 2517 u
304 2471 331 2520 Et
349 2483 394 2520 non
413 2475 510 2534 egerunt
523 2469 682 2535 peonitentiam
699 2481 767 2534 anper
783 2468 827 2520 ina·

23 2542 134 2594 trunoilia
153 2544 176 2591 et
198 2540 357 2605 fornicatione,
376 2545 451 2592 ele.»

41 2651 80 2717 (1)
101 2651 155 2698 lt'on
169 2664 221 2697 enm
235 2651 417 2710 precedentibus
431 2650 607 2710 conjungendo,
619 2651 658 2698 ted
670 2663 723 2698 eum
737 2647 825 2698 nnb'ees

23 2717 159 2771 uentibus,
176 2715 198 2760 lt
209 2724 245 2760 eat
257 2727 286 2762 ex
301 2717 344 2761 lton
355 2716 416 2772 quod
433 2717 547 2773 violatur,
560 2716 606 2760 dno
618 2715 714 2761 lnenrrlt
726 2716 824 2775 demna,

23 2795 59 2828 um
76 2778 141 2836 qula
152 2779 297 2836 impetitori
308 2779 411 2836 legitimo
421 2780 567 2824 matrimonio
581 2778 759 2836 consequendo,
777 2785 827 2824 turn

23 2848 67 2892 uia
81 2844 212 2898 exponitur
222 2842 382 2888 meretricandi
395 2842 507 2899 periculo,
518 2842 587 2899 equo
598 2855 652 2889 enm
663 2849 733 2890 antea
746 2842 825 2901 ponor

23 2925 31 2957 t
46 2911 136 2956 timor
147 2905 280 2960 amittenda
291 2905 571 2965 nirnlmtanurnrtoon.
672 2940 676 2946 .

136 3013 164 3058 t.
688 3004 721 3059 21
