1934 3284
117 135 163 184 0⁸⁴
233 143 340 182 suornm
355 140 479 194 sumnus,
496 142 591 188 oum.
607 141 678 194 oum,
693 143 750 181 nur.
769 145 797 181 n.

410 292 573 344 lnrrcullls
587 292 615 342 11.

160 417 245 462 Utrum
258 418 341 464 nullus
358 421 426 464 notus
434 431 547 465 venereus
555 420 629 476 possit
639 431 688 467 esse
700 420 752 466 siue
770 424 877 477 peccatu.

146 544 179 594 lu
196 545 318 594 secundnm
337 543 370 595 sio
381 545 563 609 promdlturll).
578 542 671 596 Videtur
687 544 747 609 quod
764 547 844 598 nullus
857 556 922 603 actus

115 628 225 668 venereus
237 616 308 680 possit
320 629 370 667 esse
380 617 429 667 sino
439 621 541 680 poenulo.
553 617 614 667 ltili}
627 617 690 666 enim
703 617 795 667 ridetur
804 618 919 683 impedire

114 688 220 738 virtutum
238 687 282 737 nisi
305 693 430 752 pestutum.
446 689 490 739 Sed
509 689 585 740 omnis
606 693 670 739 notus
692 702 807 749 senonens
821 694 923 747 maximo

115 759 209 823 impedit
220 759 335 810 uirtutem.
351 760 408 810 uicit
420 761 482 810 onim
498 761 636 823 Augustinus
648 759 672 811 in
681 762 700 810 l.
714 761 922 824 Soliloguiorum

117 831 183 897 (oap.
199 835 239 893 1⁰,
253 835 278 880 ut
291 831 339 894 jum
352 830 434 896 suprl)
449 847 455 880 z
468 848 481 877 u
488 833 550 891 Nihil
563 845 614 882 osse
627 831 703 882 sentio
720 834 782 896 qnod
796 835 872 900 magis
892 851 922 886 es

115 915 165 953 arce
175 903 265 966 dejiciat
277 903 376 952 animum
387 903 491 964 virilem,
502 903 569 966 quim
582 904 736 954 blandimenta
748 903 863 957 immines
872 921 923 958 sor·

115 987 238 1038 porumque
258 977 380 1024 oontuotns.
401 991 415 1021 u
435 975 495 1038 Ergo
515 974 591 1024 nullus
610 978 676 1024 attus
694 988 808 1026 venereus
828 977 921 1032 ututur

115 1046 345 1110 ossestneipeooato.
387 1105 390 1113 Ι

146 1123 169 1167 2.
188 1120 312 1180 proteres,
329 1117 463 1180 ubicumque
477 1117 595 1167 invonitur
612 1116 697 1180 aliquid
715 1118 861 1182 superfluum
881 1137 923 1186 por

114 1189 173 1254 quod
190 1188 273 1239 loono
290 1188 382 1238 rationis
394 1189 518 1250 receditur,
529 1190 572 1238 hoo
591 1193 626 1239 est
638 1187 760 1250 vitiosum3
775 1190 833 1253 quia
851 1191 923 1244 virtus

114 1260 262 1325 corrumpitur
277 1261 488 1324 persuperfluum
501 1263 525 1311 ot
538 1259 711 1319 diminutum,
723 1263 749 1309 ut
761 1261 849 1312 dicitnr
858 1263 882 1313 in
892 1265 920 1314 ll.

114 1333 200 1384 Eitis.
217 1331 283 1397 (unp.
298 1335 311 1381 5
325 1331 422 1393 sinuo).
434 1332 478 1382 Sed
489 1331 512 1381 in
527 1331 630 1394 quolibet
647 1335 698 1382 notu
712 1345 812 1382 venereo
828 1339 867 1386 est
880 1350 919 1385 su

114 1404 229 1469 perlinitus
240 1403 408 1464 delectationis,
421 1417 472 1466 quae
483 1403 507 1453 in
518 1406 605 1452 lantum
616 1402 721 1454 obsorbet
730 1403 846 1455 rationum
859 1407 921 1470 quod

114 1475 254 1538 impossihile
267 1479 302 1526 ost
315 1474 398 1538 aliquid
410 1473 535 1537 intelligere
545 1473 570 1523 in
581 1474 647 1539 ipsn3
660 1478 685 1523 ut
699 1474 861 1539 Philosophus
870 1477 926 1528 dicit

116 1548 139 1597 in
154 1544 202 1597 vll.
220 1547 301 1597 lltltz'c.
318 1548 387 1612 (unp.
399 1549 427 1596 11
446 1546 494 1596 siue
508 1545 562 1610 18).
578 1547 606 1596 Et
620 1545 678 1597 siout
695 1544 856 1610 Hieronymus
870 1549 926 1598 dicit
952 1572 954 1591 ι

117 1619 166 1667 oin
181 1618 219 1667 illo
233 1622 284 1668 actu
299 1619 390 1682 spiritus
403 1617 529 1682 prophetin
544 1630 592 1672 non
608 1617 714 1680 tangebat
728 1619 798 1668 corda
813 1620 922 1685 Propino·
952 1606 954 1627 '

115 1694 197 1740 ‘turum
208 1707 221 1736 u
237 1691 295 1754 Ergo
309 1690 385 1739 nullus
395 1693 458 1739 sotus
468 1702 581 1739 venereus
591 1693 668 1754 potest
681 1702 732 1739 esso
748 1688 798 1740 sine
813 1697 922 1752 peoouto.
952 1696 954 1699 '

148 1767 170 1812 ³.
186 1763 309 1824 Proteum,
326 1775 419 1812 «cansa
434 1762 508 1827 potior
522 1765 558 1811 est
574 1760 643 1824 quim
660 1761 766 1812 effectus.
779 1778 794 1808 u
810 1763 859 1814 Sod
871 1778 924 1828 pec·
952 1772 954 1775 ·

116 1837 190 1883 cutum
203 1833 312 1900 originale
327 1833 351 1884 in
362 1834 463 1897 parvulis
476 1834 573 1883 trahitur
582 1833 595 1884 l
604 1832 804 1897 concupiscentia,
814 1833 870 1886 sine
881 1850 925 1900 qua

115 1912 178 1956 actus
196 1919 308 1956 venereus
323 1917 372 1956 esso
386 1917 433 1955 non
447 1909 538 1970 potost3
554 1909 579 1955 ut
595 1909 658 1970 putot
668 1917 708 1968 por
723 1904 885 1968 Angustinnm
905 1909 927 1957 in

118 1978 154 2029 lu.
173 1979 191 2028 l.
209 1979 246 2027 De
262 1977 361 2042 nuptus
376 1980 401 2026 et
418 1979 619 2042 concupiscentia
629 1977 689 2040 (cap.
699 1974 751 2034 94).
767 1977 828 2040 Ergo
844 1978 925 2028 nullus

116 2054 177 2101 actus
196 2062 308 2100 venereus
325 2053 401 2114 potest
421 2061 471 2100 esse
489 2049 539 2100 siue
555 2054 659 2113 peccato.

146 2123 188 2173 Sotl
203 2123 280 2172 contra
296 2126 340 2188 est,
355 2121 414 2186 qu'od
429 2121 567 2186 Augustinus
579 2121 632 2170 droit
641 2119 666 2169 iu
679 2119 720 2169 lib.
737 2121 774 2168 De
789 2119 857 2170 bono
871 2137 926 2171 con-

112 2193 201 2258 jupoli
214 2193 283 2259 (cap.
296 2192 339 2256 25)
352 2209 357 2242 :
372 2211 385 2242 u
394 2194 453 2244 Satis
466 2207 601 2258 responsum
615 2196 651 2244 ost
664 2190 776 2242 torellus
792 2193 833 2258 (si
845 2197 925 2244 tumen

116 2265 221 2330 capiunt)
237 2279 282 2314 non
294 2260 345 2315 ‘esso
356 2267 543 2329 peccatumquod
553 2277 627 2328 nequo
642 2268 721 2315 contra
737 2267 844 2314 naturum
861 2279 926 2316 oom-

115 2338 223 2394 mittitur,
239 2351 312 2400 nequo
330 2339 411 2387 contra
429 2349 618 2400 monemusque
636 2341 716 2385 contra
735 2339 925 2400 praeoeptum.u

116 2411 145 2460 ut
157 2409 257 2472 loquitur
270 2410 297 2459 do
312 2413 362 2458 notu
378 2418 492 2470 venereo,
502 2422 547 2471 quo
557 2407 645 2471 antiqui
658 2409 736 2457 Patres
747 2407 858 2470 pluribus
872 2423 927 2460 con·

115 2482 206 2546 jugibus
226 2481 353 2532 utebantur.
367 2481 426 2544 Ergo
448 2494 494 2531 non
509 2481 583 2531 omnis
601 2485 664 2530 actus
679 2492 791 2530 uouemus
811 2483 850 2530 ost
868 2494 924 2547 pec·

117 2557 202 2605 catum.

150 2624 310 2686 (Couunnsro.
318 2625 433 2674 —Potest
446 2623 529 2687 uliquis
537 2635 686 2673 vonomomm
698 2620 779 2671 linitus
791 2636 851 2673 usus
861 2636 923 2682 esse,

116 2693 134 2742 si
149 2693 225 2742 dubito
241 2695 307 2744 modo
320 2697 344 2744 ot
355 2695 432 2745 ordino
451 2693 490 2743 fiat
509 2692 632 2745 secundum
650 2691 711 2756 quod
726 2695 761 2743 ost
775 2694 924 2745 couveniens

118 2763 147 2811 ad
159 2763 226 2811 linem
240 2765 392 2826 generationis
405 2768 518 2816 humanu.
532 2765 541 2829 )

151 2865 184 2928 tl)
198 2871 230 2915 Do
241 2870 277 2917 lus
287 2874 357 2920 utiam
370 2886 411 2932 qu.
423 2873 463 2936 15,
476 2876 505 2922 du
519 2875 596 2935 mulo,
611 2878 657 2924 ut.
669 2871 693 2918 1·
