1934 3284
54 279 143 344 pertinet
155 280 186 331 ad
200 277 355 344 religionem.
366 199 716 346 {tagum-ovomere
727 199 862 350 deminuet

56 352 156 415 pertinet,
167 356 194 404 et
207 351 244 402 sio
256 363 307 401 nou
320 353 357 401 est
373 349 479 415 specialis
491 351 572 403 virtus.

80 427 102 472 2
117 425 247 483 Praeterea,
257 421 384 486 Apostolus
397 421 453 472 dioit
463 423 481 472 1.
493 423 529 472 od
538 423 610 478 cor..
618 424 655 474 x:
669 425 770 477 «Omnia
778 426 803 477 in
812 429 862 492 plo·

55 496 105 545 riam
120 495 169 546 Dei
181 494 265 546 tacite.
280 494 353 544 »sed
365 495 395 544 ad
407 493 538 558 religionem
548 495 648 560 pertinet
660 497 736 561 atiquo
748 499 822 551 haere
832 501 861 552 ad

52 567 88 617 lei
100 565 269 627 reuerentiam,
286 567 314 614 nt
327 565 395 630 sopri
408 565 494 616 dietum
507 569 544 617 est
557 568 617 630 (at.
631 571 644 618 l
658 573 684 620 et
692 572 707 618 l
715 568 734 633 l.
750 570 810 634 drgo
823 585 863 625 re·

52 639 103 702 ligio
113 651 163 689 non
174 641 212 689 est
225 635 337 702 specialis
350 637 431 690 uirtus.

80 714 103 760 o.
116 711 244 772 heterea,
258 708 358 759 charitas
369 721 415 772 pua
425 708 524 773 diligitur
536 709 611 771 Dens,
621 723 667 762 non
678 716 715 763 est
727 713 803 765 virtus
814 716 861 768 dio-

53 781 118 830 tinota
129 780 143 830 a
155 779 272 830 charitate
290 793 337 843 qua
350 779 454 844 diligitur
464 781 590 844 proximus.
604 782 650 834 sod
665 783 724 835 sieut
737 784 820 837 dieitur
835 788 860 840 in

51 853 97 902 lllli
111 853 200 903 staec.
220 867 229 900 :
247 851 395 912 «Honorem,
404 852 557 917 propinquum
570 853 635 906 estei
645 855 749 918 quodest
757 859 836 910 tmtn'.
844 876 859 907 o

53 926 108 988 Ergo
119 924 204 987 religio
216 935 264 988 qua
274 925 402 974 honoratur
414 924 484 986 heus,
491 937 538 975 nou
546 929 583 976 est
590 927 662 978 uirtus
672 927 802 990 spetialiter
810 931 857 982 dis·

52 998 119 1047 dueta
131 997 162 1047 uh
176 995 342 1058 abrenuntia,
355 997 394 1048 rel
407 995 468 1047 dulia
478 999 515 1048 rel
529 998 629 1062 pionte,
643 998 726 1062 quitus
738 1001 861 1055 honoratur

52 1068 174 1130 proximus.
188 1067 253 1130 Ergo
269 1070 365 1117 nonest
379 1067 455 1118 virtus
464 1069 578 1132 specialis.

79 1140 124 1190 sed
141 1142 227 1190 ooutra
242 1140 291 1202 ml,
302 1137 796 1208 quddpoulturprrslustitiealaliisejur
807 1157 861 1210 par·

52 1211 109 1260 tibus
122 1209 246 1260 distincta.

81 1283 251 1347 (corausto.
261 1282 393 1346 -lteiigio
403 1283 636 1346 estspeeiulisrirtns
645 1284 859 1349 mommoreto,

52 1354 97 1404 cim
109 1368 152 1418 por
165 1353 232 1404 illum
243 1355 292 1404 lieo
305 1353 413 1419 mammis
426 1355 499 1406 honor
513 1356 675 1420 exhiheatur).

79 1427 221 1492 despondeo
232 1425 371 1488 dieendom,
381 1425 445 1490 quod
453 1425 506 1477 edm
515 1428 590 1479 virtus
597 1428 716 1479 ordiretur
728 1429 756 1479 ad
765 1428 859 1493 loom,

51 1498 85 1547 uhi
93 1497 253 1563 eotspeeinlis
260 1498 320 1548 ratio
326 1498 383 1548 honi
391 1535 399 1561 ‚
408 1496 441 1548 ihi
451 1502 540 1562 oportet
549 1513 602 1551 esse
610 1500 735 1564 specialem
743 1499 858 1551 uirtutum

52 1571 133 1620 honum
146 1572 234 1619 autem
244 1570 272 1619 ad
287 1569 348 1632 quod
361 1569 478 1620 ordinatm
491 1569 580 1634 religio,
591 1574 629 1622 est
640 1571 746 1622 exhihoe
757 1572 805 1622 lieo
819 1572 861 1622 de·

52 1642 116 1691 ditum
130 1643 260 1692 honorem.
276 1642 353 1692 Honor
369 1645 447 1693 auom
460 1641 555 1694 deletur
568 1642 636 1693 aliosi
647 1643 735 1694 rationo
747 1643 861 1693 ermilen-

52 1713 95 1775 tiae3
106 1714 155 1764 ileo
180 1715 263 1764 autem
281 1713 390 1777 competit
403 1713 525 1778 singularis
544 1714 690 1778 emolienda,
708 1714 734 1765 iu
748 1718 859 1779 quantum

53 1785 121 1834 omma
135 1785 162 1834 'nr
179 1783 298 1835 inlinitum
312 1783 463 1848 transcendit,
477 1785 603 1836 seeumdhm
611 1786 767 1837 omnimodum
780 1797 860 1836 eroes·

54 1868 97 1905 anm
109 1873 116 1904 ε
129 1856 196 1908 unde
209 1855 235 1906 ei
246 1853 341 1906 debetur
351 1854 459 1920 specialis
470 1857 555 1918 honor,
565 1856 624 1907 sieut
635 1856 659 1906 in
672 1857 741 1907 rebus
751 1854 861 1906 humenis

55 1928 150 1979 udemus
162 1926 230 1991 quod
239 1926 340 1977 dirersis
354 1925 496 1977 excellentiis
508 1939 655 1992 personarum
669 1927 774 1978 diversus
787 1929 861 1978 honor

55 1997 142 2048 doletur
156 1997 220 2048 alius
230 1995 398 2060 quidempatri,
408 1995 467 2047 olins
475 1998 534 2060 regi,
543 2001 568 2048 et
577 1998 612 2047 sio
621 1999 649 2048 de
662 1997 722 2050 ullis.
734 1998 799 2048 Unde
811 2009 861 2048 ma-

3 2089 4 2104 .
56 2069 157 2119 uilooum
175 2071 214 2118 est
227 2067 293 2132 qndd
303 2067 386 2132 religio
401 2071 437 2118 est
452 2068 559 2132 speoialis
574 2069 656 2119 sinus

82 2141 113 2189 ld
123 2139 228 2204 primurn
241 2151 295 2203 erpo
307 2138 440 2198 dioendum,
453 2137 515 2202 quod
527 2152 596 2190 omne
606 2153 664 2205 opus
674 2138 765 2190 sinodo
776 2138 860 2190 dieitur

57 2221 100 2259 esso
118 2209 274 2273 sacrificium,
290 2209 315 2259 iu
335 2211 446 2273 quanm
463 2209 580 2260 ordinatur
596 2211 622 2260 sd
642 2210 683 2261 llei
696 2206 857 2262 reverentiam.

58 2281 114 2333 l'nde
123 2296 154 2334 er
166 2283 214 2332 hoo
225 2293 273 2334 non
283 2280 380 2332 habetur
390 2278 451 2344 qudd
464 2281 544 2345 religio
557 2281 589 2332 sit
598 2281 711 2345 generalis
719 2280 807 2345 uirtus,
819 2282 860 2332 sed

58 2352 111 2414 quod
128 2355 230 2420 imperet
248 2351 355 2404 omuibus
373 2351 426 2402 aliis
443 2351 581 2418 virtutihus,
597 2356 623 2403 ut
641 2365 709 2417 supra
722 2351 808 2403 mlum
823 2355 860 2404 est

3 2507 4 2558 j
86 2497 117 2546 td
135 2495 268 2548 mundum
285 2493 421 2556 mudum,
436 2495 498 2559 qnod
514 2495 593 2548 omnia
613 2495 738 2547 seouuddm
755 2494 816 2560 qnod
835 2496 861 2547 in

3 2569 4 2584 ¹
61 2565 146 2625 glor-iam
161 2565 205 2618 Dei
220 2566 295 2629 finnt,
308 2565 425 2632 pertinent
436 2568 465 2617 ad
480 2566 626 2631 religionem,
637 2580 683 2618 noo
697 2566 763 2629 quasi
778 2567 805 2617 od
819 2566 860 2618 eli-

60 2639 164 2703 cientem,
180 2638 223 2689 sed
236 2637 304 2700 quusi
319 2638 349 2688 ad
368 2637 535 2701 imperialem
550 2637 589 2688 illa
606 2641 683 2688 autem
702 2637 817 2702 pertinent
830 2638 859 2688 ad

60 2708 188 2772 religionem
202 2707 346 2770 elicientem,
357 2719 415 2771 *que
432 2707 556 2772 secundm
574 2708 686 2760 rationem
704 2719 752 2759 soe
774 2707 860 2773 speciei

62 2781 167 2841 pertinent
180 2782 210 2832 ad
221 2781 374 2832 reverentiam
388 2779 436 2830 liei.

4 2851 5 2870 .
89 2852 121 2901 td
130 2851 225 2903 lenium
234 2850 365 2914 dioeudum,
375 2849 437 2914 quod
448 2851 564 2917 objeotum
574 2853 659 2903 amoris
670 2854 706 2903 ost
713 2850 808 2910 boumn
820 2849 861 2898 oh-

62 2919 141 2982 jootum
160 2927 241 2976 eum
256 2923 350 2977 honorio
371 2923 410 2974 sol
431 2924 564 2978 reverentie
579 2928 615 2976 ost
638 2922 724 2987 rhomo
738 2920 859 2972 oxoelenn
