1934 3284
100 133 147 180 ιιι
219 139 325 180 ιιιιιιι
339 139 466 188 enemo,
480 139 572 185 dom.
586 139 656 188 ιιιι,
671 139 727 178 ιιι.
741 140 781 178 ιιι.

99 220 140 270 sed
150 219 261 281 quantum
270 216 387 279 ιιιιιιιιι
398 216 493 268 interior
500 217 528 266 ad
537 215 669 280 huiusmodi
677 215 851 268 delectationes
858 217 908 267 alli-

100 291 182 342 oiatur.
192 291 238 340 Neo
251 300 281 338 ex
294 289 338 338 hoo
352 289 419 338 etiem
431 288 492 351 qudd
504 287 562 337 ratio
570 301 616 338 non
631 291 707 351 polest
717 287 817 338 liberum
833 293 908 339 actum

99 361 231 412 rationisod
245 359 370 422 spiritualia
379 359 540 410 consideranda
553 360 622 410 simul
635 373 687 408 euin
698 359 738 410 illa
752 360 909 411 delectatione

100 435 183 484 hebere
202 434 329 484 ostenditur
342 432 402 496 qudd
423 436 488 482 actus
505 432 544 482 ille
561 432 593 481 sit
605 431 685 482 virtuti
701 433 844 484 contrarius.
858 435 909 484 Nou

101 509 136 557 est
150 503 211 554 enim
227 503 304 554 uirtuti
319 504 454 554 contrarium
462 503 500 566 ,si
510 503 605 553 rationis
618 508 682 553 actus
694 504 821 566 aliquando
835 505 908 555 inlen-

102 576 204 627 utittatur
225 589 266 640 pro
286 575 361 638 aliquo
377 576 437 638 quod
453 573 578 624 secundiani
599 575 710 625 rationem
730 577 756 624 lit
777 589 784 624 ε
804 577 909 639 alioquin

103 647 163 712 qudd
172 646 254 710 aliquis
262 660 286 698 se
297 660 377 697 somno
387 646 464 704 tradit,
475 649 539 696 esset
549 647 629 695 contra
640 646 755 696 uirtutem.
767 647 818 696 lloc
831 652 908 703 tannen

103 717 164 784 qudd
179 718 362 782 coucupiscentia
382 721 405 768 et
425 717 546 768 delectatio
565 730 713 767 venereornm
734 730 784 767 nou
802 719 909 783 subjacet

103 792 200 864 imperio
211 796 235 844 et
245 790 391 842 moderationi
405 790 501 840 rationis
507 790 628 854 ,orouenit
643 803 673 840 ex
686 803 754 854 piena
768 790 841 855 primi
855 805 909 855 pen-

103 853 165 926 ἰιιΙς
183 863 207 913 Ιι
229 867 338 926 quantum
355 862 442 912 scilicet
462 860 519 912 ratio
539 861 632 912 rebeliis
652 862 699 911 lieo
716 863 803 911 meruit
821 864 908 913 habere

105 948 169 986 suout
184 947 274 984 carnem
286 934 406 995 rebellem;
419 936 444 981 ut
454 936 517 996 putet
527 945 567 995 per
581 933 730 1023 lugdelmum
739 933 800 982 lllll
808 934 850 983 De
863 935 909 985 Gi·
946 952 949 1013 q

106 1008 185 1056 otton
201 1007 246 1056 Dei
262 1006 332 1070 (cap.
350 1005 407 1066 ld).
948 1036 950 1079 q

109 1078 170 1128 ·ld
188 1077 281 1127 tertium
297 1077 431 1138 dicendum,
448 1075 509 1140 qudd
524 1076 583 1126 sicut
597 1075 736 1139 Augustinus
749 1076 839 1128 ibidem
855 1079 950 1157 dieit

108 1148 166 1214 (lili.
182 1151 201 1198 Ι
219 1149 623 1226 Denuntiisetconoupiocentia
631 1161 683 1212 cap
699 1148 761 1211 tl),
780 1162 836 1199 «cx
854 1163 909 1200 con·
950 1202 951 1211 ἵ

107 1219 246 1283 cupisceutia
262 1217 336 1268 carnis
353 1225 360 1278 Ι
368 1231 419 1282 ιιι
432 1219 570 1282 regeneratis
582 1231 628 1268 non
641 1217 792 1280 imputatur
785 1233 812 1268 un
824 1233 908 1283 pecea-
950 1220 951 1225 ’

106 1291 175 1354 tuum)
190 1295 296 1353 tanquam
310 1303 339 1340 ex
355 1290 400 1339 illia
413 1289 516 1354 peccati,
526 1290 601 1353 proles
616 1289 714 1338 numitor
727 1289 834 1352 originali
849 1291 909 1342 olili-

109 1368 160 1425 qata
169 1367 268 1426 peceato.
279 1379 291 1408 u
302 1362 366 1412 Unde
379 1375 423 1412 non
432 1361 534 1425 sequitur
543 1359 603 1424 qnod
612 1365 677 1410 aolus
688 1360 765 1411 illesit
775 1368 907 1427 pensatum

108 1435 147 1484 sed
163 1432 223 1496 qnod
236 1433 260 1483 in
271 1433 309 1483 illo
324 1437 375 1483 actu
389 1433 419 1484 sit
433 1433 517 1496 aliquid
527 1433 617 1496 pertale
627 1432 742 1496 dpeccato
759 1433 835 1496 primo
848 1436 909 1486 deri·

108 1507 192 1554 vatum.

401 1619 558 1672 tuttcotos
573 1621 610 1672 111.

138 1747 223 1792 Utrum
234 1747 332 1791 luxorio
342 1758 393 1804 qno
407 1751 441 1791 eat
454 1747 518 1791 circo
534 1751 602 1792 oclus
611 1758 732 1801 oaeneon,
743 1748 819 1803 possit
835 1761 886 1793 eoae

443 1815 574 1866 peecatum.

139 1939 173 1990 td
192 1937 282 1988 onium
301 1937 335 1987 sic
357 1936 493 2001 proceditur.
513 1936 606 1986 Videtur
620 1936 680 2000 qudd
697 1936 788 1986 luxuria
808 1943 912 2000 quaeest

108 2011 166 2062 ciroa
186 2015 251 2060 aolus
268 2021 390 2071 venereos,
403 2021 448 2059 non
462 2008 536 2072 possit
549 2022 601 2060 esse
616 2007 706 2071 aliquod
720 2011 850 2070 peecatum.
868 2011 913 2061 Per

108 2087 183 2132 actum
194 2081 254 2134 enim
269 2093 391 2132 venereum
406 2093 483 2131 semen
498 2080 692 2143 emittitur;.qnod
702 2081 912 2144 estsupertloum

108 2153 241 2213 alimenti,
250 2155 276 2202 ut
288 2155 351 2217 patet
362 2166 402 2216 per
413 2151 573 2215 Philosophum
587 2151 612 2202 in
625 2152 682 2201 libro
698 2155 731 2200 oe
744 2153 912 2214 qenerntione

108 2225 261 2274 animalium
276 2225 334 2289 (lib
349 2225 368 2282 Ι,
384 2238 435 2287 cop.
449 2223 509 2286 la).
524 2222 588 2273 Sed
582 2237 606 2272 ιι
624 2222 744 2274 emissione
761 2223 857 2274 aliarum
875 2240 914 2274 su-

108 2295 261 2375 perfluitatum
283 2309 329 2348 nou
352 2296 427 2346 attend
430 2294 474 2344 itur
494 2295 585 2358 aliquod
609 2298 733 2358 peceatum.
756 2295 817 2356 Ergo
835 2308 913 2360 neque

109 2366 169 2418 cirea
185 2373 248 2418 aolus
266 2379 376 2417 venereos
392 2369 468 2430 potest
486 2379 538 2416 esse
551 2367 641 2429 aliquod
655 2369 783 2430 peceatum.

142 2443 164 2486 ι.
182 2439 310 2500 Praeterea,
332 2454 345 2486 o
361 2438 454 2500 quilibet
469 2441 546 2500 potest
563 2435 624 2488 licite
642 2437 675 2486 uti
695 2439 721 2485 ιι
739 2437 796 2486 libet
807 2450 838 2488 eo
852 2441 912 2500 quod

110 2515 251 2562 monesi.»
263 2510 327 2560 Sed
321 2523 346 2560 m
361 2513 411 2559 actu
427 2521 524 2558 venereo
535 2509 603 2559 homo
615 2522 661 2559 non
675 2508 745 2558 utitur
754 2506 799 2558 nisi
810 2521 840 2559 eo
851 2511 912 2572 quod

25 2603 26 2608 ι
109 2594 175 2630 suum
188 2586 241 2646 est;
256 2581 301 2631 nisi
314 2579 374 2632 torte
394 2580 418 2630 in
437 2579 547 2630 adulterio
564 2581 601 2631 uel
621 2580 645 2630 in
662 2583 728 2644 raptu
743 2578 790 2645 (ι).
807 2581 868 2644 ldrqo
888 2580 913 2631 in

142 2739 176 2802 (l)
191 2747 241 2789 lton
258 2747 280 2790 in
291 2747 403 2792 adulterio
417 2745 510 2802 quidem
519 2777 525 2800 ‚
534 2747 587 2800 qnia
602 2747 637 2791 oni
649 2747 754 2803 corporis
767 2751 911 2803 potestatem

109 2815 156 2848 non
174 2805 256 2862 hahet,
272 2810 312 2852 sed
327 2821 393 2864 uxor,
408 2815 432 2853 et
448 2808 481 2852 sio
493 2819 539 2852 nou
550 2809 621 2854 tradit
636 2821 702 2854 suurn
717 2809 810 2865 quando
824 2821 911 2865 corpus

109 2866 203 2912 exhibet
212 2871 341 2924 meretriciq
358 2871 466 2918 eominus
475 2872 550 2916 adhoc
564 2872 634 2918 utitur
647 2884 690 2917 suo
704 2873 764 2920 sinit
774 2871 913 2918 adulterium
