1934 3284
163 162 193 207 tt
258 167 367 208 secunus
383 167 512 220 asomum,
529 166 622 216 oum.
638 168 720 219 unxi,
737 170 792 210 aar.
811 171 871 211 ιιιι.
882 218 905 244 r

163 244 262 299 bomiuis
279 247 325 297 ltao
338 258 364 296 aa
378 245 490 310 applioet,
501 246 611 310 raimone
627 246 682 298 rarb
694 246 718 298 ei
738 248 840 299 debitum
860 252 936 303 ertu

163 317 296 367 famulatum
308 317 333 367 in
343 317 379 368 llis
389 330 440 381 que
449 316 579 383 spetialitet
591 319 620 369 ad
633 318 695 369 illius
703 322 808 384 spectant
817 321 933 373 uultum

194 390 329 453 Respondet
344 389 482 451 dicendum,
497 389 559 453 pubd
574 404 657 443 nomen
671 392 797 443 immtatis
816 394 866 445 dno
881 397 936 447 vir

162 461 283 525 importare
298 476 304 511 :
319 474 364 512 uno
382 461 474 525 quidam
492 461 559 513 modo
572 462 746 520 munditiam,
765 464 865 515 attinio
885 468 936 531 sig

163 531 247 583 uaboni
256 531 364 597 competit
372 544 454 582 nomeu
464 546 562 597 gramm
570 571 577 596 ,
586 533 741 585 diciturenim
752 537 824 599 epioe
831 539 920 601 quasi

164 608 249 667 temam
264 604 309 655 alio
329 604 396 655 modo
408 602 516 669 importat
529 604 696 668 firmitatem,
708 606 769 656 unda
783 607 845 670 apud
861 610 936 659 anti«

163 678 249 725 saneta
264 675 395 725 dicebantur
410 688 460 739 qnae
476 674 564 738 legibus
577 679 641 726 erant
654 675 758 740 mnnita,
776 679 802 726 nt
818 677 924 730 uiolari

162 746 285 810 deberent3
296 747 356 799 undo
371 749 395 797 et
407 746 489 798 dieitur
502 745 588 810 atqua
599 758 653 797 esse
666 746 790 809 mneitum,
802 747 860 811 quia
874 756 927 801 est

163 816 282 869 firmatum
291 819 367 869 Potest
377 816 445 869 etiam
456 816 580 868 secundini
590 816 683 869 Latinos
692 820 736 869 boo
744 831 837 881 nomem
851 834 934 871 uano

162 889 190 939 ad
199 888 331 939 munditiam
340 888 645 952 pertinanautintelligatur
653 895 754 941 uerutus
764 890 830 954 masi
839 906 936 959 nunqu

162 961 268 1018 tinetas,
280 974 307 1027 po
321 960 381 1025 quod
392 960 517 1024 antiquitus
531 976 545 1009 u
556 960 591 1011 illi
600 960 640 1025 qui
651 962 764 1026 purificari
776 962 911 1029 volebant,
929 981 936 1015 r

163 1031 230 1093 guina
248 1033 327 1084 hostia
336 1032 496 1096 tingebantur,
507 1047 523 1078 ιι
535 1035 561 1082 nt
574 1032 673 1083 Isidorus
684 1032 739 1083 dicit
750 1032 776 1082 in
789 1033 829 1083 llb.
847 1034 936 1101 Etyn

162 1102 191 1153 itt
207 1106 302 1169 utraque
317 1103 453 1168 significatio
469 1104 579 1168 competit
593 1106 621 1153 ut
640 1104 750 1155 sanetius
770 1104 925 1158 attribuatur

162 1174 301 1238 nundinius
316 1174 386 1225 cultui
398 1175 551 1239 applicantur,
568 1175 600 1225 ita
615 1174 675 1239 qnbd
693 1188 739 1229 uon
753 1174 827 1226 solim
846 1178 936 1230 homil

162 1246 202 1295 sed
219 1245 287 1296 utum
307 1247 431 1310 templum,
446 1250 469 1297 et
490 1259 557 1309 uasa,
574 1250 598 1296 et
613 1246 658 1296 alia
671 1245 803 1312 hujusmodi
821 1251 936 1301 sanmifi.

162 1316 264 1367 dicantur
274 1331 303 1368 ex
315 1319 360 1368 lroe
370 1316 431 1381 quod
444 1318 516 1367 cultui
527 1316 604 1368 diuiuo
614 1316 763 1381 applicantur,
772 1318 889 1371 blanditia
911 1336 936 1373 er

162 1388 289 1438 necessaria
304 1392 339 1439 est
357 1390 384 1439 ad
398 1391 442 1439 boo
459 1388 520 1453 qnbd
533 1400 598 1439 maus
611 1390 658 1439 beo
676 1388 814 1453 applicatur,
829 1391 890 1454 quia
909 1408 936 1443 m

162 1458 260 1509 humana
269 1458 400 1523 inquinatur
413 1473 441 1511 ex
451 1460 496 1511 boc
504 1458 564 1523 qubd
574 1460 718 1510 interioribus
727 1460 794 1510 rebus
804 1461 936 1527 conjungit

161 1528 220 1580 sicut
232 1530 338 1595 quelibet
347 1544 383 1581 res
393 1544 421 1581 ex
430 1531 570 1581 immixtione
580 1529 666 1595 pejoris
675 1529 783 1582 sordescit
791 1569 798 1593 ,
807 1535 833 1580 ut
842 1541 936 1598 argent

162 1614 191 1652 ex
205 1601 344 1653 immixtione
360 1600 455 1667 plumbi.
469 1602 564 1667 Oportet
578 1607 654 1655 autam
667 1602 727 1667 qubd
744 1614 809 1653 mens
821 1603 851 1654 ab
871 1605 935 1657 infe

161 1673 223 1725 ribus
233 1675 301 1725 rebus
317 1675 470 1737 abstrahatur,
481 1675 509 1724 ad
523 1674 568 1725 boe
578 1672 640 1738 qnbd
653 1686 765 1738 supreme
775 1673 809 1724 rei
820 1676 903 1738 possit
916 1692 935 1727 e

159 1744 226 1809 jungi
238 1760 243 1794 :
255 1749 278 1795 et
290 1745 340 1796 ideo
352 1758 416 1795 mens
430 1745 479 1795 sine
492 1743 603 1796 munditit
615 1746 661 1796 beo
680 1745 788 1809 applicari
805 1758 853 1796 non
871 1753 935 1811 pote

161 1816 221 1867 unde
231 1817 266 1867 ud
275 1816 358 1875 Heba,
369 1816 419 1877 llll,
431 1816 529 1867 dieitur:
542 1818 649 1866 «Pacem
658 1814 782 1879 munimini
789 1829 841 1866 oum
858 1815 934 1870 ommi

161 1890 183 1937 et
197 1888 385 1949 sanctimoniam,
398 1887 448 1938 siue
462 1900 507 1951 qua
516 1900 562 1938 uon
573 1888 658 1938 ridebit
669 1900 730 1937 eum.
743 1903 758 1935 ιι
772 1887 883 1940 Firmitas
894 1889 934 1941 eti

162 1957 259 2022 exigitur
272 1959 300 2008 ad
312 1960 356 2010 boe
365 1958 424 2022 quoa
434 1972 500 2011 mans
512 1960 560 2009 lteo
573 1958 709 2022 applicetur.
719 1958 854 2022 tpplieatur
865 1963 934 2014 enim

160 2028 220 2081 sicut
231 2030 310 2080 ultimo
324 2030 364 2080 ini
374 2033 397 2080 et
409 2030 482 2095 prium
493 2029 619 2095 principio,
631 2029 762 2094 hujusmodi
776 2033 855 2080 antem
870 2045 933 2097 opor

161 2098 259 2152 maximi
270 2098 392 2153 immobilia
403 2114 454 2153 esse
465 2117 471 2152 z
481 2102 543 2151 unde
554 2101 643 2152 ditabat
655 2101 777 2165 Apostolus
784 2138 791 2164 ,
799 2102 883 2164 llum„
892 2105 933 2155 vll

161 2188 176 2222 u
189 2173 269 2224 Certus
286 2186 337 2223 snm
350 2171 411 2237 qubd
421 2186 495 2235 neque
510 2184 587 2234 mors,
602 2184 676 2236 neque
689 2171 754 2233 uita,
767 2173 883 2235 separabit
902 2185 933 2225 ml

160 2244 268 2296 charitate
276 2245 325 2295 ltel.
340 2260 354 2292 ιι
370 2244 406 2295 Sia
419 2257 472 2308 erpo
486 2242 597 2294 metitus
609 2243 693 2294 dieitur
705 2257 747 2307 per
759 2256 827 2307 quam
839 2257 910 2296 mens
924 2246 932 2297 l

161 2314 231 2365 ruinis
243 2316 342 2380 seipsum
355 2320 379 2367 et
397 2326 451 2366 suos
463 2318 527 2366 ndns
537 2315 634 2380 applicat
648 2316 704 2367 lieo.
723 2315 787 2365 Unde
800 2327 847 2365 non
863 2315 932 2368 (littei

161 2385 269 2449 religione
281 2386 405 2437 seeundum
415 2385 545 2449 amentiam,
554 2386 595 2437 sed
605 2385 677 2437 solim
685 2385 783 2436 udone.
793 2387 850 2435 llam
865 2388 932 2453 retia

161 2456 243 2507 dieitur
256 2457 380 2508 secundbun
393 2456 452 2521 qnbd
464 2456 556 2508 exbibet
570 2458 616 2508 beo
631 2457 732 2508 debitum
743 2456 877 2506 lamuhtrrm
885 2457 931 2520 inl

160 2540 210 2592 que
224 2527 338 2591 pertinent
352 2528 481 2591 spetialiter
497 2530 526 2579 ad
539 2530 624 2580 uultum
638 2528 752 2589 deinum,
768 2527 828 2577 siout
840 2527 867 2577 iu
885 2540 931 2579 sau

160 2596 217 2648 boiis
222 2634 230 2661 ,
245 2597 394 2649 oblationibus
403 2602 426 2651 et
437 2599 487 2649 aliis
495 2599 640 2663 hujusmodi;
653 2600 777 2648 aurulituu
788 2601 864 2649 autam
876 2593 931 2650 aiot

161 2668 283 2721 secundnm
299 2668 360 2733 quta
373 2671 440 2721 bomo
453 2683 499 2722 non
515 2670 588 2724 solbm
604 2673 667 2733 bec,
679 2671 720 2721 sed
739 2669 834 2721 ιΙίιιιιιιι
865 2669 870 2679 “

160 2754 230 2805 opera
245 2742 313 2793 ruiert
331 2741 454 2805 inlisum,
469 2744 507 2793 vel
520 2742 644 2794 seuundbm
658 2741 720 2805 quid
732 2743 801 2793 bomo
818 2672 930 2838 tows*

160 2825 201 2877 par
209 2812 269 2866 bona
279 2813 381 2875 quadam
394 2826 462 2876 opera
476 2814 505 2865 ad
515 2812 601 2865 uultum
613 2812 724 2874 diunum,

192 2883 226 2934 ld
236 2882 332 2947 primum
342 2896 396 2949 ergo
409 2882 543 2947 dcundum,
553 2882 613 2950 quod
625 2884 735 2937 mnutitus
749 2883 929 2972 mtqnedamtp

927 2989 928 3016 l

924 3159 928 3240 l
