1934 3284
184 169 218 208 lt!
230 166 350 211 ΙΟΝΙΙΔ
364 168 390 208 ΙΙ
404 169 534 211 moll
547 169 684 214 fflfflwa
787 164 836 212 Μ

56 246 328 312 (comneno-Cim
336 246 396 297 eirea
404 247 538 298 uterioreuu
549 253 683 313 apparatum
695 251 719 302 et
727 254 834 302 ornem

37 319 187 384 nultiplieiter
201 319 281 370 vitium
294 331 346 370 enee
361 318 492 382 mutium,
507 318 582 369 varino
592 333 682 385 qnoque
692 321 752 372 cirea
767 335 832 373 eunu-

37 403 81 442 enn
96 390 195 442 abtulee
208 404 259 442 eene
273 390 439 454 nomeqnitur.)

57 463 197 526 lieepondeo
209 462 345 525 dieendnnn‚
357 462 418 524 dudd
431 462 456 512 iu
464 462 520 528 ipu'e
533 463 601 514 rebnn
614 464 765 516 exterioribus
781 465 832 528 qui·

34 548 71 585 ns
93 535 163 586 bomo
176 533 262 593 utitur,
279 546 326 584 non
342 537 377 584 eut
394 533 484 597 aliquod
502 534 598 596 vitium,
613 535 652 585 sed
666 549 695 586 ex
708 541 773 600 parte
789 538 831 588 tro·

33 606 98 656 niniu
112 605 152 669 qni
168 605 316 663 moderate
333 605 403 656 utitur
418 606 461 656 ein.
476 606 532 665 Qun
552 605 643 670 quidem
656 607 830 660 inmoderantia

33 681 106 729 oteet
118 690 170 727 eene
181 677 311 740 dupliciter.
325 679 375 730 Uno
385 676 476 740 quiden
490 678 573 741 nodo,
588 689 628 742 per
638 678 829 741 conparationem

35 751 52 799 d
76 748 266 800 ooneuebodinenr
282 749 400 799 bominum
419 761 472 798 enni
487 749 569 813 quibua
582 748 665 812 eliquia
678 748 750 812 vivit3
770 750 830 802 uude

31 821 82 872 tieit
104 819 244 883 ammone
260 820 285 870 in
303 821 342 872 lll.
358 821 469 884 Cnoson.
492 819 559 884 (nep.
581 819 610 881 8)
626 835 632 868 2
653 821 736 878 «Qun
751 824 829 872 eontra

30 904 105 944 nonen
117 891 235 942 bominum
251 894 304 942 eunt
319 891 417 956 dantia,
433 903 474 955 pro
489 905 576 941 unorum
593 891 722 942 diuersitate
736 892 828 944 vitanda

29 968 95 1026 unt,
108 966 238 1026 ntpaetnrn
251 961 313 1014 inter
326 976 351 1014 ee
368 962 468 1013 civitatis
480 965 521 1014 aut
530 963 605 1026 gentis
615 962 778 1014 consuetudine
790 964 828 1014 uel

29 1048 75 1098 ege
99 1033 229 1096 firmatum,
246 1034 332 1085 nulline
349 1033 404 1084 einis
416 1040 458 1084 aut
473 1033 587 1098 peregrini
605 1034 699 1085 libidine
717 1034 826 1098 violetur3

29 1106 101 1170 nrpis
121 1105 182 1156 enim
200 1105 275 1156 ornnin
287 1119 340 1169 pars
360 1109 395 1158 eet
410 1119 452 1156 eno
465 1106 574 1158 universo
592 1119 637 1157 non
661 1119 826 1169 congruens.»

27 1178 74 1229 llio
92 1177 176 1237 ruodo,
189 1180 265 1241 potest
279 1190 331 1228 eene
346 1177 517 1228 immoderantia
531 1177 554 1230 in
566 1192 608 1228 neu
621 1178 701 1230 tabum
711 1189 787 1230 rerum
798 1192 827 1230 ex

28 1249 154 1301 nondinato
167 1244 250 1300 nlledtu
264 1249 365 1310 ntentn3
380 1263 409 1300 ex
426 1263 470 1312 qno
490 1251 624 1315 quandoque
640 1249 753 1312 contingit
766 1249 826 1313 qubd

26 1335 93 1374 nonw
107 1321 175 1372 nimie
191 1320 314 1374 libidinosi
328 1321 411 1371 talibus
428 1324 514 1385 utatur,
525 1322 575 1373 eine
589 1321 715 1373 eeeunditm
729 1332 826 1374 eonsue-

25 1394 130 1444 udinem
146 1405 225 1444 eorum
236 1406 288 1443 euni
299 1393 383 1457 quibru
396 1393 468 1454 vivit,
479 1392 529 1444 eive
543 1398 624 1458 praeter
637 1406 714 1445 eorum
728 1407 826 1446 nonnun-

24 1465 126 1516 tudinem
142 1480 148 1514 :
164 1465 224 1515 unde
238 1463 376 1528 lnpuutmne
389 1463 447 1515 didit
458 1464 482 1514 in
493 1465 534 1516 tlt.
548 1465 712 1515 Dedoolrino
727 1465 824 1517 clarent.

23 1541 95 1601 [cap.
115 1538 182 1597 lat:
197 1553 211 1585 u
227 1539 255 1587 ln
273 1550 316 1587 uun
336 1549 411 1588 rerunt
426 1537 507 1587 abenee
520 1540 610 1601 oportet
626 1536 825 1601 libidinemque

22 1622 69 1660 non
84 1608 160 1658 solim
170 1607 222 1673 ipsd
237 1621 315 1660 eorunn
326 1609 386 1659 inter
402 1621 460 1672 quoe
473 1608 532 1660 vivit
543 1609 706 1660 conwoodine
722 1609 826 1674 nequer

22 1680 138 1743 tbutitur,
150 1681 191 1732 eed
206 1679 275 1730 etiam
289 1679 350 1745 nnpd
364 1680 424 1732 lines
434 1681 485 1744 ejue
499 1694 607 1746 menna,
617 1681 743 1732 foeditatem
751 1693 825 1743 suern,

22 1767 73 1818 puae
90 1751 151 1802 iuter
164 1753 260 1802 elunetra
274 1763 362 1802 norunt
370 1752 505 1804 wbmninm
517 1753 635 1816 latitabat,
650 1752 826 1817 llagitioelee'und

22 1823 145 1888 eruptione
160 1823 322 1875 manifestet.»
336 1823 539 1888 contingitautenr
550 1824 594 1874 iste
607 1823 824 1876 ordinetioatieotde

22 1896 154 1962 tripliciter,
165 1900 276 1960 quantun
287 1897 315 1947 ad
323 1895 561 1959 superabundandam.
575 1897 630 1946 llnu
635 1896 716 1958 niodo,
729 1907 771 1958 per
780 1897 825 1947 boe

22 1969 84 2035 prdd
106 1967 189 2032 abnuis
214 1981 244 2019 ex
259 1969 373 2033 anpertm
396 1967 458 2018 eultu
475 1967 573 2020 ventione
594 1967 712 2018 hominurn
730 1966 824 2030 gloriam

22 2040 120 2107 punenii,
133 2043 201 2104 prout
219 2040 308 2091 eoilieet
329 2043 406 2091 veetee
423 2044 447 2092 et
460 2040 505 2090 alin
519 2040 650 2104 hujuernodi
667 2039 782 2106 pertinent
795 2041 825 2091 ad

22 2112 144 2178 puerudaur
158 2116 262 2162 ornetun
275 2113 352 2164 :unde
362 2112 486 2175 orepoirn
495 2111 550 2162 dioit
563 2110 692 2175 ineundam
706 2109 803 2162 llomilia
816 2126 822 2160 :

22 2186 112 2236 nsunt
124 2181 228 2234 nonnulli
240 2183 279 2247 oni
291 2184 379 2234 nultum
395 2183 511 2234 subtilium
524 2181 719 2248 pretiosorumque
727 2181 824 2232 uestium

22 2269 70 2308 non
87 2256 169 2318 putant
190 2265 240 2304 eene
254 2258 381 2319 peoeetun
401 2254 465 2313 Quod
479 2254 501 2305 si
513 2254 579 2319 eulpa
593 2267 637 2306 non
651 2257 726 2315 eeaet,
741 2265 826 2316 nequa-

22 2340 93 2393 qnam
105 2337 181 2376 mnne
193 2325 234 2376 llei
242 2329 289 2376 uu
305 2326 425 2390 vigilanter
436 2326 575 2389 exprimeret
584 2325 644 2390 quod
652 2325 719 2376 dives
727 2325 768 2390 qui
776 2331 825 2376 tnt-

22 2398 135 2465 puebatnr
148 2397 208 2460 epod
218 2397 318 2461 interos,
331 2398 403 2462 bpeeo
412 2401 436 2449 et
445 2397 545 2462 perpuri
551 2397 644 2448 indutus
654 2398 743 2448 brinul.
754 2397 825 2448 Nemo

22 2471 109 2536 guippe
123 2468 259 2519 vestimenta
276 2469 377 2532 peetioeu
391 2469 492 2535 (eciboet
504 2468 636 2520 excedentia
650 2469 766 2533 proprium
781 2471 827 2518 ete-

22 2543 80 2602 tum)
95 2539 141 2589 nisi
154 2540 182 2590 ad
193 2539 285 2590 manem
295 2540 389 2604 glorium
402 2540 492 2604 querit.
507 2558 522 2588 o
538 2540 587 2592 llio
604 2541 685 2602 niodo,
699 2539 825 2592 secundino

22 2611 82 2678 pund
92 2613 162 2665 bono
175 2625 216 2676 per
226 2613 364 2675 superfluum
375 2614 462 2664 cultum
473 2612 572 2664 vestium
582 2612 661 2676 querit
672 2611 773 2673 deliciae,
789 2624 826 2662 ae-

22 2681 124 2734 :undum
139 2680 199 2745 qndd
212 2682 282 2733 reatin
295 2682 411 2734 ordinatur
428 2682 456 2734 ad
473 2683 575 2749 corporis
588 2681 722 2734 lomentum.
737 2680 829 2750 Terbb,

22 2753 150 2807 eenunddm
164 2753 222 2817 qubd
236 2754 328 2804 muniam
347 2755 521 2807 sonicitudinem
538 2755 633 2820 apponit
648 2755 676 2807 ad
690 2754 826 2806 exteriorem
933 2777 934 2782 κ

22 2825 824 2894 veetinncnltunetiumeinonnitaliquainordinau'oexpartelnie.
932 2863 933 2886 2

22 2902 52 2952 ut
70 2895 198 2950 ueoundbrn
208 2899 266 2960 boc,
281 2897 426 2949 undonieue
433 2897 499 2962 ponit
510 2902 559 2952 tren
574 2900 672 2952 virtuto
684 2899 745 2952 auen
761 2901 825 2951 exte·
931 2919 932 2974 3
