1934 3284
331 403 492 459 iuncosus
504 407 552 459 vll.

38 535 133 580 oenum
155 533 216 578 sora
240 543 305 578 m
322 515 489 577 &emmer
506 534 604 577 mmor
621 533 655 579 ae
675 535 845 581 messem

323 595 362 640 bis
373 594 549 652 quilejunont.

67 725 105 774 Ad
115 722 238 786 septimum
248 722 281 774 sio
289 721 418 786 proceditur
428 721 575 787 (illidetur
583 721 644 787 cubo
657 724 714 774 bore
723 736 785 776 nour
796 739 844 779 non

34 794 207 846 convenienter
220 797 311 845 tenetur
320 793 349 844 sel
363 793 527 846 eomelenrlum
539 793 576 845 lsis
586 793 626 857 oui
637 794 754 858 jejunant.
766 796 844 850 sutus

34 867 102 918 euim
118 865 174 916 noni
187 865 326 916 Testamenti
341 868 378 915 est
390 865 511 930 porrectior
526 865 595 928 quen
608 868 682 916 sistus
694 866 779 918 ueteris
790 869 845 921 l'es-

34 937 148 988 lomenti.
162 936 240 988 Selin
253 937 324 988 veteri
336 938 481 996 'lestomeuto
488 936 626 1002 iejuusbsut
635 951 708 1001 usone
718 940 747 989 sd
760 952 844 1004 smne·

34 1023 96 1060 rom.
115 1008 205 1060 Dicitur
219 1009 281 1060 euim
295 1009 385 1062 Leoil..
400 1009 474 1060 lllllll
493 1023 500 1058 ι
515 1009 663 1060 «Sabbatum
675 1013 726 1072 est,
739 1010 844 1075 sllligetis

36 1081 129 1131 suimus
140 1083 239 1130 uestros.
259 1080 313 1130 ullt
326 1081 407 1144 postes
424 1079 542 1143 seqnitur:
556 1080 601 1130 «l
615 1093 711 1144 vespero
724 1094 798 1145 usone
813 1083 843 1134 ml

36 1163 161 1218 uesperam
175 1151 319 1202 celebrabitis
332 1152 426 1204 sabbeta
438 1155 523 1202 uestro.
536 1166 551 1199 n
565 1152 626 1216 Ergo
638 1150 710 1202 multo
726 1152 801 1216 magis
815 1153 841 1203 in

38 1237 99 1274 novo
117 1221 263 1274 Testamento
277 1221 392 1287 jejunium
404 1223 471 1274 debet
483 1221 553 1273 iudici
567 1235 639 1286 usone
650 1222 680 1273 sel
696 1237 826 1287 sesosrsm.

68 1299 95 1345 2.
109 1293 236 1357 Preterem
247 1294 363 1359 jejunium
377 1295 404 1346 sb
415 1295 517 1346 Ecclesia
531 1294 660 1347 msbmtum
673 1294 780 1346 omnibus
798 1296 842 1348 im·

38 1367 143 1430 ponitur.
154 1365 199 1416 Sed
209 1379 257 1416 nou
264 1379 344 1418 omnes
352 1370 449 1432 nossem
459 1364 608 1421 determinati
615 1379 755 1429 cognoscere
762 1368 843 1419 boreus

38 1451 136 1490 uorans.
152 1437 212 1500 orgo
229 1436 320 1490 ridetur
333 1437 393 1502 rubo
412 1438 469 1490 relic
482 1439 546 1490 bore
565 1451 633 1491 nous
646 1451 694 1489 uon
710 1439 792 1491 ‹lsbsst
804 1453 843 1491 es·

39 1509 92 1562 dere
107 1508 152 1560 nub
166 1511 251 1560 slstuto
266 1509 358 1574 jejunii.

70 1588 95 1634 e.
109 1583 231 1644 Praetereo,
242 1581 359 1647 jejunium
369 1586 404 1634 est
413 1586 476 1634 ectus
489 1582 581 1635 virtutis
591 1583 750 1647 abstinentie,
761 1586 788 1634 ut
803 1598 844 1636 sn·

40 1653 80 1718 pri
103 1653 237 1705 dictumest
250 1655 309 1717 (ειη.
324 1655 363 1717 6).
380 1653 425 1705 Sed
438 1654 512 1707 virtus
522 1655 669 1707 morslisnon
684 1656 766 1706 eodem
776 1655 844 1706 molo

40 1725 128 1791 accipit
143 1723 244 1776 suebum
257 1738 309 1790 quo
317 1725 345 1776 sd
358 1737 450 1788 omnem
463 1725 517 1788 quio
534 1727 621 1790 equod
632 1730 668 1777 est
683 1727 781 1776 multum
794 1726 843 1789 uni,
862 1755 867 1772 .

41 1803 75 1850 est
88 1811 173 1864 perum
186 1797 267 1859 alteri,
281 1813 295 1845 n
310 1803 336 1848 ul
348 1797 430 1848 dicitur
443 1798 468 1848 iu
480 1799 511 1848 ll.
527 1799 610 1848 Etbs'e.
628 1797 697 1864 (esp.
708 1797 811 1860 b,selb
820 1797 843 1862 ).

42 1871 100 1934 Ergo
116 1883 165 1922 nnn
179 1870 247 1921 (lebet
257 1869 413 1934 jejunantibus
425 1870 497 1920 turri
513 1872 569 1921 born
581 1883 651 1922 nono.

72 1943 121 1994 Sed
132 1945 212 1992 eontra
225 1941 338 2006 est,'qubd
350 1942 475 1994 Concilium
488 1941 640 1995 cabilonense
650 1940 706 1992 dicit
720 1941 785 2006 (mo.
798 1941 843 1990 So·

43 2011 114 2076 leni„
131 2011 185 2064 disc.
207 2013 235 2078 1,
250 2013 287 2062 De
302 2015 438 2064 masmar.
454 2012 478 2064 iu
496 2014 610 2064 Decretis
626 2028 633 2063 ι
652 2029 666 2061 s
680 2013 706 2062 lu
718 2012 845 2076 qmdrssse·

43 2085 101 2138 sims
123 2085 254 2139 collotenus
268 2084 373 2136 credendi
390 2088 443 2136 suut
456 2084 561 2149 jeiuusre
571 2122 577 2146 ,
589 2084 630 2147 qui
651 2086 705 2134 ante
718 2083 845 2133 mondum·

45 2159 137 2218 serint,
150 2156 218 2221 quim
238 2157 394 2222 vespertinum
409 2158 537 2209 celebretur
555 2156 669 2220 officium
682 2172 697 2202 n
708 2155 770 2218 quorl
781 2167 844 2219 om

47 2227 191 2294 dmgesimsli
200 2234 301 2294 tempore
311 2232 363 2294 post
375 2241 458 2283 nonam
465 2228 557 2280 elicitus
567 2230 629 2293 Esco
641 2239 714 2291 usque
722 2225 753 2276 ul
761 2239 847 2278 uonsur

47 2305 81 2353 esl
91 2302 256 2366 jejunantium.

79 2375 240 2440 (Consuesse.
252 2401 283 2412 -
295 2375 324 2426 lll
336 2374 470 2439 jejunantes
491 2373 551 2424 eires
570 2373 650 2423 berem
667 2384 751 2423 nouem
770 2370 846 2422 eibum

22 2494 25 2500 .
48 2448 138 2497 sument
144 2482 153 2509 ,
165 2445 329 2498 conuenienter
340 2449 375 2498 est
386 2445 543 2498 constitutum.
556 2444 564 2505 )

79 2517 216 2582 llesoondoo
230 2516 358 2581 bmnium,
368 2517 429 2584 qubrl
443 2517 503 2568 sieut
513 2514 598 2569 dictum
610 2518 646 2566 est
655 2515 712 2578 (ort.
728 2516 752 2577 1,
766 2518 790 2577 l,
803 2516 844 2576 5),

48 2587 159 2652 jejunium
169 2589 286 2640 ordinator
297 2591 325 2640 ad
337 2589 473 2642 deletionem
481 2593 505 2638 et
514 2586 678 2640 cohibitionem
688 2586 773 2650 culpem
783 2585 847 2636 nulle

51 2665 137 2722 oportet
149 2659 210 2725 oubrl
224 2661 307 2726 sliquirl
324 2662 390 2712 odiel
403 2661 470 2726 snprl
487 2658 845 2723 mmmumm·mmmiudinem;

52 2727 81 2780 ilo
93 2736 171 2784 temen
184 2731 244 2796 qobrl
255 2746 296 2797 per
309 2735 354 2784 boc
367 2746 413 2784 uon
426 2731 523 2783 mrutbru
535 2734 615 2782 nelma
627 2734 741 2796 grasetrrr.
755 2731 796 2781 list
806 2743 847 2780 eu-

56 2895 161 3008 unffi
172 2899 209 2946 ss
220 2898 290 2946 surm
302 2899 343 2947 rs.
358 2897 436 2950 sees..
447 2896 502 2944 urse.
515 2895 554 2959 ss,
569 2909 610 2957 qe.
620 2895 646 2959 s,
660 2901 705 2944 m.
722 2895 754 2959 s,
768 2907 848 2954 qm..
