1934 3284
290 160 293 165 “
350 166 381 217 nb
397 166 550 219 onustuusn.
652 156 655 161 ’
703 156 707 163 ’

345 366 506 417 seutellulis
520 367 557 417 vl.

111 488 188 535 Uirium
199 490 333 537 Christiani
345 494 472 598 temagt‘uier
483 474 635 538 secutaribus
643 495 799 551 potestatibus

398 566 411 597 o
426 568 437 597 e
454 566 498 599 tre.

91 680 122 731 lid
130 684 217 729 sextum
234 692 267 729 nc
279 678 408 743 proceditur
421 680 467 745 (lt.
482 678 579 730 Videtur
592 680 652 743 qubd
665 680 789 732 Christiani
803 696 850 734 non

62 754 171 800 enecatur
187 748 333 799 sacularibus
350 750 500 812 potestatibus
516 751 616 801 obedire.
630 752 688 811 Quia
706 765 775 816 super
793 753 850 804 illul

60 823 156 881 ttulit,
169 822 249 872 llllll:
267 838 280 869 a
292 822 353 883 linge
367 820 433 871 liberi
447 825 502 872 sunt
518 822 575 884 itlii,
587 838 602 868 u
615 822 670 871 dicit
685 822 765 873 Glossn
783 840 815 874 τι(
825 824 852 874 sl

60 893 81 941 iu
95 892 189 956 quolibet
203 906 273 956 reguo
286 892 326 941 iiiii
337 891 397 957 illipe
410 893 470 955 regis
484 894 523 957 qni
537 906 607 957 regno
618 892 650 942 ilii
664 894 782 956 prulertnr
795 899 849 945 sunt

58 963 134 1027 liberi,
143 968 195 1013 lunc
206 964 247 1013 ilii
255 962 315 1027 regis
328 963 390 1013 lilius
400 964 438 1013 cui
451 964 527 1014 omnia
540 977 609 1027 regna
619 964 747 1014 subeuntur
758 965 783 1013 in
793 978 852 1029 quo-

59 1034 110 1085 libet
126 1042 193 1097 reg‘m
213 1034 279 1085 liberi
300 1046 350 1085 esse
370 1034 461 1085 debent.
483 1052 498 1082 u
521 1036 568 1086 Sel
584 1034 708 1085 Clunstiani
723 1049 765 1099 per
783 1036 852 1087 iiiern

57 1105 136 1155 Gbristi
148 1106 203 1157 tecti
213 1108 266 1157 sunt
276 1106 319 1156 ilii
330 1106 379 1167 liei,
393 1106 517 1157 secundum
530 1105 586 1156 illud
595 1106 727 1166 tenemini
739 1122 744 1151 e
757 1108 852 1158 «Dedit

57 1177 88 1227 eis
99 1180 234 1240 potestatem
243 1174 303 1227 tilios
311 1178 351 1227 ltci
362 1177 419 1240 ieri,
430 1176 467 1226 bis
476 1178 516 1241 qni
526 1178 620 1227 credunt
629 1178 653 1227 in
664 1178 756 1230 nomine
765 1180 823 1245 ejus.
835 1195 850 1226 u

57 1249 113 1311 Ergo
129 1256 174 1300 non
188 1250 296 1299 tenemur
308 1247 459 1311 potestatibus
471 1248 617 1299 saecularibus
634 1248 732 1300 obedire.

85 1324 109 1370 2.
126 1319 292 1382 Praetereunt
304 1320 384 1376 Rom..
397 1320 447 1382 Vll,
459 1319 541 1369 dicitur
552 1335 559 1370 ε
571 1338 585 1367 e
593 1320 722 1371 ltortiicuti
737 1323 793 1372 estis
806 1323 853 1389 legi

54 1402 187 1455 percorpus
200 1390 298 1453 cbristi3
308 1406 322 1438 a
335 1393 359 1441 ot
370 1390 472 1454 loquitur
484 1392 513 1441 ‹le
524 1392 574 1454 lege
587 1391 664 1441 diuina
676 1392 760 1443 votens
771 1392 852 1445 testu-

54 1462 133 1513 menti.
146 1462 192 1511 Sel
206 1462 280 1511 minor
294 1464 328 1513 est
343 1462 380 1512 lex
390 1462 499 1526 tumens,
509 1471 551 1526 per
560 1475 626 1525 quam
643 1463 748 1513 homines
758 1464 853 1515 secula·

53 1534 114 1582 nbue
137 1533 289 1597 potestatibus
308 1533 452 1599 subduntur,
465 1532 534 1597 quin
553 1534 682 1584 tundiriun
697 1536 782 1585 ueteris
798 1536 854 1586 'les-

53 1604 157 1654 terneuti.
175 1605 233 1667 ltrgo
247 1604 318 1653 multo
337 1605 409 1667 magis
425 1604 528 1655 homines
543 1619 584 1669 per
599 1606 643 1655 boc
653 1602 714 1668 quoe
731 1612 785 1657 sunt
797 1606 853 1658 lacti

52 1674 155 1725 membru
172 1676 271 1739 corporis
290 1674 389 1738 Christi,
403 1675 528 1726 liberantur
547 1677 561 1726 a
576 1676 628 1740 lege
642 1675 790 1740 subjectionis
803 1692 855 1742 quac

51 1746 199 1797 messibus
212 1746 559 1812 principibus'sstrlngebantur.

82 1822 107 1869 o.
124 1820 253 1883 Pmbrcu,
270 1818 394 1870 latronibus
410 1818 449 1882 qui
463 1832 505 1883 per
524 1820 656 1871 uiolentiam
670 1820 800 1885 opprimunt
812 1822 855 1871 lo-

49 1891 140 1953 mlncs,
152 1890 247 1941 obstin
261 1902 307 1941 uun
320 1890 433 1941 uniemur.
453 1891 499 1941 Sed
513 1891 652 1954 Augustinus
665 1892 719 1941 licit
734 1891 759 1942 in
774 1892 803 1941 lv
818 1893 856 1941 tte

49 1964 133 2013 osser.
147 1962 197 2011 Det
208 1961 278 2026 (cap.
289 1962 319 2025 tt
336 1978 342 2013 z
361 1962 455 2013 lietuotl
467 1960 557 2027 justitie
564 2000 572 2026 ,
583 1961 638 2026 qnid
648 1966 703 2013 sunt
715 1976 785 2025 regnu
794 1963 856 2025 ,nisi

47 2046 134 2097 magna
146 2033 281 2084 latrocinia?
292 2050 306 2081 u
321 2035 376 2084 oum
391 2046 445 2097 ergo
457 2033 558 2084 dominia
572 2033 701 2097 principum
716 2032 857 2083 secularium

43 2106 189 2169 plerunque
207 2116 259 2154 mun
275 2102 389 2169 iniustitia
405 2108 561 2168 exerceantur,
578 2103 616 2153 uel
632 2103 660 2153 ib
677 2104 754 2167 alique
771 2104 858 2167 injusta

45 2176 202 2240 usurpatione
222 2174 357 2240 principium
383 2176 534 2241 sumpserint,
559 2174 650 2225 eidem
672 2173 732 2238 quod
759 2186 806 2224 uon
827 2173 858 2224 sit

43 2248 196 2312 principibus
209 2248 355 2298 secularibus
368 2246 540 2299 obedientiumi
551 2245 694 2297 Christianis.

76 2319 128 2369 Soti
146 2322 229 2369 centn
247 2320 294 2381 est,
311 2318 372 2383 qubd
384 2316 466 2369 dicitur
481 2318 518 2367 nd
540 2318 635 2372 titum,
655 2318 708 2367 ttl:
728 2316 860 2368 «limone

43 2393 117 2453 illos,
130 2390 275 2455 principibus
288 2394 311 2441 et
324 2390 474 2455 potestatibus
489 2390 591 2440 subditos
603 2402 666 2452 csse,
684 2403 697 2436 u
712 2392 736 2439 et
751 2388 766 2438 l‘
777 2392 858 2447 Petu„

43 2466 64 2514 il
83 2480 90 2512 :
116 2478 132 2510 u
149 2460 251 2524 Subiecti
269 2465 342 2512 estete
356 2462 419 2512 omni
438 2460 539 2511 humani
554 2460 657 2511 creaturi
669 2460 860 2525 propter-iteum,

42 2536 96 2585 siec
122 2531 192 2596 regi,
211 2532 276 2597 quasi
297 2532 451 2597 precellenti3
472 2532 522 2583 siue
541 2530 644 2593 ducibus,
664 2536 771 2595 unquam
787 2531 816 2582 ab
832 2544 862 2583 oo

43 2618 138 2655 cnissis.
156 2620 173 2651 »
443 2635 446 2641 -
474 2632 477 2639 ·

76 2677 250 2743 (Concnusuo.
265 2674 359 2728 -uun
368 2688 409 2741 per
419 2675 488 2727 fidem
497 2661 582 2726 Christi
596 2674 697 2726 ornetur
708 2675 780 2738 nauis
792 2673 863 2738 quen

74 2840 112 2906 (1)
131 2837 863 2905 netuetumtu11‚80ut.,tut.tt,qu.s‚urt.u;et

39 2906 234 2966 ouaeteo.‚11,
249 2911 292 2953 ert.
305 2906 329 2953 t.

169 3014 198 3073 e,
565 3045 567 3052 .
712 2994 756 3049 ’0
