1934 3284
337 175 367 210 ca
385 172 579 215 inconrtnartnn.
811 171 857 218 tas

54 248 116 311 qnod
129 247 234 312 perducit
246 247 412 300 incontinentia
426 252 626 316 cuncupiscentiae.
639 256 699 318 Ergo
709 255 859 309 incontinend

54 320 87 368 tia
99 319 141 370 irae
157 323 191 369 esi
204 322 291 381 gravior
304 320 370 386 quior
384 323 549 374 incontinentia
563 328 759 390 concupiscentiae.

88 389 135 440 Sed
148 397 224 443 contra
233 397 281 456 est,
290 395 348 457 qood
359 395 599 458 l‘ltilosoplrusdicttin
608 399 655 449 Vll.
667 401 748 450 Eliic.
758 400 818 466 (rap.
833 408 857 468 9,

55 461 94 512 uel
109 466 124 512 8
132 499 141 525 ‚
155 467 180 512 nt
195 464 259 526 sopri
270 465 295 526 ),
310 465 369 528 qudd
385 484 399 514 u
414 466 489 518 ininius
506 469 578 532 turpis
594 474 629 520 est
642 470 806 523 incontinentia
820 475 860 526 ira

55 533 126 596 quarn
143 535 305 586 incontinentia
320 537 520 602 concopiscentie.
536 559 549 586 u

95 607 251 666 (concidero.
271 633 302 646 -
314 609 445 673 Quanquam
468 611 593 661 secundino
615 613 729 676 passionis
748 616 861 668 rationem

56 678 251 740 concupiscentie
267 678 435 732 incontinentia
452 683 539 747 tinniet
552 683 583 734 sit
600 683 667 748 quiin
686 685 738 748 irae,
751 692 861 750 quanltnn

56 751 135 800 tannen
147 749 174 798 ud
193 751 275 800 rnatum
290 766 386 817 sequeus
408 755 497 816 gratior
514 761 551 806 est
564 756 604 806 irae
614 756 779 809 incontinentia
792 759 861 823 quim

57 821 269 884 cornupisoentito.)

91 892 227 957 Respondoo
246 895 364 945 dicendum
383 895 442 959 qudd
459 904 581 962 peceatum
592 899 764 952 incontinentia
785 905 862 966 potest

57 963 199 1014 constiterant
215 967 344 1030 dupliciter.
364 970 413 1019 llno
434 972 513 1030 niodo,
527 985 555 1021 en
569 978 633 1035 parte
648 973 758 1035 passionis
774 987 802 1023 er
815 987 861 1037 qua

56 1035 117 1086 ratio
128 1043 247 1100 superatur
263 1045 306 1090 :el
322 1040 354 1090 sic
367 1041 557 1093 «incontinentia
571 1044 757 1107 concupiscentiae
773 1047 861 1109 turpior

57 1110 95 1158 est
109 1108 176 1170 quite
186 1109 348 1161 incontinentia
360 1111 397 1162 irae
407 1129 414 1174 3
425 1131 437 1160 u
447 1114 500 1176 quia
509 1120 585 1164 mutus
594 1117 783 1180 concupiscentiae
794 1119 863 1168 habel

56 1180 169 1244 majorem
183 1183 371 1234 iuontiuutionen
383 1185 449 1250 quiin
466 1191 540 1239 moins
554 1188 601 1238 irae.
614 1190 692 1239 Etitoc
701 1195 792 1254 propter
801 1203 862 1252 qna-

56 1255 110 1302 tuor
125 1268 175 1316 quaa
187 1255 338 1319 Philosophus
349 1257 421 1320 tangit
435 1257 457 1306 in
471 1257 519 1308 Vll.
528 1250 664 1324 'Etltt‘clut
675 1261 742 1323 supr'a
753 1264 771 1323 ).
785 1261 862 1313 Prirnd

57 1325 151 1388 quidem
162 1327 200 1389 qui
211 1333 299 1378 annolus
308 1328 345 1378 irac
356 1329 476 1394 participat
487 1329 615 1393 aliqualiter
628 1331 736 1382 rationein
746 1333 778 1396 (in
791 1346 862 1396 quau·
897 1335 900 1340 ’

55 1401 106 1446 tutor
118 1398 205 1448 seilicet
214 1400 284 1451 iratus
295 1401 366 1451 tendit
380 1404 405 1452 ad
422 1401 581 1452 niudieaudum
592 1403 698 1468 injuriam
710 1406 753 1455 sibi
768 1404 860 1469 tactaan

56 1469 119 1533 quod
138 1470 264 1532 aliqualiter
280 1472 433 1536 ratiodiutn13
449 1476 488 1524 sed
503 1489 548 1524 non
565 1475 677 1539 perlecti,
692 1479 745 1540 quia
769 1491 812 1526 non
828 1479 862 1529 io·

56 1542 135 1592 tondit
155 1542 252 1592 debiturn
271 1548 360 1595 ruoilum
380 1546 495 1598 vindicte.
519 1547 563 1596 Sed
584 1553 657 1598 ntotus
671 1547 862 1612 concupiscentie

56 1613 159 1664 totaliter
171 1619 206 1664 est
224 1616 345 1666 secundino
362 1631 468 1678 setusutn,
484 1623 507 1668 et
520 1619 582 1668 ttutllo
596 1613 664 1670 niodo
678 1620 802 1670 secundino
825 1635 862 1672 ra·

56 1687 155 1737 tionetn.
175 1687 289 1751 sectandi,
306 1690 359 1752 qnia
374 1694 448 1740 rnotus
462 1691 502 1741 irae
516 1693 588 1755 tnagis
603 1696 749 1755 consequitor
762 1694 863 1757 cttrporis

56 1755 236 1823 cotuplento'uen
247 1797 253 1822 ,
265 1765 356 1824 propter
364 1763 505 1811 velocitatem
519 1765 592 1814 moltis
601 1765 711 1822 cholerae,
725 1779 776 1827 qnae
791 1766 863 1816 tendit

56 1833 86 1881 ad
100 1832 173 1882 itaut:
187 1834 247 1882 unde
261 1833 332 1895 iungis
343 1837 378 1887 est
391 1831 413 1881 lu
429 1839 534 1896 promptu
548 1833 608 1898 quod
622 1836 661 1887 ille
676 1836 715 1900 qui
729 1841 766 1886 est
780 1850 861 1887 secun·

56 1903 112 1955 ditm
129 1905 306 1968 complexionem
322 1905 422 1968 corporis
442 1904 564 1968 dispositus
584 1907 613 1955 ad
635 1907 790 1967 irascendum,
805 1908 862 1958 iras·

56 1982 138 2038 catur,
156 1976 221 2040 quarn
236 1975 295 2038 qudd
309 1976 345 2026 ille
357 1976 441 2040 quiesi
454 1976 577 2039 dispositus
597 1979 624 2027 ad
638 1979 861 2042 concupiscendum,

56 2049 212 2111 concupiscat.
232 2049 295 2098 Unde
313 2047 380 2097 eiiam
400 2046 541 2110 frequentiis
560 2062 588 2098 ex
606 2048 722 2098 iracundis
739 2055 863 2100 nascuntur

56 2119 242 2183 iracttndl,quint
250 2133 278 2170 en
287 2119 501 2184 concupiscentibus
509 2120 776 2184 concupiscentesouod
785 2127 861 2172 autent

16 2185 17 2188 ’
55 2193 164 2257 provenit
184 2205 214 2241 en
235 2191 330 2241 naturali
349 2191 449 2256 coquetis
469 2191 629 2262 dispositioque,
654 2199 771 2255 reputatur
792 2193 863 2256 tnagis

54 2261 126 2316 venii
143 2263 243 2326 dignuin.
256 2261 407 2326 Tertid‚quia
425 2261 455 2312 ira
467 2264 549 2327 qnaerit
567 2263 685 2314 manifeste
703 2263 804 2327 operari;
820 2265 862 2314 sed

16 2329 17 2332 '
56 2335 332 2400 concupiscentiaqnaonit
342 2335 469 2386 tutenraset
479 2333 555 2385 dolose
571 2335 797 2397 solinneiouattd,
809 2336 862 2397 quia

16 2469 17 2472 Ἰ
56 2407 224 2472 eoncttpiscens
238 2407 400 2459 delectabiliter
414 2413 539 2472 operatur3
554 2399 596 2458 sed'
608 2406 678 2457 iratus
692 2400 862 2471 quasiquadanr

55 2479 152 2533 tristitia
163 2481 304 2544 qatncedente
315 2485 416 2530 coactus.
430 2478 557 2530 ullomodo
571 2485 647 2544 potest
661 2478 798 2529 considerari
810 2492 862 2543 pec-

55 2560 132 2605 eatunt
142 2553 328 2614 incontinentia,
344 2558 450 2616 quantun
465 2550 493 2601 ad
509 2553 591 2601 maletot
608 2551 633 2600 in
645 2552 705 2614 quod
718 2551 769 2614 quis
782 2551 862 2602 inuidit

56 2626 70 2677 i
83 2626 170 2675 ratione
185 2624 304 2674 discedens
315 2640 320 2674 :
331 2629 354 2674 el
363 2623 398 2673 sic
416 2622 581 2674 incontinentia
600 2622 641 2672 irae
655 2627 691 2673 est
704 2627 728 2671 ut
740 2622 862 2685 plurimim

16 2683 17 2702 ³
56 2695 162 2762 graviore
175 2695 228 2760 quia
239 2696 376 2766 ducit'inea
388 2709 440 2759 qun
454 2695 608 2758 periueotad
623 2694 721 2758 proximi
731 2706 863 2782 poenoten-

57 2776 125 2890 umid
137 2839 234 2904 primunt
247 2851 301 2902 erqo
316 2837 434 2892 dicendttnt
444 2874 453 2900 ‚
467 2837 527 2901 qadd
539 2837 654 2889 otttdttus
668 2840 708 2918 eat
716 2835 807 2889 assidui
818 2843 861 2918 puJ

58 2925 129 2979 gone
143 2915 223 2962 centn
232 2911 404 2962 delectationem
417 2910 486 2974 quiin
499 2914 578 2962 nemra
590 2911 661 2975 irtm3
671 2921 726 2975 qiua
738 2921 861 2973 nucupat-
