1934 3284
158 196 204 249 itt
257 207 364 251 suenum
380 203 504 264 recurrent,
518 209 612 259 euuur.
629 202 733 263 tium,
746 212 801 250 m.
816 206 852 249 m.

190 292 212 339 t.
227 290 353 350 Preteree,
366 290 416 340 heu
428 289 471 339 triu
483 287 508 339 in
519 288 620 353 quelibet
631 301 700 353 unere
709 290 810 339 humane
821 284 954 351 requirenda

158 364 227 423 suut3
241 360 296 409 ninii
310 360 371 410 euim
388 361 454 411 debut
468 360 517 411 fieri
531 364 610 411 centra
626 359 754 423 justitiam,
769 363 809 409 unt
821 358 953 416 ueritatem,

157 434 196 480 uut
210 431 260 482 sine
278 431 381 495 judicio,
396 430 519 482 seeundum
534 432 589 480 iilud
601 432 612 480 1
626 431 662 480 nd
680 430 796 488 Timuit„
812 432 832 479 V
847 446 853 481 ε
870 427 957 478 «niun

157 502 229 552 ineius
242 502 294 553 uiue
305 502 446 566 prejudicio,
459 518 473 550 u
486 502 510 553 iu
523 506 573 565 ert,
581 502 631 552 uiue
642 502 781 567 precedenti
791 502 889 572 judiuiu.
901 500 957 561 Ergu

157 574 208 625 tuen
223 572 267 623 tria
283 586 328 624 neu
345 574 417 637 magis
435 574 519 625 debent
534 573 643 624 uuueiuri
662 574 806 637 juramento,
823 572 893 637 quim
912 571 957 622 alin

157 644 263 695 humanit
278 644 380 696 nutibus.

189 719 233 769 Sed
245 723 322 769 rnntru
338 723 385 781 est,
399 719 460 783 quiid
472 718 554 769 dicitur
565 720 629 779 Iera,
640 720 671 770 ii
687 736 693 769 z
707 736 721 768 n
734 718 831 782 iurabis,
847 719 911 769 uiuit
919 720 957 768 lin⁴

159 790 243 854 minus,
254 790 279 840 in
292 790 395 853 veritate,
405 791 430 841 iu
440 790 525 856 judicie
539 794 563 841 et
579 791 602 840 iu
618 790 717 855 justitie.
732 791 823 849 »Quen
843 802 957 856 exponens

159 862 309 927 Hieronymus
331 861 406 913 uicit:
427 862 686 913 «Animadvertendum
705 865 743 911 eut
763 860 823 925 nuti
843 863 957 926 jnsjurun

160 933 214 983 rium
227 934 269 984 tros
280 932 349 983 nubet
359 933 468 997 comites,
478 932 568 984 scilieet
583 933 699 985 ueritatem
707 968 716 997 ‚
724 932 836 997 judieiuur
852 938 881 984 et
892 932 957 997 iusti

159 1004 247 1055 tium.»

192 1078 347 1143 (Gunuuusro.
356 1076 506 1127 -turuuteuu
514 1088 605 1128 emnem
618 1077 707 1140 eportet
719 1074 743 1124 iu
752 1074 847 1139 juuieie,
855 1078 957 1128 veritati

159 1151 183 1198 et
191 1146 388 1213 justitiiJ'nrare.)
411 1158 426 1193 ·.

190 1220 325 1284 Respondent
338 1217 472 1281 uiuendum,
489 1217 551 1282 quud
564 1218 701 1282 sieutuuuru
711 1215 815 1268 nutritum
827 1221 880 1282 est,
890 1221 957 1284 juru-¹

159 1295 259 1341 mentum
270 1290 462 1353 ntuentium,
475 1289 521 1340 nisi
535 1290 556 1340 ei
569 1290 609 1353 qui
617 1290 677 1340 bene
686 1289 757 1339 utitur
763 1289 907 1353 juramento.
922 1293 957 1346 nn,

158 1362 242 1413 benum
253 1366 329 1413 nutent
341 1374 407 1412 usum
415 1361 539 1425 juramenti
547 1362 592 1412 duo
601 1362 753 1425 requiruntur.
763 1361 841 1411 Primo
852 1364 957 1428 quiderm

158 1432 219 1497 quud
229 1433 311 1497 aliquis
325 1446 371 1483 nnn
385 1432 474 1495 leviter,
490 1434 530 1483 ten
545 1446 575 1483 ex
587 1432 715 1483 neeessariu
729 1445 799 1483 neusa
814 1436 839 1483 et
855 1434 957 1485 ‹lisureii

155 1504 218 1567 juret
229 1520 235 1553 ι
246 1509 270 1555 et
279 1508 387 1567 quantum
398 1504 424 1553 ud
434 1504 477 1554 huc
488 1504 610 1567 requiritur
613 1503 749 1567 judicium
760 1503 865 1568 (seifieet
876 1506 957 1556 uisere

157 1574 242 1638 tinnis)
256 1590 283 1625 ex
298 1579 360 1640 purte
369 1576 475 1639 jurantis.
488 1574 595 1625 Secum
603 1578 711 1638 quantum
723 1574 782 1624 udin
791 1576 851 1638 quui
865 1590 911 1640 per
923 1578 957 1641 ju«

158 1651 282 1698 rumentum
295 1648 450 1710 confirmetur,
465 1650 492 1697 ut
506 1646 594 1697 seitieet
607 1659 680 1710 neque
693 1645 723 1696 sit
737 1644 818 1696 insum
827 1685 835 1709 ,
843 1661 921 1713 neque
930 1651 957 1698 sit

159 1716 244 1782 aliquid
256 1718 360 1768 illicitum
375 1733 381 1768 ε
399 1722 422 1767 et
435 1722 545 1781 quantum
562 1719 589 1768 ad
603 1718 648 1767 tune
663 1718 784 1781 requiritur
798 1720 907 1785 veritae,
923 1734 957 1784 pun

160 1802 229 1853 quum
241 1789 322 1854 uliquis
331 1789 461 1853 juramento
471 1788 590 1839 confirmet
601 1790 662 1851 quud
673 1801 752 1838 uerum
762 1793 807 1853 est,
817 1793 841 1839 et
849 1791 957 1855 justitie

160 1873 200 1923 per
222 1874 289 1923 quum
306 1860 423 1909 coufirmat
438 1860 499 1924 quud
516 1859 603 1909 linitum
623 1863 668 1909 eet.
684 1860 788 1909 iudicio
806 1864 884 1911 euntem
903 1877 957 1913 curn

158 1930 312 1993 juramentum
327 1930 454 1995 incautum
469 1935 577 1981 veritate
589 1936 678 1991 eutem,
686 1931 841 1995 juramentum
855 1937 957 1985 meudun

156 2000 266 2063 justitia
283 2005 367 2065 euntem,
378 2000 533 2066 juramentum
547 2002 651 2067 iniquum
661 2002 710 2053 siue
724 2001 836 2053 illicitum.

193 2072 226 2122 nd
245 2072 342 2137 primurn
361 2086 415 2137 ergo
435 2072 570 2139 dicentium,
582 2073 642 2137 quenl
653 2073 789 2137 judicium
809 2088 857 2125 nun
868 2078 957 2128 sumitu

161 2144 198 2194 hin
213 2158 254 2210 pro
273 2144 405 2196 executione
424 2145 539 2209 justitiae;
556 2147 595 2197 sed
613 2158 654 2211 pro
668 2144 754 2210 judicie
768 2145 931 2212 discretionis,
944 2166 957 2210 n

162 2216 245 2267 dietum
260 2219 304 2267 est.
319 2218 398 2281 Neque
409 2217 477 2267 etium
491 2218 586 2267 uen'tuu
598 2214 636 2266 irie
648 2216 756 2281 accipitur
769 2216 957 2283 secundumque

161 2293 267 2353 estpars
285 2288 395 2353 justitiae,
409 2288 448 2339 seui
469 2288 593 2339 secuudum
613 2289 722 2353 quidest
739 2288 844 2353 quedam
864 2293 957 2341 conditi

162 2358 294 2411 lucutionis.

194 2432 226 2480 nd
240 2432 366 2482 seeundum
376 2431 509 2494 dicendum,
521 2431 581 2497 qntd
594 2434 618 2483 et
635 2429 768 2494 enuntient
782 2430 839 2481 fides
852 2436 877 2483 et
891 2434 957 2484 nurui

161 2502 292 2566 huiusmodi
306 2518 356 2567 que
368 2504 488 2569 exiguntur
501 2505 530 2555 ud
543 2502 643 2555 debitum
655 2504 746 2553 mudum
761 2498 868 2566 jurandi,
879 2504 957 2556 intelli

162 2576 245 2637 guntur
262 2574 286 2623 in
300 2574 397 2637 judicio.
414 2576 463 2626 ntia
482 2576 544 2626 enirn
563 2575 607 2625 dun
625 2575 741 2639 pertinent
759 2574 789 2623 ud
808 2586 857 2623 rem
877 2577 909 2627 de
925 2591 957 2639 qn

159 2642 257 2707 juretur3
266 2648 292 2694 ut
301 2646 386 2695 dictum
396 2650 437 2710 est,
448 2646 553 2711 quemuis
561 2650 638 2711 posset
645 2645 689 2696 diei
698 2644 757 2709 quin
764 2642 858 2709 justitia
866 2650 957 2710 pertine

163 2716 190 2765 ud
209 2730 300 2767 eausam
314 2728 354 2781 pre
370 2732 414 2781 qua
425 2719 524 2782 juretur.

196 2787 227 2836 nd
239 2788 329 2837 tertium
339 2788 473 2851 uiuendum,
485 2791 547 2854 quiid
556 2791 579 2840 in
588 2790 719 2853 juramento
730 2792 763 2839 est
777 2788 908 2853 periculum
923 2805 957 2843 rna

165 2868 247 2919 gnum,
257 2861 305 2907 tum
321 2861 466 2922 praeteritet
480 2861 672 2925 magnitudinem,
681 2861 747 2925 eujus
755 2861 918 2913 testimenium
932 2865 957 2915 in

164 2931 265 2993 roratur,
284 2929 411 2980 tumetium
422 2936 516 2996 prepter
528 2931 659 2985 neniarum
672 2932 757 2997 tingue
767 2932 876 2985 iuuenum
885 2970 894 2999 ,
903 2935 957 3002 euju
