1934 3284
121 145 166 193 too
229 155 336 192 socom
351 153 477 201 muns,
495 148 588 198 osser.
607 153 688 202 cxxiv,
706 154 762 192 nar.
778 157 803 192 v.

119 235 188 297 ipses
197 231 301 282 dicuutur
311 228 463 293 punitenes,
472 229 525 293 quis
539 228 625 280 scilieet
635 230 789 296 corporalibus
804 233 850 284 suis
862 247 910 299 pas·

116 303 219 355 sionibus
228 314 299 365 usque
309 301 336 350 ad
347 306 444 352 moriem
455 299 610 352 testimouium
621 302 742 365 perhibent
750 304 854 370 veritati,
868 319 910 356 nou

116 376 251 439 cuicumque
259 412 265 433 ,
273 373 312 424 sei
322 372 411 423 renuti
424 386 475 436 quas
489 371 613 422 meusium
626 373 734 436 pietatem
743 379 795 437 est,
808 390 858 442 quas
871 391 910 441 per

117 447 230 500 Christum
248 446 315 497 nobis
330 445 438 497 innotuit.
453 447 518 496 Unde
535 449 559 496 et
576 448 704 510 martyres
719 446 818 498 coristi
831 449 911 500 dicuu-

117 523 167 582 tur,
179 519 244 582 quasi
259 522 329 569 testes
341 517 420 581 ipsius.
432 515 567 581 Huiusmodi
576 519 652 567 auteur
666 521 703 568 est
712 519 797 570 veritas
812 522 876 584 fidei3
893 527 914 572 et

117 592 170 643 ideo
185 591 307 656 cujustibet
321 589 423 654 martyrii
438 603 508 640 ceusu
528 591 564 639 est
576 588 628 639 tidei
646 588 739 640 ueritas.
755 593 801 644 Sed
816 596 844 645 ad
863 594 913 644 fidei

118 663 237 716 ueritatem
251 678 296 715 uon
308 661 381 713 sotium
391 662 492 725 pertinet
506 661 555 726 ipsa
568 661 690 713 credulitas
702 664 785 729 cordis,
797 668 838 718 sed
846 667 913 718 etiau

118 736 216 788 exterior
237 735 386 799 protestatio,
404 747 454 795 quas
472 734 563 798 quidem
585 733 610 782 iit
628 747 673 785 non
694 735 767 785 solium
786 751 828 800 per
847 739 913 790 verbu
944 755 945 824 p

119 809 200 874 onibus
220 807 301 872 aliquis
318 806 438 858 confitetur
456 805 540 865 fldem,
554 806 596 855 sed
614 805 682 856 stiam
696 820 737 870 par
756 807 818 860 tacta
836 810 914 874 quibus
944 825 945 830 ¹

118 880 199 944 aliquis
212 879 279 931 fldem
291 893 317 930 se
331 879 415 928 nubem
434 877 546 940 ostendit,
569 877 694 927 scurnum
712 878 767 930 iilud
787 882 855 943 lou,
873 883 913 932 ll:
944 923 945 946 ἶ

121 954 193 1018 «Ego
208 953 326 1004 ostendam
340 951 382 1000 tibi
399 963 428 999 ex
441 949 546 1021 operibus
559 949 627 999 fidem
642 962 724 1000 meam.
748 967 762 997 u
777 952 844 1004 Unde
856 959 881 1006 et
890 955 914 1003 de
944 955 945 1010 t

119 1025 251 1089 quibusdam
268 1024 350 1074 dicitur
363 1023 399 1072 od
414 1023 494 1081 Τέω
511 1021 699 1072 :ucuutiteutur
710 1035 735 1072 se
750 1037 820 1075 nosse
836 1027 914 1086 Deum,

119 1097 185 1148 tactis
203 1101 278 1148 auteur
293 1098 384 1158 negant.
401 1110 416 1140 u
433 1094 462 1144 st
472 1094 539 1157 ideo,
555 1095 656 1145 omnium
670 1095 779 1146 virinum
798 1110 869 1161 opera
880 1112 917 1149 se·

119 1170 217 1220 cundum
227 1169 288 1233 quod
298 1168 427 1219 referuntur
438 1167 461 1216 in
472 1168 553 1229 Deum,
565 1169 618 1216 suut
631 1167 732 1230 quadam
740 1171 916 1231 protestationes

119 1241 187 1303 fidei,
201 1255 242 1304 per
254 1253 320 1304 quam
337 1239 403 1290 uobis
417 1238 539 1289 innotescit
557 1237 617 1301 quon
630 1238 690 1288 Deus
703 1239 836 1302 hujusmodi
850 1255 917 1306 opera

119 1311 133 1361 a
146 1311 212 1362 nobis
224 1310 332 1373 requirit,
344 1313 369 1360 et
381 1324 424 1362 uos
435 1323 478 1374 pro
491 1309 525 1359 eis
537 1314 681 1372 remunerat3
696 1313 720 1360 et
731 1311 859 1362 secuudum
878 1316 918 1365 hoc

118 1385 214 1446 possunt
227 1395 278 1432 esu
292 1381 396 1446 martyrii
411 1395 487 1431 causa.
504 1381 568 1431 Unde
586 1384 610 1432 et
623 1381 684 1431 beati
700 1381 794 1434 ioannis
807 1385 917 1448 Baptiste

119 1454 251 1519 mauprium
267 1454 292 1503 iu
304 1454 407 1503 Ecclesia
422 1453 556 1513 celebratur,
572 1453 611 1516 qui
624 1465 670 1504 nou
685 1466 725 1516 pro
744 1456 848 1516 neganda
863 1458 917 1519 tide,

120 1525 160 1575 sed
172 1538 213 1588 pro
229 1524 407 1589 reprehensione
424 1523 529 1574 adulterii
542 1527 637 1574 moriem
652 1524 769 1574 sustinuit.

150 1597 182 1646 iu
196 1597 295 1661 primum
313 1609 366 1660 ergo
380 1597 516 1658 dicendum,
528 1596 587 1660 quod
601 1597 766 1646 Christianus
779 1597 863 1650 dicitur
884 1600 920 1664 qui

121 1668 205 1718 Christi
220 1673 263 1719 est.
276 1668 361 1719 Dicitur
377 1671 453 1720 autem
464 1668 546 1732 aliquis
560 1681 611 1720 esse
625 1667 723 1731 Christi,
743 1681 790 1719 nou
801 1670 878 1723 solum
894 1685 919 1722 ex

35 1796 37 1807 Ι
120 1752 147 1790 eo
165 1738 225 1803 quod
243 1740 311 1790 habet
324 1739 392 1790 fidem
408 1738 509 1801 curisti,
529 1739 653 1790 sedetiam
669 1752 698 1789 ex
716 1752 743 1790 eo
761 1740 821 1805 quod
837 1744 920 1806 spiritu

119 1809 206 1862 Christi
220 1812 247 1861 ad
261 1812 440 1875 operauirtuosa
453 1811 563 1875 procedit,
578 1809 702 1862 secuudum
715 1810 771 1862 iilud
785 1813 821 1862 ad
836 1816 920 1874 itum„

121 1883 171 1932 vui
184 1897 190 1932 :
201 1900 215 1931 u
227 1882 252 1932 Si
264 1883 316 1947 quis
328 1883 432 1948 spiritum
443 1883 527 1935 Christi
540 1895 586 1933 uon
599 1883 675 1944 habet,
687 1883 724 1933 hic
736 1897 781 1934 uon
791 1889 826 1936 est
835 1886 898 1949 ejus.
907 1905 918 1933 u
945 1933 946 1956 Χ

121 1955 151 2004 st
159 1955 228 2006 etism
241 1969 272 2005 ex
283 1957 327 2006 hoc
335 1955 395 2020 quod
407 1956 436 2006 ad
448 1955 597 2006 imitationem
610 1953 694 2005 Christi
702 1955 803 2017 peccatis
814 1959 919 2022 moritur,
945 1961 946 1998 t

120 2027 244 2079 muudum
260 2027 315 2078 iliud
329 2028 364 2077 ad
379 2029 507 2087 Galat.,ii
525 2043 531 2076 z
548 2043 562 2075 u
577 2026 620 2085 Qui
641 2025 727 2076 Christi
741 2031 811 2089 suut,
826 2041 920 2082 munem
945 2027 946 2036 ’

121 2113 186 2150 mam
199 2099 360 2151 turcitireruut
369 2113 422 2150 cum
431 2099 495 2150 uitiis
508 2102 532 2148 et
545 2097 745 2162 concupiscentiis.
759 2099 814 2150 siit
828 2100 882 2153 ideo
899 2107 921 2154 ut

120 2171 262 2222 Christianus
274 2171 370 2235 patitur,
385 2184 431 2222 nou
454 2169 527 2226 solium
546 2169 586 2232 qui
601 2168 686 2233 patitur
697 2183 738 2233 pro
758 2171 810 2222 fidei
824 2175 920 2224 couies-

119 2243 183 2294 sione
197 2246 282 2307 quatit
294 2243 420 2307 persenia,
433 2243 552 2293 sedetiam
564 2241 700 2304 quicumque
710 2242 850 2307 patiturpro
862 2259 920 2308 quu-

119 2326 216 2378 cumque
229 2316 288 2366 boun
303 2328 371 2379 opere
386 2314 506 2376 iaciendo,
517 2314 554 2363 vel
570 2326 611 2376 pro
624 2325 765 2378 quocumque
775 2319 870 2378 peccato
885 2318 920 2367 vi-

118 2387 201 2448 tando,
219 2391 312 2450 propter
332 2385 462 2446 Christum
476 2384 531 2447 quia
543 2385 588 2435 hoo
606 2386 679 2435 toturn
695 2385 796 2447 pertinet
814 2387 843 2437 ad
864 2389 919 2440 fidei

118 2457 314 2517 protestationem.

150 2530 183 2579 Ad
197 2530 321 2578 meusium
336 2528 464 2585 dicendum,
486 2525 545 2590 quud
561 2527 645 2579 veritas
663 2525 756 2578 aliarum
770 2529 919 2581 scientiarum

118 2611 165 2648 uon
182 2599 281 2662 pertinet
294 2600 323 2650 ad
338 2600 424 2650 cultum
440 2597 583 2659 divinitatis3
598 2603 622 2650 et
634 2599 685 2651 ideo
703 2612 749 2650 uon
766 2600 848 2652 dicitur
869 2615 919 2653 csse

119 2687 134 2717 u
143 2669 228 2721 uerita
237 2671 359 2721 oecuuiim
372 2671 495 2734 pietutem:
506 2688 520 2718 u
534 2672 594 2722 uude
603 2685 646 2723 neo
655 2673 705 2736 ejus
715 2672 829 2724 couiessio
840 2677 918 2738 potest

119 2753 171 2792 esse
187 2739 271 2791 directe
284 2742 385 2808 martyrii
397 2757 475 2794 caus.
490 2743 535 2794 Sed
555 2743 608 2808 quia
621 2755 688 2794 omns
703 2743 845 2794 mendacium
862 2758 920 2808 pec-

121 2815 195 2862 catum
207 2814 258 2874 est,
273 2815 298 2860 ut
313 2813 380 2878 sopri
394 2814 498 2865 habitum
512 2818 547 2865 est
561 2817 618 2879 (qu.
636 2818 696 2880 noo,
710 2819 753 2866 art.
771 2815 819 2878 ³),
839 2815 920 2870 vitetio

120 2881 248 2946 mendacii,
256 2886 333 2934 contre
341 2897 507 2949 quoscumque
516 2887 635 2939 veristern
645 2885 692 2951 sit,
701 2887 726 2938 iu
735 2889 844 2952 quantumi
855 2901 920 2940 men·
