1934 3284
129 174 176 223 itt
249 180 357 221 sucnuou
373 178 505 227 mon,
520 178 613 225 onnon.
629 174 695 224 xeo,
713 174 771 217 nur.
788 176 807 216 n.

130 272 207 312 eorum
226 270 276 323 qne
293 260 428 317 onustum
442 255 482 306 ned
500 254 521 305 ei
533 253 619 319 aliqud
628 254 707 305 uniet
717 256 812 320 propter
827 256 948 312 derum

130 345 198 393 nuru,
213 328 324 380 ndeutiis
342 327 469 385 considerat
489 340 541 392 ques
564 324 680 387 dicuntur,
702 329 751 375 tuus
770 326 825 391 qnia
847 328 949 385 dmitos

131 404 231 453 moratur
250 413 318 466 super
331 400 426 461 eodem,
440 402 490 449 tum
513 398 583 463 quia,
602 401 629 446 ut
645 396 785 461 Augurinus
801 397 859 449 dicit
871 400 901 451 in
926 406 950 457 x

132 474 243 537 conseer.
256 472 325 537 (nup.
342 474 371 521 tt
380 470 397 536 ),
412 468 618 521 remnessiieetus
626 467 722 532 spiritus
731 469 805 519 nostri
815 482 860 534 pro
872 478 950 525 mavi

131 544 262 600 diuersitate
278 543 362 593 hebent
374 542 479 607 proprius
496 541 576 592 modos
588 538 613 589 in
629 542 860 606 suessionorum,
878 558 948 607 quo-

131 628 181 665 rnru
195 614 283 666 renuite
303 613 458 664 familiaritnte
479 612 648 663 excitantur.»
668 611 696 661 Et
712 610 793 663 eudem
809 612 883 664 etiem
907 623 949 668 est

132 687 189 739 rotie
203 688 230 739 de
245 686 405 748 audientibus,
417 685 440 735 in
454 684 537 749 qubus
549 682 595 733 etsi
607 682 678 746 ntiqui
687 695 733 733 nou
743 681 879 747 intelligunt
889 701 948 752 quus

133 762 267 821 uruntur,
278 757 409 822 intelligunt
423 759 501 807 tumen
510 759 603 819 propter
611 754 666 818 quid
679 756 792 817 auteur,
805 755 901 808 eduen
915 762 949 811 ud

133 830 222 883 iuudern
236 828 293 893 Dei3
312 832 335 880 et
347 829 391 881 unc
409 825 495 879 suffieit
506 826 536 877 sd
548 826 694 879 devotionem
707 824 861 878 exeiteuduuu.

393 1174 562 1245 odnsnie
581 1172 671 1239 xcii.

150 1320 183 1366 De
196 1319 265 1365 nitide
279 1284 542 1376 nimiost-oppositis,
555 1319 576 1362 et
586 1317 669 1375 primo
681 1314 712 1362 de
723 1316 906 1375 superstitione
914 1352 927 1369 ,

358 1390 388 1435 ies
399 1389 461 1435 dnos
473 1388 593 1437 eruentes
605 1384 698 1435 distes.

166 1551 248 1601 Postea
262 1548 447 1603 nonsidereudum
463 1550 499 1599 est
513 1549 541 1599 de
551 1546 615 1598 uitiis
627 1545 731 1611 religioni
742 1546 865 1611 oppositis.

166 1622 195 1672 Et
205 1620 279 1687 prinud
291 1623 319 1673 de
331 1621 377 1673 iliis
386 1634 437 1686 quse
451 1634 502 1671 num
515 1618 625 1684 reiigione
634 1617 772 1669 eonveniunt
780 1616 804 1667 iu
813 1618 859 1669 hoe
873 1622 947 1685 qudo

134 1693 245 1745 exhibent
253 1693 338 1744 ruitum
351 1693 470 1755 dirinnu13
486 1691 598 1752 seeundd,
610 1690 639 1741 de
652 1688 713 1740 uitiis
726 1688 873 1742 mundatem
883 1706 948 1745 eou-

135 1764 271 1818 trurietutern
286 1766 314 1815 ud
326 1765 457 1829 religionem
467 1763 619 1825 habentibus,
633 1776 675 1827 per
681 1764 842 1825 ‘contemptum
856 1776 947 1817 eorum

135 1850 186 1903 qun
199 1837 315 1903 pertinent
326 1838 353 1887 ud
367 1836 469 1887 diviunrn
484 1836 577 1885 udum.
590 1834 690 1883 Primum
702 1836 778 1884 nutem
789 1834 875 1884 iorum
888 1848 949 1899 per·-

135 1908 193 1961 tiuet
205 1909 233 1960 ud
251 1908 450 1974 superstitionem,
468 1907 593 1958 sedunum
607 1905 635 1956 nd
653 1904 857 1969 noeiipiositntern.
873 1905 948 1958 Unde

135 1980 208 2044 primd
225 1981 411 2032 nensideraudum
429 1983 464 2030 est
476 1979 505 2029 de
517 1978 567 2043 ipse
578 1976 740 2041 superstitione
752 1980 777 2027 et
790 1977 820 2027 de
830 1976 946 2040 partibus

136 2050 199 2116 ejus,
213 2052 294 2104 deinde
311 2053 339 2103 de
353 2050 520 2114 irreiigiositute
534 2053 560 2100 ei
570 2050 598 2099 de
613 2048 714 2113 partium
728 2048 788 2112 ejus.

166 2124 230 2175 Circe
245 2123 343 2188 primurn
354 2126 486 2187 queruntur
494 2122 557 2171 dno:
573 2118 693 2170 rodtrud
708 2118 840 2183 superstitio
858 2120 892 2170 sit
907 2122 949 2173 ui-

135 2196 197 2276 tiurn¹
204 2194 310 2259 religioni
324 2194 469 2247 eontrsriunr.
485 2197 513 2243 2⁰
528 2192 606 2265 dtrdrn
620 2190 704 2243 heieu
713 2192 791 2256 piures
804 2196 884 2257 partes
899 2206 948 2246 seu

136 2280 235 2331 speeies.

432 2372 594 2425 nuncnune
609 2374 628 2425 1.

192 2501 277 2547 dirim
290 2502 425 2561 superstitio
438 2502 470 2549 sit
483 2502 570 2548 vitium
588 2499 701 2558 religioni
713 2500 878 2553 contrarium,

168 2628 201 2680 nd
214 2628 312 2695 primunr
325 2631 358 2682 sio
368 2628 496 2696 proceditur
505 2630 550 2694 (i).
564 2629 658 2681 Videtur
668 2628 728 2693 ondd
739 2627 878 2691 superstitio
890 2640 945 2681 nnn

74 2702 75 2707 ’
130 2700 167 2752 rsit
177 2700 255 2751 vitium
269 2701 372 2763 religioni
385 2702 531 2753 contrarium.
548 2702 620 2753 Unum
635 2700 695 2752 euin
707 2699 877 2751 contentionum
890 2714 944 2751 nnn

137 2770 226 2835 ponitur
241 2772 266 2823 iu
280 2771 416 2824 diitinitioue
430 2772 533 2823 adunus.
546 2772 590 2827 Sed
610 2770 690 2836 religio
704 2770 798 2837 ponitur
809 2768 836 2822 in
852 2771 946 2825 ditdui-

172 2913 205 2977 (r)
221 2916 254 2964 ue
268 2916 383 2966 urreisan
394 2916 462 2981 rure,
475 2930 517 2978 qu.
528 2916 570 2978 es,
584 2923 629 2968 m.
640 2917 666 2978 ι,
679 2921 704 2966 u
714 2926 753 2977 nn·
765 2913 807 2979 ⁹⁵,
818 2922 864 2966 m·
878 2915 906 2977 ¹,
920 2923 947 2964 et
