1934 3284
330 137 362 174 Π
375 136 442 176 Vim
454 133 577 176 imm·
807 131 855 179 005

84 211 428 277 mammoneamque
438 218 556 277 peceatum
566 215 590 264 in
601 214 710 266 homenis
719 216 808 267 ustinus
817 222 854 269 eet

19 320 22 329 .
54 285 117 347 qnod
136 287 174 336 est
194 288 270 334 eontra
287 285 386 336 ordinem
402 285 503 335 rationis.
518 286 591 336 Habet
608 291 683 337 nutem
700 288 745 337 hoo
758 287 854 339 rationis

53 356 119 416 ordo,
133 359 158 406 ut
167 357 273 420 quodum
284 357 444 408 convenienter
454 358 542 408 ordinet
555 358 580 407 in
594 372 661 408 snum
670 359 749 410 duem.
760 362 789 411 ut
802 360 854 412 ideo

53 443 102 480 non
114 433 278 493 estperrntum
288 431 309 480 si
321 444 361 494 per
370 431 481 481 rationem
490 431 560 480 trumo
570 433 646 480 utatur
658 432 725 482 rebus
738 432 853 497 aliquibus

53 503 82 551 ad
99 502 169 552 duem
188 504 217 552 ad
228 516 295 566 quem
311 506 377 566 suni,
393 504 460 553 modo
476 506 501 552 et
520 501 598 552 ordine
611 503 772 566 musunienti3
787 506 854 555 dnm-

52 574 122 624 modo
136 573 173 624 ilie
187 575 240 624 duis
253 575 283 624 sit
297 575 387 638 aliquod
401 574 455 626 rere
471 575 565 625 bonum.
579 573 645 624 Sient
656 579 731 624 antem
746 578 783 626 est
799 577 854 627 vert

50 646 137 696 bonnm
149 645 208 708 qudd
219 650 363 696 conservetur
372 647 496 710 corporalis
508 650 586 695 nutura
600 644 669 695 unius
680 646 804 708 individui,
820 648 854 699 ita

51 717 122 768 etiem
134 722 168 768 est
185 718 296 780 quoddam
311 718 395 768 bonum
409 719 523 768 exceliens
540 717 600 780 quod
613 722 760 768 conservetur
773 722 854 770 natura

52 789 141 853 speeiei
158 789 272 838 humanu.
287 789 352 840 Siout
369 793 445 839 autem
463 789 491 840 ad
507 788 701 838 conseruationem
717 789 771 839 vitm
784 791 865 854 unius

51 859 277 911 hominieordinatur
286 875 341 911 usus
357 861 474 923 ciborum3
489 860 519 910 itu
529 860 597 910 etiam
611 861 638 910 ad
653 860 851 912 conservationem

52 933 124 983 totius
135 933 229 982 hnmani
241 933 330 996 generis
339 947 394 984 usus
404 947 560 984 venerearum.
573 932 637 984 Unde
647 933 786 996 Augustinus
795 934 852 984 dieit

50 1003 75 1053 in
90 1003 132 1053 lib.
145 1005 182 1054 De
200 1003 260 1054 hono
273 1005 403 1070 eonjupudi
420 1008 484 1070 (esp.
503 1006 546 1065 iiii
565 1021 571 1054 :
588 1021 602 1052 u
616 1005 680 1064 Quod
694 1011 728 1054 est
743 1004 807 1056 uibus
823 1008 851 1056 ad

52 1076 276 1134 salutemhominis,
290 1076 378 1126 honest
391 1075 524 1126 concubitus
535 1076 668 1129 adsalutem
683 1075 782 1138 generis.
797 1092 811 1122 u
824 1077 853 1126 Et

50 1147 105 1198 ideo
118 1147 178 1196 sieut
190 1161 245 1197 usus
257 1148 357 1198 uiuorum
372 1151 447 1211 potest
461 1160 513 1198 esse
524 1149 608 1211 absque
618 1147 748 1210 pecuniosi
762 1146 801 1197 fiat
812 1147 852 1198 de-

51 1219 101 1269 bito
115 1219 182 1268 modo
195 1223 218 1270 et
227 1219 317 1280 urdine,
330 1218 453 1270 seeundirm
464 1219 524 1282 qudd
538 1219 645 1283 competit
659 1219 724 1270 saluti
736 1220 849 1284 eorporis3

50 1290 84 1340 ita
98 1291 167 1340 etiam
181 1295 204 1340 et
218 1303 272 1340 usus
292 1303 439 1341 venereorum
450 1294 525 1354 potest
540 1304 591 1341 esse
605 1291 690 1354 absque
705 1294 812 1354 peeeato,
830 1291 851 1340 si

51 1362 92 1412 fiet
107 1362 182 1412 debito
196 1365 276 1423 modo,
288 1363 407 1426 etudine,
419 1361 543 1414 seeundum
553 1362 614 1426 quod
623 1365 659 1413 est
670 1362 809 1414 conueniens
820 1363 850 1414 ad

51 1435 122 1486 tinem
137 1435 290 1496 generationis
304 1437 418 1486 humane.

84 1509 118 1557 dd
136 1508 233 1574 primum
249 1521 302 1570 ergo
319 1508 458 1569 dicendum,
477 1507 537 1570 qnid
551 1507 636 1572 aliquid
652 1510 728 1572 potest
741 1507 850 1571 impedire

51 1582 160 1631 virtutem
170 1580 295 1643 dupliciter.
307 1582 355 1630 Uno
366 1581 448 1644 modo,
459 1584 568 1642 quarinum
578 1583 605 1630 ad
614 1594 756 1630 communem
766 1585 850 1630 statum

50 1652 144 1703 uirtutis
156 1667 162 1702 ε
174 1656 198 1702 et
210 1652 243 1702 sie
254 1665 300 1703 non
316 1652 437 1716 impeditur
450 1651 522 1701 virtus
536 1649 581 1701 nisi
598 1665 640 1715 per
655 1656 783 1715 peceatum.
799 1652 850 1702 ditio

51 1725 134 1786 modo,
150 1727 258 1786 qnantum
276 1725 304 1774 ad
320 1725 443 1788 perfeetum
464 1723 554 1773 uirtutis
574 1727 675 1774 statum:
691 1723 762 1774 etsie
775 1726 851 1787 potest
868 1763 871 1766 Δ

51 1795 158 1859 impediri
176 1794 250 1845 uirtus
265 1807 307 1858 per
324 1793 407 1858 aliquid
427 1795 487 1856 qnod
502 1807 546 1844 non
565 1799 601 1844 est
617 1799 749 1858 pensatum3
763 1795 803 1844 sed
816 1799 851 1846 est

52 1867 129 1916 minus
141 1867 232 1916 bouum.
244 1867 273 1916 Et
287 1867 330 1915 hoo
342 1866 407 1915 modo
421 1879 475 1914 usus
488 1865 587 1915 imminue
601 1864 680 1928 dejicit
689 1864 789 1914 animum
805 1878 849 1916 non

51 1939 171 1998 amunte,
187 1939 226 1988 sed
240 1938 269 1988 ab
283 1951 346 2000 arse,
361 1937 385 1986 id
403 1941 450 1998 est,
463 1937 605 2000 perfectione
616 1936 714 1987 uirtutis.
729 1937 793 1988 Unde
805 1941 851 1987 du·

46 2008 222 2074 'gostinusdieit
231 2009 254 2059 in
266 2009 305 2059 dib.
321 2009 356 2058 De
365 2009 425 2059 dono
434 2009 564 2074 eonjuepuli
578 2009 619 2074 (ut
632 2006 721 2072 sopri)
738 2023 744 2057 ε
760 2024 774 2055 u
788 2008 851 2058 Siout

51 2082 139 2131 honum
156 2083 204 2132 erat
218 2081 279 2144 quod
293 2081 378 2130 Martha
391 2081 489 2131 faciebat
502 2084 609 2144 oeoupata
627 2081 686 2130 eirea
699 2079 850 2130 ministerium

51 2158 182 2205 sauctorum
191 2188 199 2217 ,
215 2154 254 2204 sed
271 2152 351 2202 melius
361 2154 421 2216 quod
436 2153 518 2214 diaria,
534 2153 630 2202 audiens
645 2153 738 2202 rubum
749 2152 803 2210 Dei3
818 2151 851 2201 ita

52 2227 122 2277 etiam
133 2226 216 2279 bonurn
226 2225 334 2275 Somnum
347 2225 370 2274 in
379 2225 484 2276 castitate
496 2223 610 2288 coniugati
627 2223 758 2285 laudamus3
769 2224 809 2273 sed
818 2227 852 2272 ta·

53 2311 106 2350 meu
119 2295 141 2346 ei
153 2295 239 2346 bonum
253 2295 327 2348 vidum
337 2297 407 2346 dune
423 2298 459 2360 (ne
471 2295 542 2346 muitd
557 2295 628 2359 magis
642 2293 851 2358 diariuiiirginis)

53 2366 221 2431 anteponimus.
234 2385 247 2414 n

85 2441 119 2491 dd
137 2439 261 2490 menradum
288 2439 421 2502 dicendum,
444 2439 504 2502 uudd
528 2438 588 2489 sieut
612 2436 681 2502 supra
706 2436 792 2486 dietum
817 2442 854 2487 est
953 2442 956 2471 ¹

55 2513 106 2578 (qu.
122 2514 184 2570 itt,
202 2514 243 2561 art.
259 2516 288 2573 Ξ,
302 2511 329 2560 ad
344 2511 386 2576 Ξ),
401 2512 499 2561 medinm
514 2509 601 2560 uirtuds
615 2521 660 2558 non
675 2508 800 2559 attenditur
812 2516 853 2558 s'e-
952 2506 955 2527 ¹

52 2582 151 2634 oundiun
171 2583 331 2646 quantitatem,
354 2585 393 2632 sed
414 2582 538 2632 seurundium
557 2580 622 2645 quod·
644 2579 751 2630 oonreuit
772 2579 855 2629 rationi
952 2592 954 2615 ἢ

53 2659 121 2706 restas
137 2670 142 2702 :
158 2656 181 2704 et
197 2653 248 2703 ideo
267 2653 404 2704 abrandaniia
425 2653 580 2705 detestationis
593 2665 644 2715 quae
657 2655 692 2702 est
708 2651 732 2700 in
749 2654 799 2700 artu
814 2642 876 2700 ue·x

54 2740 124 2786 nereo
138 2723 260 2776 seeundum
282 2725 392 2777 rationem
411 2725 529 2784 ordinato,
545 2736 592 2774 non
611 2722 759 2773 contrariatur
779 2721 854 2771 medio
951 2710 953 2717 ’

54 2797 155 2848 virtutis.
165 2797 195 2846 Et
203 2800 322 2860 praeterea,
333 2796 361 2844 nd
371 2795 478 2846 virtutem
488 2809 535 2846 non
544 2793 643 2858 pertinet
652 2799 763 2856 quantum
772 2807 854 2843 sensus

54 2869 154 2922 exterior
167 2868 290 2918 delectetur
293 2903 303 2931 ‚
317 2867 378 2932 qued
391 2868 537 2932 consequitur
549 2865 653 2932 eorporis
666 2866 853 2932 dispositionem
