1934 3284
335 209 366 247 nn
380 208 557 253 mmmm.
798 206 845 255 tel

50 284 83 337 ita
92 287 128 337 cst
136 283 288 349 temperantia
294 285 353 340 circa
362 286 558 351 oonmpiscentias
568 292 593 339 st
604 290 776 357 delectationes,
784 292 848 345 sicut

50 356 156 408 fortitudo
174 360 210 410 est
226 356 287 411 circa
298 357 393 409 timores
411 364 435 409 et
451 360 565 411 audacias.
577 360 694 413 Fortitudo
714 366 790 415 autem
812 366 848 417 est

50 428 109 480 circa
118 428 210 480 timores
218 432 243 478 et
251 428 357 480 audacias
365 435 471 495 respectu
479 431 627 482 maximorum
639 434 757 498 malomm‚
767 434 848 499 quius

48 502 99 565 ipsa
112 503 191 549 natura
205 501 364 564 extinguitur,
378 515 430 566 quae
447 506 501 553 sunt
513 504 613 566 pericula
626 506 705 559 mortis
722 522 728 556 :
742 508 802 558 unde
817 506 849 557 si·

48 574 132 623 militer
140 571 289 637 temperantia
297 576 387 637 oportet
393 573 454 637 qued
461 574 492 625 sit
501 574 561 625 circa
568 576 767 639 concupiscentias
776 576 850 629 maxi·

47 657 137 696 marum
153 643 337 694 delectationum.
354 646 451 708 litania
468 646 587 700 delectatio
600 648 746 711 consequitur
764 662 850 713 opera-

47 717 135 768 tionem
155 716 339 780 connaturalem,
354 716 418 769 tantd
431 716 513 781 aliqua
530 717 691 769 delectationes
708 724 762 771 sunt
779 723 850 773 uene·

46 790 182 853 mentiones,
199 789 283 854 quanto
297 794 467 854 consequuntur
479 792 625 855 operationes
636 793 710 855 magis
725 796 848 847 naturales.

46 860 147 915 llaximd
164 863 240 925 autem
255 862 371 914 naturales
387 861 524 913 animalibus
541 866 596 915 sunt
611 863 755 927 operationes
768 866 850 929 ombus

46 937 199 988 conservatur
220 936 301 983 natura
315 932 428 983 individui
444 946 487 999 per
500 934 575 983 cibum
589 936 612 985 et
628 938 722 999 potum,
737 942 760 987 et
771 940 851 990 nature

44 1005 133 1073 speciei
151 1017 194 1069 per
207 1003 392 1069 conjunctionem
404 1005 475 1056 maris
487 1010 510 1057 et
522 1005 622 1057 foeminae
633 1021 639 1057 ι
649 1009 673 1056 et
681 1005 733 1057 ideo
741 1006 800 1058 circa
810 1010 848 1059 de·
878 1016 885 1037 ⁸

44 1077 183 1131 lectationes
201 1075 302 1127 ciborum
321 1079 345 1127 et
360 1080 470 1140 potuum,
488 1080 512 1128 et
525 1078 583 1129 circa
599 1076 759 1129 delectationes
778 1092 848 1130 veno-

45 1152 204 1211 reorum,eet
224 1147 316 1213 proprie
338 1148 495 1211 temperantia.
513 1148 646 1213 llujuamodi
665 1152 740 1199 autem
752 1150 849 1201 delecta·
908 1156 912 1163 '

45 1222 123 1274 tiones
145 1223 317 1284 consequuntur
338 1233 431 1271 sensum
452 1221 526 1272 motis
541 1237 547 1271 :
561 1220 620 1272 unde
639 1220 773 1285 relinquitur
791 1222 852 1286 qued

46 1291 202 1357 temperantia
214 1291 247 1342 sit
259 1291 321 1341 circa
334 1292 496 1344 delectationes
508 1291 592 1345 actus.

78 1365 114 1417 nd
125 1363 228 1428 primum
239 1376 291 1427 ergo
300 1362 429 1424 dicendum,
439 1364 500 1427 quod
510 1364 651 1428 Augustinus
662 1362 789 1415 ibividetur
796 1365 853 1419 acci·

46 1450 102 1503 pere
121 1434 297 1499 temperantiam
318 1448 365 1485 non
379 1434 505 1486 secundirm
522 1434 582 1498 quod
601 1438 637 1485 est
657 1434 764 1499 specialis
780 1437 853 1488 virtus

45 1510 137 1561 habens
150 1506 325 1561 determinatum
337 1506 468 1569 materiam,
484 1506 526 1557 sed
540 1506 664 1557 secundum
683 1506 743 1569 quod
761 1508 790 1558 ad
803 1520 853 1561 eam

46 1579 151 1645 pertinet
163 1577 287 1628 moderatio
305 1577 402 1629 rationis
413 1577 439 1627 iu
449 1590 592 1641 quacumque
607 1577 715 1642 materiu3
725 1580 784 1641 quod
797 1592 855 1642 pen-

45 1653 106 1703 tinet
123 1649 153 1701 ad
167 1649 299 1713 generalem
318 1649 470 1701 conditionem
483 1648 584 1701 uirtutis.
602 1649 710 1708 Quamvis
726 1650 796 1701 etiam
810 1649 856 1701 dici
873 1708 879 1715 ¹
897 1667 901 1673 ¹

44 1722 123 1790 possit
135 1719 199 1785 qudd
217 1719 256 1770 ille
270 1719 309 1784 qui
324 1723 401 1785 potest
418 1720 539 1773 relrcuare
555 1718 665 1770 maximas
685 1720 854 1783 delectationes,

46 1793 121 1845 multo
135 1792 207 1843 etiam
225 1790 297 1855 magis
308 1794 384 1857 potest
396 1791 518 1843 refrenare
532 1791 631 1841 minores
642 1791 812 1843 delectationes.
825 1792 854 1841 lit

45 1867 101 1918 ideo
117 1864 148 1915 ad
159 1863 334 1928 temperantiam
345 1862 502 1927 principaliter
515 1862 606 1926 quidem
616 1865 639 1912 et
650 1862 741 1928 proprid
754 1864 854 1928 pertinet

46 1935 165 1994 moderari
189 1934 388 1999 concupiscentias
415 1934 588 1985 delectationum
611 1934 702 1999 motuis,
723 1933 856 1986 secundarit

46 2012 129 2060 autem
142 2007 201 2058 alias
212 2006 418 2070 concupiscentias.

79 2080 116 2131 nd
130 2078 258 2130 meandum
272 2078 406 2140 dicendum,
418 2077 478 2142 quod
489 2076 641 2141 Philosophus
654 2076 686 2126 iti
696 2077 765 2128 refert
773 2072 856 2129 nomoin

47 2150 209 2216 temperantia
218 2150 247 2199 ad
261 2148 438 2199 moderationem
453 2148 592 2199 exteriorum
604 2161 691 2211 rerum,
704 2148 756 2198 dum
769 2148 856 2200 scilicet

46 2222 135 2287 aliquis
150 2220 226 2273 tendit
238 2220 265 2271 iu
279 2220 354 2283 aliqua
366 2219 410 2269 sibi
428 2220 623 2278 commensurata;
638 2232 684 2269 non
702 2224 776 2270 autem
789 2224 856 2284 prout

46 2294 151 2346 retertur
160 2293 190 2343 ad
205 2291 386 2343 moderationem
396 2290 542 2343 affectionum
551 2290 647 2354 anima,
658 2304 708 2354 quae
717 2290 815 2355 pertinet
829 2290 858 2341 ad

46 2364 338 2429 virtutemtemperantiae,

80 2439 118 2489 ild
131 2436 227 2489 tertium
241 2436 374 2499 dicendum,
394 2434 455 2499 quiid
465 2435 627 2487 delectationes
640 2433 735 2484 aliorum
750 2446 858 2488 sensuum

47 2512 157 2563 aliterue
169 2510 259 2561 natent
275 2507 448 2570 indemnibus,
463 2511 487 2564 ct
501 2507 565 2560 aliter
577 2508 602 2557 iu
616 2506 666 2557 aliis
677 2505 820 2557 animalibus.
830 2508 858 2558 ln

48 2584 103 2635 aliis
114 2582 181 2636 euim
194 2582 334 2636 animalibus
347 2593 375 2629 ex
385 2580 437 2631 aliis
449 2580 555 2631 sensibus
566 2593 613 2630 non
627 2581 746 2630 causantur
759 2578 856 2631 delecta-

48 2658 144 2721 tiones,
158 2654 207 2707 nisi
216 2654 243 2704 iu
255 2652 334 2703 ordine
350 2653 377 2702 ad
388 2651 506 2703 sensibilia
518 2656 604 2715 tactum
618 2651 677 2703 sieut
687 2652 723 2703 leo
733 2652 856 2703 delectatur

48 2731 138 2781 ridens
156 2740 252 2779 ceruum
265 2724 304 2775 vel
313 2724 409 2775 audiem
420 2736 501 2775 vocem
513 2723 576 2788 ejus,
588 2727 680 2787 propter
690 2722 775 2775 obum-
787 2724 858 2775 Homo
891 2747 896 2763 ·

50 2887 103 2943 cius
115 2888 211 2936 livamc
227 2861 325 2941 perinde
336 2863 417 2927 muron
430 2890 458 2925 ae
472 2879 493 2927 si
504 2890 558 2925 eum
572 2878 654 2927 luisset
663 2880 791 2939 allocutus,
806 2879 860 2938 quia

51 2962 95 3009 per
107 2951 190 3001 Evam
204 2946 230 2992 id
242 2943 359 3007 praestitit.
