1934 3284
172 185 205 224 mi
219 184 338 226 mim
351 183 531 228 nmium
540 186 568 228 nt
582 187 708 229 mm·
787 180 842 230 ddi

43 261 108 326 euius
119 261 210 314 rotatis
223 257 344 314 eardirialie
362 263 464 330 triplices
475 269 552 330 partes
563 278 615 317 esse
626 271 743 332 possunt,
756 267 843 320 soiliuet

42 333 176 398 intepretes
182 368 193 394 ,
205 335 348 396 redieritne
355 339 379 386 et
389 336 550 398 potentiales.
562 337 592 386 Et
600 338 706 389 dieantur
715 344 793 404 partes
804 340 841 391 iu·
856 395 859 400 .

41 403 138 466 terram
152 402 248 468 aiiuujus
263 405 353 456 uirtutis
369 406 512 458 conditiones
525 418 584 471 quas
596 421 691 459 neeesse
699 415 734 460 est
746 423 843 461 oenum·

41 487 89 525 rere
104 475 133 525 ad
142 476 267 527 virtutem:
280 480 304 527 et
312 476 436 528 seeundirm
449 479 493 528 true
506 480 618 530 suutduae
631 485 708 543 partes
721 481 843 546 integrales

40 546 212 612 temperantiae,
228 549 315 600 seilicet
336 549 502 608 marmaritim,
519 562 560 614 per
579 564 648 614 quam
662 552 747 616 niquis
759 553 844 618 reinpit

40 618 208 682 turpitudinem
221 621 377 684 ternperantim
391 620 543 686 contrariam
554 626 579 672 et
589 622 713 684 dommim,
723 637 842 688 perquam

40 689 131 740 seiiioet
145 689 228 754 niquis
241 692 506 756 amatpuiuhritudinem
519 693 685 757 temperantis.
696 695 769 757 Nam,
783 694 844 746 sieut

39 775 69 812 ex
78 761 147 812 dietis
155 765 218 826 patet
234 762 291 828 (qu.
304 767 362 826 its,
377 767 420 814 art.
430 768 459 826 Ξ,
474 765 502 814 ad
515 763 556 828 a),
567 763 682 829 praeripui
692 766 842 830 temperantia

39 834 102 884 inter
116 833 213 888 virtutes
227 835 329 887 vindieat
342 835 385 886 sibi
399 835 520 898 quemdam
533 836 646 892 decorem.
660 839 685 887 et
693 836 749 887 vitia
759 837 843 888 interu-

38 905 150 970 perautie
166 905 263 958 manime
281 906 443 971 turpitudinem
457 906 551 958 habent.
566 907 646 957 Partes
657 911 734 958 autem
749 908 841 972 subjee-

37 979 94 1028 tivae
109 976 208 1042 aienius
227 978 319 1029 virtutis
336 979 441 1029 dieantur
461 977 550 1044 speeies
573 977 634 1043 ejus.
654 979 751 1043 Oportet
766 983 843 1031 auteur

36 1049 195 1102 diversificare
210 1051 297 1115 speeies
310 1050 418 1102 vitutum
431 1050 557 1102 seenuddm
570 1051 728 1102 diversitatem
739 1052 841 1105 materiae

36 1123 77 1173 vel
96 1119 193 1185 obiecti.
207 1123 247 1172 Est
263 1125 339 1174 autem
353 1123 504 1188 temperantia
516 1121 574 1174 eirea
585 1122 748 1173 delectationes
758 1124 841 1188 tactis,

35 1203 91 1258 quae
113 1193 245 1244 diuiduntur
261 1195 286 1245 in
305 1195 349 1246 duo
367 1196 532 1258 generalium
545 1195 649 1259 paudum
666 1193 799 1245 ordinantur
814 1195 843 1246 ad

35 1266 226 1317 nutrimentum:
240 1267 299 1318 etin
315 1266 353 1317 his
365 1271 475 1331 quautam
488 1267 517 1316 ad
535 1267 611 1316 eibum
627 1269 663 1317 est
680 1265 840 1324 aerimantia,

33 1342 153 1405 quautam
161 1343 238 1390 autern
246 1339 275 1389 ad
285 1343 373 1404 potum,
382 1339 472 1405 proprid
480 1338 606 1388 sobrietas
614 1339 658 1401 (1).
671 1338 779 1398 Quodam
787 1338 843 1389 rerd

34 1411 177 1463 ordinantur
190 1409 273 1460 adsim
281 1411 438 1475 generativam
450 1411 524 1462 :etin
536 1410 575 1460 tris
584 1413 693 1474 quantum
705 1410 735 1460 ad
745 1411 843 1461 detesta-

33 1485 129 1535 tionem
141 1481 289 1547 principalem
300 1483 374 1548 ipsius
387 1482 460 1534 coitus
472 1487 509 1534 est
520 1483 638 1546 cortitum
648 1486 758 1547 quantum
767 1486 843 1534 autem

31 1557 64 1607 ad
75 1551 244 1606 delectationes
253 1554 428 1606 ameumstantes
439 1555 510 1620 (puta
519 1568 570 1620 quae
583 1558 637 1606 suut
650 1553 676 1604 in
686 1553 784 1618 usmis,
794 1557 843 1604 tae-

30 1629 104 1678 tibus
118 1629 144 1676 et
157 1625 328 1690 amplexibus),
342 1627 467 1678 attenditur
479 1627 616 1692 pudicitie.
631 1627 708 1678 Partes
717 1631 792 1677 eumn
803 1637 844 1692 po·

30 1697 150 1752 tentiales
168 1697 264 1760 alicujus
280 1697 371 1749 uirtutis
384 1698 517 1762 principalis
529 1698 636 1749 dicuutur
648 1696 745 1748 uirtutes
763 1709 845 1749 seeun-

29 1771 119 1833 darie,
132 1781 185 1832 que
197 1769 290 1820 modum
303 1783 372 1834 quem
386 1769 517 1834 prineipaiis
529 1771 602 1820 uirtus
615 1769 720 1821 observat
730 1769 789 1820 eirea
799 1769 842 1820 ali·

28 1856 109 1910 mam
125 1839 273 1914 prinuipalem
287 1841 418 1902 materiam,
430 1843 535 1892 eamdem
546 1840 842 1905 observantinquibusdam

28 1916 90 1968 aliis
103 1910 206 1962 materiis
218 1911 244 1961 iu
256 1911 339 1976 quibas
352 1923 398 1962 uon
409 1908 444 1962 est
454 1910 488 1962 ita
498 1911 599 1962 diiiieiie.
609 1912 712 1963 Pertinet
725 1915 802 1963 autem
812 1914 842 1964 ad

26 1983 219 2051 temperantiam
230 1983 341 2034 moderari
350 1983 512 2034 delectationes
517 1983 607 2046 metris,
615 1995 672 2046 quas
681 1983 840 2034 difficillimum

26 2065 71 2113 est
83 2054 201 2108 moderari
209 2070 216 2105 :
223 2055 284 2105 uude
293 2067 442 2118 quecumque
450 2055 523 2105 rinus
533 2054 711 2104 moderationem
721 2055 842 2118 quamdam

26 2133 150 2199 operatur
162 2126 185 2176 in
196 2128 271 2192 aliqua
281 2126 388 2188 materia,
398 2132 421 2177 et
432 2125 617 2178 refrenationem
627 2125 742 2190 appetitis
757 2125 782 2175 iu
797 2126 843 2175 ali·

24 2204 92 2272 quid
108 2199 242 2262 tendentis,
255 2198 310 2263 peni
322 2201 399 2262 potest
414 2211 468 2262 pars
480 2195 652 2261 temperantis,
663 2197 724 2247 sieut
739 2198 812 2248 virtus
821 2197 845 2248 ei

25 2275 72 2340 adj
77 2277 159 2324 aneta.
173 2271 237 2332 Quod
248 2270 340 2334 quidem
351 2268 463 2333 contingit
478 2269 596 2333 uipiieiter
611 2283 618 2318 t
633 2279 680 2319 uno
693 2269 760 2319 modo
773 2268 799 2318 iu
808 2267 846 2318 in·

24 2344 165 2401 terioribus
176 2342 273 2393 motibus
281 2339 368 2406 auimi;
383 2341 427 2392 aiio
439 2341 507 2393 modo
515 2340 541 2391 in
549 2339 701 2392 artemonibus
711 2340 812 2391 motibus
821 2345 847 2391 et

24 2418 130 2476 actibus
151 2413 267 2479 eorporis3
281 2412 350 2464 tertio
366 2413 433 2466 modo
454 2413 478 2464 in
498 2412 650 2465 exterioribus
668 2411 746 2462 rebus.
764 2413 848 2463 Preter

24 2492 132 2544 motum
149 2487 225 2535 autem
242 2483 449 2550 uoueupisoeutie,
465 2497 535 2550 quem
556 2485 685 2534 moderatur
701 2486 726 2534 et
742 2483 848 2535 reirunat

23 2607 104 2651 idem
119 2595 246 2642 indieatum
262 2601 313 2654 est,
327 2595 416 2640 eumin
432 2607 488 2642 suus
503 2595 576 2640 etium
589 2599 667 2654 partes
677 2594 803 2643 distributa
812 2599 850 2642 est

21 2660 151 2731 justitia,
166 2657 221 2704 lieet
229 2657 291 2715 priris
303 2654 340 2703 hio
353 2659 541 2716 pretermissum.

69 2729 109 2797 (1)
127 2733 158 2777 Ut
168 2729 299 2788 expressids
312 2729 380 2786 intra,
396 2741 436 2788 qu.
448 2728 507 2788 149,
517 2733 560 2774 ert.
575 2727 602 2787 1,
617 2728 775 2786 expendeturp
791 2741 849 2787 quo·

22 2796 114 2851 modo
124 2805 210 2850 nempe
224 2791 285 2838 unua
302 2797 383 2848 potum
397 2791 490 2849 proprid
500 2793 615 2837 sobrietas
629 2797 748 2853 versetur,
763 2795 803 2840 sed
817 2793 848 2838 ad

21 2865 87 2914 alia
106 2864 188 2904 tamen
208 2855 358 2900 communiori
377 2867 421 2900 usu
440 2854 480 2901 vet
496 2854 665 2912 siguidomiene
688 2856 849 2915 metaphorica

18 2921 195 2982 extendatur,
208 2916 261 2966 eim
274 2917 308 2966 tm
317 2929 346 2966 er
358 2917 464 2980 prodesse
477 2918 606 2978 expiretur
616 2918 721 2977 missit.

710 3014 754 3067 di*
