1934 3284
336 199 367 235 nn
384 194 529 236 nnvomorn.
548 175 553 179 ’
805 194 834 239 27

37 275 109 326 nodum
119 277 248 342 cuiusdam
260 273 454 325 manuductionis
462 272 559 324 maxime
569 274 713 328 demtionem
726 277 833 343 ordiam,

35 346 74 395 cin
85 351 162 398 tamen
180 346 279 399 devotio
294 344 454 411 principaliter
465 344 526 395 circa
538 359 566 396 ea
577 359 628 411 qna
645 350 698 398 sunt
708 345 835 402 diuinitatis

35 420 138 470 onear.

3 499 5 576 q
57 491 86 540 id
99 491 197 541 tertium
212 489 354 553 (iioendum¹
371 487 434 552 qnod
452 487 545 542 scientia
560 493 584 540 et
604 489 710 554 quicquid
726 491 787 542 atiud
807 493 836 547 ad

35 561 204 624 magnitudinem
226 561 348 625 pertinet,
366 558 458 610 occasio
477 564 513 610 est
531 559 591 624 quod
609 562 676 612 homo
693 561 791 612 contidat
809 563 837 614 de

33 631 113 694 seipso,
126 635 151 682 et
168 631 221 683 ideo
236 643 286 682 non
300 630 402 682 totaliter
420 643 446 680 se
461 629 507 681 iteo
523 633 603 682 tradat.
618 633 648 682 Et
663 631 715 683 inde
729 632 838 697 estquod

34 702 154 765 hujusmodi
164 704 306 767 quandoque
321 702 497 752 occasionaliter
506 702 652 757 devotionern
662 701 801 768 impediunt,
813 706 838 757 et

34 772 202 838 iusimpiicssous
213 776 241 824 et
252 770 390 823 mulieribus
406 772 497 824 devotio
504 773 623 835 ‘abundat
637 774 758 825 elationem
771 787 837 824 com-

35 843 152 904 primendo.
171 844 198 894 Si
211 848 292 896 tamen
308 842 432 894 scientiam
448 847 471 894 et
486 857 649 908 quamcumque
662 845 730 895 aliam
745 843 836 908 periec-

3 935 4 958 1
33 915 110 966 tionem
119 913 305 986 homopertectt
312 915 616 984 Deosubdat‚exhocipso
628 915 832 980 deuotio'auqetur.

324 1093 484 1147 sanctius
498 1096 536 1146 tv.

196 1222 287 1268 danim
297 1221 383 1269 laetitio
391 1220 424 1266 sit
434 1219 563 1267 devotionis
571 1221 671 1280 effectes.
736 1270 740 1283 ,

55 1347 88 1398 td
101 1351 213 1412 quartum
228 1346 264 1398 sic
277 1349 419 1413 proceditur.
434 1347 527 1398 Videtur
539 1347 600 1413 quod
614 1348 692 1401 letitie
701 1362 748 1400 nou
758 1349 789 1400 eit
798 1351 838 1403 de·

29 1419 122 1470 sotionis
134 1419 247 1470 effectus.
260 1419 318 1478 Quia
327 1457 337 1484 ,
346 1422 372 1470 ut
382 1418 468 1470 dictum
478 1421 528 1482 est,
539 1419 615 1484 passio
628 1419 713 1471 Christi
721 1420 836 1486 precipue

30 1491 210 1542 redemtionem
225 1489 322 1540 excitat.
338 1490 386 1544 Sed,
396 1503 426 1540 ex
439 1489 490 1553 ejus
499 1490 680 1547 consideratione
690 1493 837 1555 consequitur

32 1561 49 1608 iu
61 1562 135 1612 anima
146 1561 258 1626 quamdam
269 1558 382 1624 afflictio,
393 1560 517 1611 secundum
527 1561 582 1611 iilud
597 1561 698 1619 Thoen„
712 1563 742 1614 ΙΙΙ
753 1578 759 1612 z
770 1563 837 1614 aiic-

31 1635 114 1685 rordare
131 1631 282 1698 paupertatis
301 1645 374 1692 mem,
391 1630 499 1681 absinthii
513 1633 621 1694 attollis,
636 1649 650 1680 o
664 1635 724 1698 qood
739 1628 837 1699 pertinet

30 1704 52 1750 ad
64 1703 202 1766 passionem
211 1719 219 1766 ;
228 1705 256 1754 et
269 1705 352 1769 postea
369 1701 490 1753 scinditur:
505 1719 518 1749 a
527 1703 637 1755 itemorit
647 1717 735 1755 memor
748 1719 801 1770 ero,
814 1709 838 1756 et

30 1775 123 1825 tabescet
131 1775 157 1825 in
167 1787 209 1824 me
220 1773 300 1824 anima
315 1785 375 1824 mea.
386 1789 401 1820 n
415 1773 474 1836 Ergo
485 1773 602 1824 demuto
613 1774 661 1826 sim
671 1775 777 1839 gandium
791 1789 838 1828 non

30 1851 56 1893 est
69 1844 207 1897 deuotionis
221 1845 328 1896 effectus.

55 1923 75 1967 2.
90 1919 232 1982 Praeterea,
247 1917 340 1968 devoto
353 1915 469 1982 precipue
483 1917 587 1969 consistit
606 1918 632 1968 in
650 1917 753 1969 interiori
767 1920 837 1970 sacri-

31 1990 75 2040 ficio
90 1990 202 2055 spiritns.
216 1987 301 2038 sedin
313 1987 411 2038 Proteo.
422 1987 440 2036 L
451 1987 549 2038 dicitur:
560 2006 574 2038 a
583 1988 722 2042 Sacrificium
735 1991 780 2042 lico
791 1991 839 2054 spi-

27 2061 73 2110 itus
89 2060 276 2112 eontdbulatus.
286 2075 300 2106 n
313 2059 374 2122 Ergo
387 2056 478 2109 afflictio
487 2060 559 2124 magis
566 2064 601 2111 est
611 2061 839 2114 deuotionisetiectue

26 2147 85 2194 mam
97 2128 243 2198 jucunditas
254 2127 305 2180 sive
317 2128 435 2193 gaudium.
598 2153 602 2158 ι
673 2130 679 2144 ’

51 2211 72 2253 a.
87 2207 228 2264 Praeerea,
243 2199 367 2264 Gregorius
381 2199 499 2264 Npesenus
514 2201 570 2252 dicit
583 2202 609 2252 in
622 2202 663 2252 lib.
679 2201 717 2253 De
728 2201 836 2260 iamim,

26 2277 76 2336 quid
92 2293 109 2324 u
120 2277 185 2326 sinat
198 2272 263 2324 risus
274 2271 378 2336 procedit
390 2284 419 2321 ex
431 2271 527 2334 gaudio,
538 2273 570 2323 ita
579 2273 687 2337 lacrpmae
701 2275 726 2322 et
737 2273 837 2337 gemitus

25 2355 69 2396 out
82 2347 152 2412 signa
167 2343 284 2396 tristitiae.
298 2359 313 2391 o
329 2343 374 2394 Sed
389 2355 419 2393 ex
431 2343 550 2395 devotione
563 2344 678 2406 contingit
696 2343 756 2408 quod
768 2345 838 2410 aliqui

25 2423 169 2484 ··onrmpant
179 2417 209 2466 in
217 2416 343 2481 iacrymas.
357 2415 418 2480 Ergo
431 2413 509 2466 iaetitia
519 2415 558 2466 sel
572 2415 680 2480 gaudium
693 2420 787 2468 nonest
800 2417 839 2468 de·

25 2490 119 2541 notionis
134 2489 250 2540 effeetus.

49 2563 93 2613 Sed
107 2564 194 2612 contra
210 2559 267 2620 est,
282 2557 344 2622 quod
358 2553 383 2606 in
396 2555 505 2608 collecto
518 2556 600 2608 dicitur
617 2571 624 2606 a
645 2559 732 2617 «Quos
748 2557 838 2623 jejunia

25 2634 92 2683 sotira
106 2632 243 2695 castigant,
259 2627 312 2692 ipsa
329 2641 420 2692 quoque
435 2627 526 2678 devotio
537 2631 615 2678 sancta
627 2627 735 2680 latificet.
748 2647 763 2676 n

53 2705 226 2762 (Gonccusio.
240 2727 274 2737 -
287 2699 420 2764 Quanquam
435 2699 462 2748 ad
473 2699 617 2750 devotionem
631 2701 738 2764 gaudium
748 2704 771 2753 et
779 2701 838 2752 laeti-

25 2776 51 2822 zia
66 2775 142 2840 primo
154 2779 181 2826 et
199 2769 361 2838 principaliter
379 2783 406 2820 ac
423 2784 465 2834 per
481 2784 508 2823 se
521 2774 689 2834 consequatur,
705 2771 839 2822 secundario

26 2853 93 2897 tanen
102 2851 130 2898 ei
140 2859 184 2912 per
193 2843 306 2896 accidens
314 2841 435 2906 aliqnando
443 2840 518 2906 ipsam
527 2842 629 2905 sequitur
636 2840 849 2891 socundimlicum'

28 2921 122 2986 urenda,
133 2923 161 2972 ut
176 2931 210 2971 cx
226 2918 314 2968 nosne
331 2913 469 2966 infirmitatis
483 2912 665 2966 consideratione
679 2909 806 2977 procedit.)
