1934 3284
351 110 383 149 be
398 107 576 150 lessi'iffl·

357 293 520 346 remedius
535 294 573 346 lv.

174 419 260 464 Utrirm
268 418 301 463 ad
310 418 433 464 liberalem
446 419 549 465 mimi
557 419 675 476 pertineat
689 419 756 465 dare.

93 548 128 598 od
148 550 255 611 quartum
274 545 308 596 sie
324 544 452 609 proceditur
461 544 506 609 (l).
521 544 614 596 Videtur
630 545 689 608 qubd
703 545 731 596 ad
746 543 864 596 liberalem

63 633 109 670 uon
119 617 220 669 maxime
238 617 351 682 pertineat
360 617 420 667 dare.
439 614 574 668 Liberalitas
584 615 643 666 enim.
654 616 795 682 tprudeuiia
809 617 864 668 diri-

63 691 132 756 gitur,
141 690 203 739 sieut
215 692 240 740 et
250 688 357 752 quaelibet
365 689 409 738 elia
418 689 493 738 virtus
503 688 603 740 morulis.
614 687 656 738 Sed
668 688 766 740 maome
776 689 864 740 uidetur

8 758 9 801 ἶ
63 763 90 812 ad
104 761 252 826 prudentiam
269 759 397 824 pertinere,
409 759 500 811 diuitias
515 773 662 823 conservare3
677 759 774 810 undeet
789 759 867 810 Philu-

62 836 149 898 sophus
157 833 214 884 dieit
223 833 284 882 iulll
299 831 393 888 nette,
403 831 465 898 qubd
478 831 533 882 «illi
546 832 586 896 qui
600 843 646 880 nem
657 831 809 894 acquisierunt
819 845 865 894 pe-

64 905 169 967 cuniam,
189 905 230 954 sed
244 909 394 969 susceperunt
410 903 544 966 acquisitam
556 904 584 953 ab
599 903 664 965 aliis,
678 902 795 954 liberalite
814 915 865 952 eum

62 977 210 1041 expendunt,
226 974 279 1038 quia
294 979 350 1025 suut
373 974 486 1038 inexperti
501 974 644 1038 indigentiae.
661 990 676 1022 u
696 975 755 1037 Ergo
776 973 866 1024 uidetur

61 1049 124 1113 qubd
135 1049 190 1099 dare
205 1061 251 1098 nen
264 1047 362 1098 mummi
374 1047 488 1111 pertineat
501 1048 528 1098 ad
542 1047 667 1098 liberalem.

94 1125 119 1170 Ξ.
131 1121 258 1181 Praeterea,
275 1121 304 1168 de
320 1120 365 1170 hoe
384 1118 444 1183 quud
458 1119 540 1183 aliquis
554 1119 651 1170 maxime
664 1119 762 1170 intendit
772 1155 779 1183 ,
788 1119 865 1170 nutus

64 1192 176 1252 ementur,
191 1204 265 1254 neque
275 1191 305 1240 ab
314 1204 342 1241 eo
352 1195 436 1242 eessat.
447 1191 492 1242 Sed
506 1192 606 1242 liberalis
620 1192 754 1255 quandoque
763 1191 867 1242 tristatur

65 1265 92 1313 de
106 1263 142 1313 his
156 1277 207 1326 que
221 1263 299 1325 dedit;
315 1275 390 1326 neque
403 1261 472 1312 etiam
486 1263 524 1313 dat
538 1262 652 1325 omnibus,
666 1266 692 1312 ut
707 1261 790 1313 dieitur
803 1261 828 1312 iu
837 1263 866 1312 lll

8 1316 9 1361 l
65 1335 146 1384 nette.
161 1332 223 1396 Ergo
241 1335 270 1384 ad
283 1333 400 1384 liberalem
413 1347 460 1384 non
475 1333 573 1386 maxime
590 1333 690 1397 pertinet
703 1335 764 1384 dare.

7 2740 11 2767 l

98 1411 122 1456 3.
142 1407 267 1468 preterea,
281 1405 310 1455 ad
322 1405 379 1454 illud
394 1405 532 1470 implendum
547 1405 607 1468 quod
617 1405 668 1469 quis
680 1405 777 1458 manime
791 1405 869 1457 luten·

65 1479 114 1538 dit,
134 1479 203 1528 bomo
217 1476 288 1527 ulitur
301 1477 346 1526 viis
358 1477 441 1541 quibus
457 1480 541 1540 potest.
557 1477 603 1527 Sed
619 1494 632 1525 u
646 1476 745 1527 liberalis
764 1489 810 1527 uon
831 1480 869 1528 est

65 1549 185 1613 petitine,
195 1565 209 1596 n
219 1552 246 1598 ut
257 1548 409 1612 Philosophus
420 1548 474 1598 dieit
484 1549 509 1600 in
518 1550 546 1598 lll
557 1550 639 1598 Ettr'e.
655 1549 698 1613 (ut
707 1547 789 1612 euprtl
801 1548 868 1610 ‚edm

64 1635 108 1685 per
119 1623 164 1672 hoe
180 1624 259 1685 posset
277 1620 319 1670 sibi
332 1633 458 1685 preparare
475 1619 673 1672 facultatem-aliis
685 1621 793 1672 deuaudi.
809 1621 867 1684 linge

66 1693 157 1744 ridetur
166 1691 228 1756 qudd
238 1704 285 1742 nou
294 1690 393 1741 maxime
403 1691 508 1742 intendat
521 1693 548 1742 ad
561 1691 671 1742 dandum.

96 1768 120 1816 t.
141 1765 270 1825 Preterea,
287 1762 360 1833 magis
372 1765 441 1813 bomo
454 1763 567 1826 obligetur
578 1763 606 1814 ad
619 1764 663 1814 boe
676 1761 734 1828 qubd
749 1760 868 1826 provideat

65 1835 108 1885 sibi
117 1834 188 1898 quim
197 1832 255 1884 aliis.
269 1834 313 1884 Sed
322 1835 472 1897 expendendo
486 1834 586 1898 aliquid,
601 1833 705 1898 providet
718 1832 761 1882 sibi
769 1833 867 1896 „dando

64 1913 140 1958 autem
150 1906 258 1971 providet
269 1905 330 1968 aliis.
338 1907 397 1970 urge
407 1906 437 1956 ad
450 1906 567 1956 liberalem
581 1905 653 1970 magis
667 1903 768 1969 pertinet
781 1916 868 1968 expeu-

64 1979 117 2030 dere
131 1977 201 2044 qutrm
218 1978 280 2029 dare.

95 2051 142 2102 Sed
159 2053 239 2100 eontra
252 2054 305 2111 est,
323 2049 384 2112 quod
401 2048 556 2115 Philosophus
573 2047 627 2096 dieit
640 2047 663 2096 iu
680 2047 709 2096 lll
723 2047 807 2098 liidie.
825 2049 868 2111 (ut

64 2121 166 2188 supet),
182 2119 244 2186 qubd
258 2138 272 2167 (ι
281 2120 380 2170 liberulis
394 2124 429 2170 est
438 2119 620 2184 superabundare
634 2117 658 2168 iu
669 2119 795 2170 datione.»

95 2195 256 2261 (Cuucnusiu.
271 2219 302 2230 -
317 2194 350 2242 ud
366 2192 483 2242 liberalem
496 2189 594 2242 manime
612 2191 713 2256 pertinet
733 2192 786 2242 dare
797 2227 804 2254 ‚
816 2188 868 2242 edm

63 2268 107 2318 hoe
122 2265 246 2330 perfectius
263 2265 294 2315 sit
313 2263 380 2328 quim
399 2263 514 2328 aeeipere,
531 2263 568 2314 uel
586 2262 646 2314 eirea
661 2262 761 2328 seipsum
779 2275 868 2327 expen-

66 2337 141 2398 dere.)

94 2407 233 2473 despondeo
251 2407 385 2469 dicendum,
397 2404 458 2470 qudd
471 2406 587 2472 proprium
603 2410 639 2456 est
657 2405 756 2457 liberalis
773 2405 807 2456 uti
821 2417 870 2470 pe-

64 2479 142 2530 cuuit.
154 2479 215 2529 Usus
226 2481 303 2528 autem
317 2478 419 2542 peeumae
436 2478 509 2528 estin
523 2477 643 2528 emissione
659 2476 748 2542 ipsius;
765 2490 817 2527 nam
832 2489 869 2526 ae·

64 2550 157 2616 quisitie
174 2549 278 2614 pecunie
298 2549 379 2613 magis·
392 2549 529 2600 assimilatur
551 2547 693 2613 generationi
714 2549 781 2612 qutm
801 2549 867 2612 usui3
958 2543 959 2551 ’

67 2622 170 2674 custodia
191 2619 247 2671 verb
262 2622 368 2686 pecunie
387 2622 538 2685 inquantum
557 2621 674 2672 ordinatur
687 2621 715 2670 ad
736 2621 870 2689 laeultatem

98 2778 131 2838 (lt
145 2775 385 2833 hahthoreimund,
400 2789 441 2834 qu.
452 2774 507 2833 11⁹,
517 2781 560 2825 art.
573 2775 601 2838 1,
615 2776 644 2823 ad
658 2776 710 2822 tet
719 2775 747 2831 ὃς
766 2781 791 2822 et
800 2787 871 2834 super

67 2843 99 2894 IV
111 2841 208 2890 bitte..
221 2839 288 2900 leet,
303 2840 350 2886 eol.
360 2838 385 2884 3.
