1934 3284
315 181 346 218 nra
361 173 566 221 unsnanrmrrsnu.
796 173 842 220 505

49 265 105 303 mum
115 253 231 319 pertinet,
246 268 275 306 ea
287 270 338 320 quae
355 258 460 308 videntur
472 258 568 321 acerba,
582 259 614 311 ita
628 258 703 322 ierne,
718 263 743 310 ut
758 258 842 309 nihilh

47 330 102 377 statu
117 331 204 378 naturae
220 328 334 390 discedat,
348 330 406 381 nihil
420 330 433 380 h
446 331 557 394 dignitate
570 333 686 397 sapientis.
703 349 717 379 n
733 334 762 383 Et
780 332 843 382 hris-

48 398 124 448 toteles
138 399 193 449 dicit
202 399 274 449 inlll.
293 401 379 452 Ettie.
391 402 400 467 l
410 404 537 468 utsupra),
547 402 607 467 qarbu
625 404 805 468 «magnanimus
817 403 844 453 iu

46 468 173 519 infortuniis
189 475 284 521 nonest
299 472 382 525 tristis.
397 491 411 521 n
428 474 473 524 Sed
487 475 568 525 acerba
587 478 610 526 et
631 475 756 529 iulouunia
768 486 840 539 oppo-

46 543 129 592 nuntur
142 540 210 592 bonis
220 541 315 595 fortune
330 544 524 607 :quilibetautcm
534 542 635 596 tristatur
649 547 677 597 du
686 546 839 597 subtractione

45 624 120 661 eorum
134 612 218 676 quibus
228 614 330 678 juratur.
347 618 406 681 Ergo
423 616 536 667 exteriora
547 616 608 668 bona
621 616 716 669 fortune
728 631 774 669 non
786 630 842 669 con-

44 682 119 732 terunt
132 684 160 734 ad
173 685 392 748 magnanimitatem.

72 754 118 805 Sed
133 760 210 805 contra
218 760 262 820 est,
276 758 336 822 quod
345 758 497 824 Philosophus
511 760 565 811 dicit
575 759 599 810 in
609 760 640 810 IV
651 760 732 812 Erite.
748 761 792 827 (nt
802 774 842 813 su-

43 825 82 888 pri
92 828 115 890 t,
129 827 190 891 qubd
205 825 292 880 «bona
303 830 401 883 fortune
417 832 525 883 ridentur
536 832 638 883 conterre
652 833 679 882 ad
690 832 842 897 magnanimi·

43 901 121 948 tatem
133 914 148 946 n
230 919 233 927 ·
364 919 366 922 ’
545 904 546 911 ’
560 922 562 933 ¹

75 971 275 1035 (Concessio-
285 974 390 1026 Fortuna
402 974 462 1027 bona
471 975 539 1041 quim
550 976 647 1027 maximi
659 978 741 1042 jurant
754 976 783 1027 ad
796 976 843 1030 rir-

42 1047 113 1093 tutem
123 1044 327 1108 magnanimitatis.
337 1045 344 1108 l

70 1115 207 1179 Respondes
234 1117 367 1181 dicendum,
389 1115 450 1183 qnod
469 1118 530 1169 sicut
550 1128 590 1171 ex‘
602 1119 670 1184 supra
690 1120 755 1171 dictis
780 1123 845 1184 patet

44 1185 104 1250 (art.
122 1187 136 1236 l
148 1186 175 1250 )‚
186 1188 361 1251 magnanimitas
371 1192 401 1240 ad
412 1191 456 1241 duo
466 1191 574 1256 respicit,
586 1193 615 1244 ad
625 1193 734 1243 honorem
746 1192 840 1257 quidem

43 1257 97 1308 siem
110 1258 140 1309 ad
156 1260 286 1324 materiam3
301 1265 326 1312 et
342 1263 371 1312 ad
389 1262 475 1327 aliquid
492 1276 600 1327 magnum
616 1263 754 1329 operandum
764 1300 771 1328 ‚
783 1263 843 1315 sicut

46 1329 160 1381 adfinem.
178 1332 212 1382 td
228 1334 350 1397 utrumque
369 1338 444 1385 autem
461 1335 558 1385 istorum
577 1337 638 1387 bona
651 1336 746 1387 lortuuae
762 1348 843 1401 cnope

46 1404 138 1451 rantur:
154 1403 208 1466 quia
218 1403 281 1455 enim
294 1405 373 1457 ⁴honor
384 1404 494 1457 virtuosis
505 1418 552 1456 non
567 1406 640 1458 solium
657 1405 670 1458 h
686 1406 842 1473 sapientibus,

45 1472 82 1523 sed
95 1472 165 1524 etiam
176 1474 342 1527 hmnltitudine
356 1476 476 1527 exhibetur
492 1490 541 1541 qnae
556 1478 655 1530 maxims
667 1483 756 1545 reputat
765 1480 846 1545 hup'us·

44 1546 225 1597 rnodicsterioru
233 1547 292 1601 bona
302 1547 410 1616 tertuum,
420 1548 446 1597 iit
456 1563 485 1599 er
494 1551 641 1615 consequenti
651 1552 677 1600 ut
692 1552 720 1603 ab
730 1550 763 1603 eis
773 1552 847 1616 major

44 1618 113 1668 hortor
129 1618 264 1669 exhibeatur
278 1617 315 1667 his
329 1620 411 1682 quibus
429 1621 511 1672 adsunt
525 1622 637 1673 exteriora
656 1623 717 1673 bona
735 1623 841 1678 fortuuae.

42 1687 149 1739 Similiter
162 1690 231 1740 etiam
244 1690 273 1739 ad
286 1695 350 1740 actus
365 1691 482 1753 virtutum,
498 1692 602 1757 organici
617 1693 673 1757 (rel
682 1692 847 1745 instrumenta-

41 1759 108 1825 liter)
123 1762 185 1812 bona
199 1763 295 1812 tertuum
308 1763 453 1826 deservinut3
469 1764 523 1827 quia
536 1778 577 1829 per
587 1764 681 1815 *diuitias
695 1768 718 1816 et
728 1766 844 1829 potentias

42 1838 63 1883 ct
74 1832 163 1885 amicos
177 1836 244 1884 datur
256 1833 323 1884 nobis
336 1833 432 1885 incultas
449 1836 566 1899 operandi.
586 1836 616 1886 nt
628 1836 679 1888 ideo
699 1838 844 1891 manifestum

41 1909 73 1955 cst
86 1906 150 1970 subd
162 1906 222 1957 bona
238 1906 335 1956 fortunae
347 1907 467 1958 conterunt
477 1907 506 1957 ad
519 1908 741 1971 magnanimitatem.

68 1978 218 2043 ltprimum
230 1990 284 2041 ergo
298 1971 418 2029 dicendum
424 2016 434 2043 ‚
444 1978 505 2043 qubd
518 1980 592 2030 ¹uirtus
603 1980 646 2031 sibi
660 1980 776 2032 sufficiens
791 1992 844 2033 esse

41 2050 130 2115 dicitm,
138 2050 194 2115 qnia
205 2050 255 2101 sine
265 2049 304 2099 his
316 2050 386 2100 etiam
396 2046 545 2102 exterioribus
559 2050 626 2101 bouis
639 2064 689 2102 esse
701 2056 786 2117 potest.
800 2052 841 2102 ln·

42 2123 99 2187 diget
116 2126 198 2173 tamen
217 2120 255 2172 his
273 2121 423 2173 exterioribus
441 2121 508 2173 bouis
526 2122 615 2173 adhoc
633 2122 695 2186 quon
707 2120 842 2187 expeditihs
945 2142 947 2149 ,

41 2207 52 2243 o
104 2198 152 2244 tur.
521 2206 527 2217 ·

53 2208 105 2315 peArg
116 2264 243 2316 secundnm
258 2264 396 2326 dicendum,
412 2264 472 2330 qubd
486 2264 643 2328 magnanimus
658 2264 769 2317 exteriora
781 2264 840 2317 bona

42 2338 177 2399 mntemnit,
187 2336 332 2400 inquantum
346 2349 392 2387 nou
405 2339 495 2402 reputat
506 2350 532 2387 ca
544 2336 605 2387 bona
615 2350 696 2401 magna
706 2350 748 2402 pro
760 2336 843 2401 quibus

42 2408 213 2473 lebenaltpuio
222 2409 332 2459 indecens
342 2409 425 2459 iacere.
432 2409 483 2460 tlon
493 2411 569 2459 tamen
579 2412 688 2472 quantum
697 2409 724 2458 ad
733 2408 778 2457 hcc
788 2417 841 2459 con-

42 2482 120 2532 temnit
126 2493 165 2544 ea,
172 2478 228 2545 quin
238 2481 327 2545 reputet
336 2480 470 2531 cantiliaad
478 2494 536 2545 opus
545 2479 634 2531 rimulis
643 2480 810 2545 exequendum.

68 2554 102 2605 ad
116 2554 211 2603 tertium
227 2553 364 2617 dicendum,
379 2552 439 2617 quid
449 2553 586 2617 quicumque
597 2563 644 2602 nnn
655 2554 744 2615 reputat
758 2550 844 2617 aliquid

42 2636 161 2689 maguum,
173 2636 249 2689 neque
260 2621 356 2673 urolthm
374 2624 457 2688 gannim
470 2622 558 2673 siitind
570 2622 689 2686 obtineat,
701 2634 775 2687 neone
787 2623 846 2673 mul·

42 2694 88 2746 tim
110 2696 216 2747 tristatur
229 2694 250 2745 si
262 2694 318 2745 iilud
334 2694 432 2746 amimt.
448 2696 477 2744 Et
495 2693 548 2744 ideo
562 2693 614 2757 quia
628 2693 785 2758 magnanimus
801 2706 848 2746 uon

44 2768 137 2817 estimat
149 2766 264 2817 exteriora
280 2766 341 2817 bona
353 2765 460 2831 (scilicet
475 2765 536 2817 bona
548 2765 657 2821 fortunat
673 2766 739 2830 quasi
747 2778 846 2831 magua,

43 2836 92 2891 iude
102 2844 139 2891 est
149 2838 214 2903 prod
224 2850 268 2889 nec
280 2838 309 2889 de
319 2837 352 2888 eis
363 2836 462 2887 multdm
471 2835 619 2887 esmbitursi
629 2838 717 2902 adsint,
731 2850 805 2901 neque
819 2837 844 2887 iu

44 2920 120 2963 torum
129 2909 258 2962 misnens
270 2909 366 2961 mulbhm
381 2908 500 2974 dejicitur.

152 3025 179 3065 γ,
705 3010 737 3057 15
