1934 3284
139 214 185 262 etl
279 220 387 262 sncuuoa
405 220 534 272 suemus,
546 215 640 266 omissa.
657 220 686 272 c,
701 221 757 260 aar.
772 221 809 258 ur.

169 301 203 352 ld
214 299 307 350 tertium
320 299 452 360 lieentum,
467 296 528 360 mutet
540 295 579 348 ille
596 297 633 347 oui
647 296 791 348 oommittitur
812 295 946 361 spiritualis

137 374 246 438 potestus,
257 383 286 424 ex
300 370 376 422 olilcio
385 370 499 434 obligatur
505 369 533 418 all
544 383 610 419 nsum
621 367 743 434 potestatis
754 367 798 418 silui
810 369 947 420 commissae

137 444 162 495 in
178 443 327 508 spiritualium
341 441 526 506 dispensatione,
541 443 564 490 et
576 440 644 491 etiam
655 453 698 507 pro
715 453 756 490 sna
769 441 948 492 sustentatione

138 518 221 566 statuta
235 511 349 578 slipenlia
365 513 435 564 labet
448 525 477 563 ex
491 511 599 562 reditibus
613 511 726 562 ltmlesie.
740 512 770 560 ut
783 511 848 574 ileo,
865 511 885 562 si
900 513 949 562 ali-

139 585 193 648 uuit
203 585 315 650 acciperet
327 596 368 649 pro
378 597 421 635 usn
434 582 557 648 spiritualis
569 582 697 646 potestatis,
711 595 758 633 non
770 582 948 646 intelligeretur

139 658 214 710 tueare
227 667 308 722 operas
321 667 373 706 suas
387 667 443 720 quas
456 667 486 705 er
500 651 577 705 detrito
589 653 691 718 suseepti
701 652 772 704 officii
785 655 878 706 deberet
893 655 945 704 im·

140 729 254 794 pendere,
269 727 309 778 sed
329 726 492 790 intelligeretur
512 725 611 776 vendere
627 725 702 789 ipsum
718 724 842 788 spiritualis
862 727 946 790 gratiae

141 813 215 850 usum.
231 798 259 850 ltu
272 801 363 864 propter
372 799 431 861 hoe,
442 809 488 848 non
500 797 553 847 lieet
568 811 608 862 pro
618 803 760 861 quecumque
769 798 946 862 dispensatione

141 871 227 935 aliquid
238 871 354 936 incipere,
367 882 411 921 neo
425 869 494 920 etiam
507 882 549 933 pro
565 870 608 919 tuoe
621 867 683 932 quit
693 868 755 918 vices
771 881 824 918 snas
836 873 945 920 oommit·

140 947 200 1006 tant,
214 957 257 994 neo
270 944 338 996 eliam
352 955 393 1008 pro
409 942 453 993 hoo
470 940 531 1005 quot
544 941 645 991 subditos
659 953 713 990 suos
729 939 857 1004 corrigant,
875 941 916 992 uel
931 941 947 993 a

142 1016 275 1080 euulpendo
292 1013 486 1077 desistent31ioet
507 1017 584 1064 tamen
596 1015 620 1062 et
632 1011 732 1076 aoeipere
752 1014 945 1077 procurationes,

142 1089 232 1150 quanm
245 1085 347 1137 supultus
356 1081 461 1146 visitant,
476 1097 522 1134 non
532 1083 600 1148 quasi
613 1083 711 1148 pretium
724 1083 888 1147 correctionis,
902 1088 946 1136 sed

142 1161 209 1224 quasi
229 1159 330 1210 debitum
343 1155 488 1220 stipendium.
504 1155 545 1206 llle
558 1159 634 1206 autem
648 1155 688 1219 qni
703 1155 773 1205 lralet
787 1154 911 1206 seientiam
924 1165 948 1208 et

138 1243 188 1282 uon
209 1229 307 1293 suscepit
321 1240 372 1278 curu
391 1228 435 1276 hoc
450 1227 551 1279 offioium
568 1239 598 1277 en
612 1239 658 1291 quo
678 1226 787 1290 obligetur
806 1225 855 1277 aliis
875 1241 947 1278 usum

142 1299 244 1352 scientie
259 1299 402 1364 impendere,
420 1297 481 1350 licite
499 1301 575 1364 potest
595 1299 692 1362 pretium
708 1311 757 1348 sue
778 1297 891 1350 doctrinm
910 1300 947 1349 vel

56 1372 60 1378 '
141 1371 231 1423 consilii
243 1370 359 1435 accipere,
373 1382 419 1420 non
429 1369 626 1433 qnasiueritatem
639 1371 678 1423 aut
693 1367 813 1419 seientiam
829 1372 947 1431 reudens,

142 1443 183 1494 sed
197 1441 263 1506 quasi
275 1453 356 1504 operas
371 1452 425 1491 suas
436 1441 513 1492 locans
522 1457 529 1506 3
539 1440 561 1491 si
570 1445 647 1492 autern
659 1453 688 1490 ex
697 1439 774 1491 officio
784 1441 811 1490 ad
820 1441 865 1491 laon
874 1444 947 1492 tene-

142 1517 214 1576 retur,
226 1513 391 1576 intelligeretur
405 1512 480 1577 ipsam
499 1513 599 1564 ueniere
618 1514 753 1575 ueritatem,
768 1513 828 1562 uule
843 1515 948 1576 grauiter

142 1591 249 1651 peccaret
263 1601 269 1635 :
285 1585 343 1636 sieut
362 1588 426 1651 patet
447 1586 473 1637 in
492 1587 538 1638 illis
559 1587 599 1651 qui
618 1587 767 1637 instituuntur
786 1585 812 1634 in
829 1585 947 1650 aliquibus

143 1659 246 1711 eeclesiis
262 1660 290 1710 ad
300 1659 426 1710 docendum
440 1660 534 1710 clemens
543 1660 652 1710 Ecclesie
661 1662 685 1710 et
695 1658 751 1710 alios
765 1670 890 1723 pauperes,
905 1673 947 1724 pro

143 1744 189 1795 quo
206 1732 234 1782 ab
243 1729 346 1782 Ecclesia
358 1731 495 1782 beneficium
506 1731 635 1796 recipiunt;
649 1730 664 1780 a
676 1731 757 1794 quibus
776 1730 893 1801 nonlicet
913 1733 948 1782 eis

143 1803 229 1868 aliquid
242 1804 354 1868 recipere,
369 1815 413 1853 nee
428 1803 456 1852 ad
471 1804 515 1853 hoo
531 1802 592 1866 quod
607 1804 715 1864 luceant,
730 1811 773 1852 nee
783 1802 811 1851 al
828 1803 873 1853 lroe
884 1803 946 1868 quod

144 1875 217 1940 aliqua
231 1875 290 1926 testa
306 1875 390 1925 iaciant
403 1874 440 1924 uel
452 1874 634 1939 pretermittant.

108 1940 113 1953 ‘
175 1947 210 1998 al
226 1947 330 2010 quartum
342 1946 462 2012 dicentium
471 1984 479 2010 ,
492 1945 554 2010 quod
571 1958 612 2010 pro
628 1945 732 2008 ingressu
745 1945 881 1995 monasterii
900 1958 947 1995 non

145 2017 199 2070 lieet
207 2018 291 2081 aliquid
308 2017 399 2082 exigere
410 2017 447 2068 uel
456 2018 561 2082 accipere
571 2015 637 2080 quasi
645 2016 758 2080 pretium3
769 2015 822 2066 lieet
832 2015 946 2080 tamensi

147 2089 307 2143 monasterium
324 2089 354 2140 sit
367 2093 435 2140 tenue
448 2090 510 2153 quod
521 2101 567 2138 uon
581 2087 679 2137 sultieiat
693 2088 721 2136 ad
732 2090 767 2138 tot
775 2100 888 2151 personas
904 2102 947 2138 uu-

145 2163 258 2227 trienias,
276 2161 346 2226 priuis
364 2161 456 2224 quidem
472 2161 599 2224 ingressum
620 2159 752 2209 monasterii
770 2159 892 2223 exhibere,
908 2160 946 2209 sed

146 2235 248 2300 accipere
265 2233 349 2297 aliquid
361 2245 402 2296 pro
419 2232 479 2282 virtu
497 2243 599 2295 persone
614 2243 665 2294 que
681 2231 706 2280 in
722 2228 862 2282 monasterio
874 2229 945 2281 inerit

106 2339 111 2348 ·
144 2306 287 2370 recipienda,
300 2305 319 2354 si
333 2304 361 2354 ad
372 2304 415 2352 lroo
428 2314 474 2352 non
486 2301 599 2351 sufficiunt
613 2301 745 2352 monasterii
758 2314 821 2366 opes.v
833 2301 945 2352 Similiter

143 2377 213 2426 etiam
226 2376 368 2436 licitumst,
383 2374 403 2426 si
414 2375 507 2438 propter
516 2373 660 2425 devotionem
673 2387 741 2438 quam
755 2372 838 2437 aliquis
853 2375 882 2426 ad
892 2386 945 2423 mo-

144 2447 268 2497 nasterium
283 2446 394 2506 ostendit,
412 2447 484 2508 largus
498 2447 656 2512 eleemosynas
674 2445 779 2496 iaciendo
786 2483 795 2509 ,
807 2445 901 2496 iaeililus
918 2445 946 2494 iu

143 2518 281 2568 monasterio
294 2517 422 2583 recipiatur3
439 2516 497 2568 sieut
514 2518 583 2568 etiarn
595 2518 682 2571 linitum
700 2520 735 2568 est
753 2516 853 2580 aliquem
865 2517 879 2568 e
889 2529 945 2567 oon-

143 2601 211 2638 rerso
226 2601 348 2652 prouocare
361 2589 389 2638 ad
401 2589 544 2640 devotionem
558 2588 689 2639 monosterii
699 2601 741 2652 per
754 2587 888 2652 temporalia
906 2588 944 2637 be-

143 2659 239 2722 netieia,
253 2664 279 2708 ut
294 2671 325 2712 eu
339 2661 382 2711 lies
399 2660 519 2712 inclinetur
536 2661 564 2711 ad
581 2659 710 2710 monasterii
725 2659 873 2725 ingressum,
889 2657 944 2710 licit

144 2741 191 2780 uon
201 2729 231 2780 sit
244 2729 331 2780 linitum
341 2735 446 2794 exparte
460 2731 544 2795 aliquid
557 2732 610 2781 lare
620 2730 658 2780 vel
668 2730 769 2794 recipere
779 2743 822 2794 pru
835 2731 944 2796 ingressu

145 2800 287 2866 monasterii,
301 2801 430 2854 uthabetur
444 2804 468 2867 l,
481 2815 521 2868 qu.
533 2807 557 2867 a,
571 2815 622 2868 cap.
636 2802 718 2867 Qum
733 2803 788 2869 pio¹
