1934 3284
366 145 398 182 os
413 143 609 184 cicomacum.
845 136 890 184 titt

83 232 167 284 uque
175 219 372 284 accuudhmquod
383 223 487 284 aporiata
496 221 680 286 sedquaudoqua
693 221 749 272 daut
759 223 831 274 multa
844 222 890 276 iliis

82 305 148 356 quos
156 294 274 355 oporteret
287 305 398 356 pauperes
413 305 480 354 esse,
494 291 581 342 scilicet
592 291 742 346 histrionibus
752 297 776 344 ot
789 293 891 346 adolato-

81 364 161 425 ribus,
176 362 245 414 bouis
258 368 335 414 autem
349 363 408 414 aihil
420 363 484 414 daut.
496 381 509 410 u

115 437 154 486 Ad
174 435 269 494 &mum
291 435 427 498 dicendum,
450 435 513 500 quid
534 449 709 498 superexcessit
730 435 893 502 prodigalitatis

81 521 133 558 uon
152 507 288 561 diuiditur
303 508 459 572 principaliter
474 505 599 560 secuudbm
613 507 762 572 quantitatem
779 507 835 572 dati,
852 511 892 561 sed

82 578 164 642 magis
176 578 204 628 iu
219 582 327 641 quantum
343 578 434 632 excedit
447 578 472 629 id
483 579 544 642 quod
560 578 610 630 lieri
623 582 728 642 oportet3
742 581 804 630 uude
817 594 891 644 quau·

81 651 163 714 doque
174 649 276 701 liberalis
285 649 371 713 maiora
386 651 423 702 dat
435 650 504 714 quim
514 649 637 714 prodigos,
647 651 668 700 si
681 650 833 702 necessarium
849 652 891 703 sit.

82 721 123 771 su
137 734 195 784 ergo
206 720 370 772 duranum
383 721 443 786 quor
456 720 540 786 itiqui
552 720 678 772 onericus
690 707 891 784 remansimus-

82 797 138 845 tum
155 792 235 843 omnia
251 806 292 843 sua
306 793 377 855 daut,
396 798 420 844 et
438 794 467 843 ab
480 793 556 844 auimo
570 807 611 844 suo
625 806 716 844 omnem
733 793 891 858 temporalium

82 865 268 917 sollicitudiuem
278 869 412 929 romoreut,
423 879 470 916 nou
479 868 535 918 suut
546 864 651 928 prodigi,
665 865 704 915 sed
716 865 817 930 perlecti
830 865 891 918 llbe-
913 901 918 919 ,

81 937 157 988 rales.

383 1043 543 1094 timebitis
558 1043 596 1093 til.

115 1173 209 1218 lltra'em
221 1171 379 1228 prodtppetttus
391 1171 424 1214 ait
432 1171 531 1227 gravius
540 1173 660 1227 macutum
669 1171 742 1228 patim
750 1171 863 1242 wamtig.

117 1300 156 1351 hd
164 1297 257 1350 tortium
266 1298 301 1348 sic
312 1296 451 1360 proceditur.
458 1296 552 1346 Videtur
560 1295 621 1360 qu'od
635 1296 782 1362 prodigalitas
795 1298 826 1348 sit
840 1311 893 1360 gia·

85 1370 141 1422 rius
150 1372 271 1434 peccatum
284 1368 353 1432 quim
365 1368 472 1418 auaritia.
481 1367 526 1418 Par
535 1367 653 1418 auaritiam
662 1368 724 1420 euim
733 1369 816 1434 aliquis
826 1374 892 1422 uocet

85 1442 208 1506 proximo,
223 1441 260 1492 cui
273 1441 333 1493 boua
350 1453 392 1492 sua
407 1454 455 1490 uou
472 1429 641 1500 communicat,
656 1452 698 1502 per
712 1440 893 1504 prodigalitatem

84 1512 230 1576 salemonis
241 1512 339 1576 sibiipsi
352 1516 436 1574 noeot3
446 1510 502 1562 dicit
511 1510 573 1561 euim
583 1511 743 1575 Philosophus,
756 1512 786 1561 iv
795 1512 890 1572 Etim,

84 1586 151 1650 quio
167 1584 305 1648 «corruptio
314 1583 444 1634 divitiarum
454 1576 498 1647 ‘per
508 1584 643 1645 quashomo
654 1583 726 1644 vivit,
740 1586 777 1634 aet
787 1575 891 1648 quadam

83 1655 164 1721 ipsius
180 1667 233 1708 esse
247 1656 344 1720 perditio
359 1653 540 1716 (liutharius
555 1657 631 1705 autem
644 1657 725 1718 peccat
738 1653 778 1718 qui
792 1654 892 1719 sibiipsi
953 1655 954 1664 ¹

85 1726 305 1788 norhumbrorum
318 1727 374 1778 iliud
386 1725 491 1782 Euclea„
502 1726 552 1776 xiv
569 1741 576 1776 a
590 1743 604 1774 o
621 1725 665 1784 Qui
678 1725 722 1776 sibi
733 1739 832 1790 nequam
845 1729 890 1785 cst,

86 1800 126 1850 coi
137 1801 215 1850 boum
224 1797 285 1850 criti
294 1813 308 1846 e
317 1799 378 1862 lirgo
387 1796 534 1862 prodigalitas
545 1800 581 1848 cst
591 1795 682 1860 grauius
695 1800 812 1860 peccatum
824 1796 891 1861 quim

86 1870 195 1922 avaritia.
373 1919 376 1923 .

119 1947 145 1992 a.
154 1943 279 2002 Prummu,
289 1939 486 2004 inordinatorum
496 1939 602 2004 provenit
610 1953 662 1990 cum
675 1938 749 2003 atioua
763 1938 892 1990 conditione

86 2013 214 2075 laudabili,
230 2011 306 2063 minis
324 2015 360 2062 est
377 2010 465 2062 vitioso.
480 2012 527 2062 sad
548 2009 684 2062 inordinatio
698 2009 797 2062 avaritie
815 2023 893 2074 quau-

88 2085 164 2150 doque
174 2089 211 2135 est
223 2097 277 2134 cum
290 2082 366 2146 Qua
379 2081 486 2134 laudabili
500 2081 642 2146 conditione,
655 2087 681 2132 ut
691 2081 787 2146 patetis
797 2081 842 2132 illis
852 2082 892 2146 quui

88 2157 171 2208 uolunt
183 2168 226 2206 sua
237 2155 376 2219 expendere,
389 2167 420 2204 ue
429 2157 539 2217 cogantur
550 2153 624 2204 alicua
633 2152 746 2217 accipere.
762 2153 891 2217 prodigali-

88 2228 230 2278 tatis-autem
241 2222 378 2281 inordinatio
389 2225 497 2290 prorepit
514 2237 566 2276 cum
584 2221 715 2276 conditore
728 2223 890 2288 vituperabili;

89 2299 150 2350 uude
163 2301 187 2351 et
197 2297 379 2362 prodigalitatem
390 2295 536 2347 attribuimus
546 2294 704 2360 intemperatis
713 2294 853 2357 homiuibus,
866 2299 892 2346 ut

89 2369 242 2434 Philosophus
255 2367 310 2418 dicit
321 2367 345 2416 iu
359 2368 389 2416 iti
404 2367 488 2418 liiiio.
505 2369 549 2432 (ut
564 2365 656 2430 suprlt.
673 2367 734 2430 Ergo
747 2364 892 2431 prodigalitas

89 2447 125 2492 est
140 2440 233 2505 parius
247 2441 366 2502 peccatum
382 2437 451 2503 quim
464 2437 569 2490 avaritia.

122 2602 154 2666 (l)
169 2607 241 2651 tuxtu
252 2613 353 2660 mm
365 2606 406 2652 τοῦ
420 2600 440 2651 ii
452 2640 459 2664 ‚
474 2607 501 2648 ut
516 2603 616 2648 habetur
630 2611 683 2660 cap.
699 2601 726 2660 d,
747 2602 817 2662 parib
832 2597 892 2660 'pust

90 2675 240 2750 principium,
252 2671 478 2753 ubilsddtturgqubd
493 2673 717 2796 {gemmatam}
717 2675 765 2782 31&
781 2675 891 2786 mtto
949 2757 954 2766 Μ

92 2727 516 2917 {mufflwagffiusff
525 2805 628 2866 seipsum
638 2769 706 2867 pa’rtt,
717 2811 758 2857 aut
766 2806 790 2856 iai
798 2755 891 2856 tulnairi

94 2882 111 2927 o,
133 2883 259 2928 permotam
270 2883 306 2919 sur
341 2883 355 2918 u
372 2882 379 2915 r
392 2902 398 2914 .
