1934 3284
128 185 172 234 ott
249 193 357 232 sueonos
374 191 504 242 suenrus,
520 191 614 239 num.
630 192 691 242 mn,
708 192 766 230 mr,
784 191 823 230 tv.

161 277 182 321 3.
198 271 328 332 Praeteroa,
345 271 428 320 honum
446 283 565 320 commuue
579 270 655 334 potius
666 273 703 318 εει
713 269 778 319 bono
790 267 898 333 primm
910 273 933 317 ut

127 349 189 410 patet
202 359 241 409 per
257 344 417 408 Philosophum
435 344 458 392 in
474 345 493 393 l.
508 344 590 392 Ethr'c.
605 341 648 405 (l).
664 341 708 391 Sed
720 341 861 404 conjugium
873 342 931 392 orili-

127 422 194 466 natur
206 417 232 464 arl
249 416 331 464 houuru
344 428 473 465 commune.
490 415 548 464 llicit
561 414 621 464 onim
636 412 779 473 Augustinus
793 414 820 462 in
832 414 893 463 lihro
905 416 935 461 lle

128 489 188 538 hono
200 487 328 552 consupuli
344 489 411 551 (cap.
424 491 468 549 16)
486 504 518 536 :u
529 488 591 546 Quod
605 490 640 536 εει
655 485 719 535 cibus
733 486 763 534 ari
778 487 881 536 salntem
897 489 934 535 ho-

128 559 209 619 minis,
224 561 267 608 hou
280 564 317 609 εει
334 559 467 609 norrunhitus
482 560 509 608 ad
523 560 619 609 salutern
632 556 728 606 humaui
742 558 851 619 generis.
863 575 878 603 n
889 559 934 606 Vir·

128 629 211 694 pinitus
226 636 299 680 autem
314 630 429 680 ordinatur
442 630 470 680 ad
484 632 568 680 bonurn
584 629 697 692 speciale,
717 632 742 676 ut
758 628 853 678 srilioot
866 629 935 678 vitent

128 702 295 751 trihulatioaeru
310 701 398 762 rantis,
409 715 475 763 quum
486 701 600 751 sustinent
610 699 727 760 conjugati
738 699 789 762 (tt,
799 701 866 751 sicut
877 704 935 763 putot

129 787 170 838 per
182 773 311 837 Apostolum
322 775 342 822 l.
354 773 390 822 nd
400 773 471 830 Cor„
482 773 531 822 l'll.
544 773 603 836 Ergo
618 771 739 834 uirginitas
750 784 799 821 uon
815 778 855 822 est
867 772 936 837 potior

130 845 266 896 rontinentil
282 844 404 907 conjugali.

161 917 203 966 Sed
215 921 292 966 contra
304 920 353 974 est,
365 914 424 978 quod
436 913 490 964 dicit
500 914 638 977 Augustinus
648 913 672 963 iu
683 913 724 962 lih.
735 914 936 978 Deuirpr'nitnrr

133 987 205 1052 (cap.
227 987 271 1051 lh)
289 1003 295 1036 ι
313 1005 327 1034 u
341 987 368 1036 Et
385 991 447 1036 cortu
465 987 552 1036 rationo
571 990 595 1038 ει
619 990 747 1035 narnium
767 985 935 1049 scripturarum

132 1059 279 1120 authoritate,
300 1072 341 1108 uor.
360 1061 474 1122 perustum
494 1070 544 1108 εεεε
564 1057 655 1121 nuptias
672 1055 824 1119 invenimus,
847 1070 890 1107 unu
903 1072 936 1108 eas

132 1129 191 1180 boun
204 1131 237 1179 rel
252 1128 367 1194 virginalis
378 1129 525 1179 continentiae
531 1166 539 1191 ,
548 1129 584 1178 rel
594 1129 664 1178 etiam
672 1127 772 1176 vidualis
784 1142 935 1191 squamma

169 1202 326 1262 (Conclusio.
339 1227 371 1238 -
390 1200 513 1262 Virginitas
526 1200 665 1264 praeltrenda
677 1203 714 1250 εει
727 1199 850 1262 conjugali
867 1202 937 1250 ronti-

114 1277 118 1284 '
133 1274 231 1336 nentia,
244 1271 295 1320 eum
316 1272 343 1321 ud
364 1273 447 1321 honum
461 1274 545 1322 auimo
564 1268 689 1322 secuudum
704 1269 776 1320 ritum
789 1274 938 1337 contompla-

133 1343 201 1392 tirarn
217 1343 246 1391 sit
260 1343 387 1404 ordinata.)

165 1415 298 1477 Respondeo
314 1412 519 1478 uiuendum,un
543 1413 601 1463 sicut
618 1417 682 1478 putot
693 1413 719 1462 iu
731 1413 789 1463 lihro
804 1413 938 1481 Hieronymi

134 1491 211 1535 contra
225 1486 397 1547 tonitruorum,
410 1485 447 1533 hio
460 1497 523 1534 error
538 1483 580 1533 tuh
591 1484 719 1546 lovininui,
731 1485 769 1546 qui
782 1487 865 1548 posuit
876 1487 939 1549 virgi-

135 1557 227 1606 nitatum
240 1569 284 1605 nou
303 1569 353 1606 esso
368 1557 513 1606 matrimonio
528 1556 696 1618 proferendam.
713 1557 756 1615 Qui
769 1555 868 1619 quirlem
882 1572 939 1608 error

134 1625 248 1692 praecipuh
263 1627 391 1690 destruitur,
410 1633 432 1678 ει
444 1629 547 1690 exemplo
563 1627 646 1677 Christi
665 1627 719 1690 (qui
732 1632 756 1677 ει
770 1633 873 1680 matrem
894 1632 938 1678 uir-

136 1698 210 1762 ginem
225 1697 307 1760 elegit,
327 1705 350 1750 ει
368 1699 417 1763 ipsu
437 1700 593 1762 uirginitatem
614 1700 730 1759 serravit)
747 1705 771 1750 et
788 1712 818 1750 ex
841 1704 938 1752 doctrina

136 1769 250 1833 Apostoli,
263 1771 302 1833 qui
316 1771 333 1820 l.
343 1771 378 1820 od
394 1773 463 1828 Cor„
478 1771 526 1834 llll,
539 1771 693 1833 uirginitatem
703 1771 820 1822 consuluit
832 1778 939 1836 tunnam

136 1844 218 1894 melius
234 1843 325 1892 honum.
343 1845 372 1893 tt
391 1845 458 1893 otiam
474 1845 562 1892 rationo
576 1859 582 1892 :
598 1847 646 1892 tum
663 1844 718 1906 quia
732 1845 818 1893 mnam
837 1845 937 1896 (lirinum

137 1918 172 1965 εει
185 1912 259 1977 potius
273 1917 372 1965 humano
389 1916 464 1978 boun,
479 1919 528 1964 tum
544 1915 598 1977 quia
614 1915 699 1964 honum
719 1916 803 1966 animm
818 1920 939 1979 protertur

137 1986 196 2036 hono
215 1987 328 2050 corporis,
345 1991 393 2036 turn
416 1989 482 2036 otiam
506 1985 559 2049 quia
577 1986 661 2036 honum
680 1988 872 2050 contemplativas
892 1992 938 2038 ritu·

138 2061 255 2123 praeleitur
274 2059 330 2108 hono
350 2059 436 2108 artiaae.
451 2057 573 2120 Virginitas
589 2064 664 2108 autem
680 2058 796 2107 ordinatur
809 2062 838 2110 orl
860 2062 938 2113 bonnm

139 2130 220 2178 animm
234 2127 356 2178 seouurlirm
368 2129 438 2177 uitam
451 2128 651 2191 contemplativam
658 2166 666 2191 ,
682 2130 742 2190 quud
757 2133 793 2178 εει
802 2132 907 2193 cogitare
917 2145 939 2180 ou

139 2212 189 2262 quae
204 2205 257 2249 suut
271 2201 319 2249 hei.
332 2199 466 2263 eonjugium
479 2203 554 2248 autem
570 2201 686 2250 ordinatur
695 2201 723 2248 ad
735 2199 822 2250 honum
841 2204 940 2267 corporis

142 2269 214 2336 (quoii
227 2277 262 2321 εει
271 2272 392 2335 corporalis
403 2270 559 2333 multiplicatio
569 2271 658 2333 gononis
669 2270 795 2335 humaui)3
805 2278 831 2323 ει
841 2279 939 2338 pertinet

140 2344 168 2392 ad
182 2343 251 2391 uitam
266 2343 376 2405 activam;
392 2341 443 2408 quia
459 2342 492 2390 uir
505 2346 528 2391 ει
545 2342 625 2392 mulior
638 2343 660 2391 iu
677 2342 822 2394 matrimonio
838 2347 940 2396 virentes

140 2427 234 2464 necesso
250 2416 334 2464 hahent
345 2415 445 2476 cogitare
460 2427 511 2476 quat
528 2418 581 2464 suut
595 2413 688 2474 muudi,
701 2419 726 2462 ut
739 2418 806 2476 putet
825 2430 869 2481 per
883 2422 939 2480 Apo·

140 2487 223 2535 stolum
238 2488 257 2535 l.
269 2485 304 2535 nd
319 2485 388 2538 Cor„
408 2483 456 2534 hh.
472 2486 534 2534 Unde
550 2484 704 2534 indubitanter
719 2485 843 2548 virginitas
862 2491 941 2553 prutr-

141 2558 211 2606 reuda
224 2561 259 2607 εει
270 2555 417 2606 continentiis
431 2555 555 2619 coniugali.

172 2629 204 2676 Au
218 2629 314 2691 primum
325 2640 378 2690 ergo
389 2627 524 2688 dicendum,
537 2625 598 2691 quod
612 2628 716 2679 meritum
729 2643 776 2679 nou
793 2630 874 2684 solhm
889 2647 941 2698 pen·

177 2787 208 2848 (t)
224 2773 382 2845 AEquiralento
395 2803 474 2848 seusu,
489 2802 542 2848 cap.
560 2789 584 2836 t.

176 2856 208 2917 (ἢ)
218 2861 266 2904 Ηοε
279 2868 313 2904 εει
322 2861 476 2915 afflictionem
483 2874 532 2919 pro
540 2861 612 2906 robus
620 2863 764 2908 mensurio
770 2867 940 2921 morandis

143 2923 164 2964 ει
173 2918 221 2964 :sti
235 2926 256 2964 ει
268 2921 329 2977 titiis
344 2925 365 2966 ει
378 2925 450 2967 etium
463 2923 533 2974 arro,
544 2924 663 2970 utihitlom
678 2927 778 2984 oxpl'ttttt
787 2929 812 2974 S.
828 2929 939 2976 Thomu·
