1934 3284
142 205 189 261 rat
243 217 353 261 sueurnl
370 212 498 271 meudun,
511 214 605 267 oum.
622 216 723 269 anm,
739 214 794 259 aur.
808 216 834 258 n.

175 300 336 363 (concussio.
349 326 380 337 -
394 301 527 363 Quanquam
541 299 618 363 jurare
627 298 741 349 interdum
754 296 842 347 linitum
858 300 883 347 et
894 299 938 349 lro·

143 374 234 421 ursum
251 372 293 433 sit,
309 372 386 435 jurem
401 374 476 421 tumen
494 371 581 435 alisque
596 370 670 434 alique
687 368 830 419 necessitatis
846 369 938 420 ratione

144 442 228 493 matum
242 446 278 493 εει
293 447 316 492 ει
329 442 453 504 illicitum.)
543 448 548 455 ’

128 564 130 569 ,
175 514 308 575 despondeo
326 514 460 575 dicendum,
476 513 535 577 qudl
550 512 608 562 nllril
625 513 729 577 prohibet
741 511 825 575 aliquid
840 523 888 563 esse
905 527 943 563 se

144 584 243 635 eundiin
258 598 283 635 se
296 585 395 644 bonnm,
408 586 469 648 qnod
484 590 561 635 uinea
575 586 635 635 ondit
641 585 665 634 in
681 585 765 634 mamm
777 584 828 647 ejus
840 585 879 646 qui
893 599 943 635 nou

145 656 217 705 utitur
233 669 260 707 eo
274 657 434 707 conuenienter
444 674 451 703 ι
461 657 520 705 siout
531 670 620 707 sumere
629 656 791 706 Euoliarintirm
804 655 942 719 esthonum3

145 732 169 777 ει
187 732 261 779 tamen
273 728 312 791 qui
328 726 420 790 indigne
432 728 518 787 sumit,
535 727 668 791 «jnliotum
683 726 728 777 sibi
739 728 858 776 manducat
867 731 892 776 et
905 728 944 776 ln·-

145 798 188 859 bit,
201 815 214 845 n
227 803 253 848 ut
265 798 347 849 dieitur
357 800 366 849 l
375 799 410 847 od
420 801 490 857 Com,
503 801 542 849 ιιι.
551 798 590 848 Sie
597 812 654 861 ergo
666 798 690 847 in
697 798 814 862 proposito
823 797 946 847 dicendum

145 874 181 921 est
198 869 258 933 qudd
267 872 421 934 iuramentum
441 869 563 921 seouudtm
581 884 607 920 se
618 875 655 920 est
670 869 757 919 licitum
770 874 795 919 ει
806 870 947 931 honesturn,

146 943 206 1004 qnod
222 945 284 1006 patet
297 956 326 993 ex
344 942 432 1004 origine
450 945 473 991 et
491 955 520 991 ex
536 942 582 991 dne
600 958 606 991 ε
622 954 650 991 ex
669 942 757 1004 origine
771 940 875 1003 quidem,
890 943 949 1003 qnia

144 1013 297 1075 juramentum
306 1017 341 1063 est
353 1014 504 1062 introductum
514 1026 543 1063 ex
553 1012 597 1063 lide
606 1027 650 1077 qua
658 1013 764 1062 taurinen
771 1014 865 1063 eredunt
874 1013 950 1061 Deum

146 1084 229 1135 trabere
246 1083 387 1133 infallibilem
402 1083 533 1147 ueritatem,
550 1089 574 1134 et
583 1085 737 1134 universalem
753 1083 852 1133 omnium
865 1084 950 1146 cogui-

148 1156 250 1215 tionem,
263 1160 285 1205 ot
299 1154 466 1219 provisionem
480 1168 509 1204 ex
522 1156 567 1206 due
582 1160 671 1218 numm,
682 1156 736 1218 quia
747 1155 902 1218 juramentum
915 1156 953 1203 iu-

148 1227 238 1276 duoitnr
248 1228 274 1276 ad
282 1226 450 1291 justificandum
458 1226 563 1277 homines
570 1230 594 1275 et
604 1226 632 1276 ad
640 1226 761 1276 finiendum
769 1224 952 1287 controuersias,

148 1302 174 1347 ιιι
187 1298 311 1347 dieiturnd
323 1298 406 1354 ileon,
417 1299 454 1349 Vl.
464 1297 670 1360 sedjurameutum
681 1298 741 1349 cedit
749 1296 774 1345 in
783 1296 868 1345 malurn
879 1297 952 1345 alicui

148 1383 176 1419 eu
190 1382 217 1419 eo
231 1370 291 1433 qudd
310 1369 368 1419 meld
380 1370 450 1419 ulitur
464 1382 505 1432 eo,
517 1371 601 1432 idest,
613 1368 662 1419 sine
675 1368 812 1418 necessitate
824 1372 848 1417 et
857 1368 954 1417 cauteld

149 1440 233 1493 debitl.
245 1441 337 1493 Videtur
347 1440 408 1493 eninr
418 1454 511 1505 parram
521 1440 671 1491 reverentiam
685 1439 769 1491 nabere
779 1440 807 1489 ud
817 1440 899 1502 ileum,
910 1441 956 1503 qui

149 1524 201 1563 enm
213 1526 240 1563 en
254 1513 300 1563 leui
310 1526 379 1563 causa
388 1516 468 1565 testem
482 1511 582 1574 inducit,
591 1512 651 1575 qaod
660 1524 706 1561 non
715 1513 865 1576 masonemt
877 1510 961 1560 etiam·

149 1586 177 1635 de
191 1585 266 1647 aliquo
275 1584 322 1634 viro
331 1586 444 1647 nonest03
457 1583 640 1635 imminetotiam
649 1583 775 1647 uertendum
782 1578 888 1645 perjurii,
897 1584 958 1644 qnia

150 1655 178 1705 de
194 1654 257 1705 laoili
267 1657 335 1705 horno
349 1656 372 1704 in
383 1656 452 1705 nertio
461 1653 583 1718 delinquit,
596 1653 720 1705 seeundum
732 1652 787 1702 illud
800 1652 890 1712 luced,
900 1654 936 1701 lll
950 1671 956 1702 :

151 1743 164 1775 n
176 1726 259 1789 Siquis
270 1726 294 1775 in
309 1727 376 1780 verbo
391 1739 436 1776 non
454 1725 565 1786 offendit,
576 1726 616 1775 hie
627 1726 743 1790 perlectas
753 1728 789 1775 eat
799 1724 844 1772 uir.
860 1739 876 1770 n
888 1725 958 1773 Unde

150 1801 174 1849 ει
187 1798 290 1857 Εεειεε.,
301 1799 385 1861 lllllll‚
396 1798 492 1848 dicitur:
506 1796 638 1847 «toralium
648 1811 694 1848 non
709 1798 824 1847 assuescat
837 1808 865 1845 os
875 1799 955 1860 tuum3

151 1870 215 1921 multi
231 1869 292 1919 onim
302 1882 368 1919 casus
381 1868 406 1919 in
420 1870 467 1922 ills.
483 1885 497 1917 a

182 1943 215 1991 Ad
226 1942 322 2005 primum
332 1956 385 2004 ergo
396 1942 526 2003 dioendnm,
535 1940 596 2005 qndd
607 1942 760 2004 Hieronymus
766 1953 846 2003 snper·
852 1940 961 1995 diutile,

152 2013 206 2063 dioit
223 2014 288 2077 (oen.
306 2014 336 2075 5)
355 2030 361 2061 ι
378 2030 392 2061 n
402 2013 525 2065 Considera
537 2011 598 2076 qudd
612 2014 711 2063 salrator
719 2024 767 2061 non
777 2024 819 2074 per
826 2011 902 2061 ileum
912 2010 961 2072 ju«

151 2098 200 2135 raro
218 2084 374 2149 prohibuerit,
389 2086 429 2137 sed
446 2096 488 2149 ner
504 2084 587 2133 ooelum
600 2088 625 2133 ει
641 2088 739 2145 tsrmm3
753 2084 814 2132 hane
831 2082 899 2131 enirn
916 2097 961 2144 por

151 2157 263 2207 elementa
273 2156 365 2220 jurandi
378 2157 500 2219 pessimam
518 2155 702 2207 consuetudinem
716 2154 800 2204 ualere
810 2154 888 2204 ladani
903 2168 961 2203 nos

152 2234 239 2279 cuntur.
250 2246 263 2277 n
276 2230 320 2279 Sed
332 2228 374 2278 isla
385 2225 504 2291 responsio
518 2241 563 2277 non
576 2227 660 2277 suldcit
671 2226 724 2289 quia
736 2224 834 2275 lacobus
846 2226 941 2274 addidit
956 2239 961 2276 r

153 2318 166 2351 n
177 2303 253 2365 Neque
271 2316 312 2366 oen
329 2301 389 2353 eliird
409 2301 569 2363 quodcumque
588 2298 750 2363 juramentum.
770 2312 784 2343 a
800 2298 829 2346 lit
846 2297 904 2346 ideo
924 2299 961 2346 di-

152 2374 248 2423 cendum
259 2377 306 2437 ent,
316 2372 378 2437 quiid
389 2372 447 2423 deut
457 2371 595 2434 Augustinus
607 2371 664 2420 dicit
669 2371 695 2419 in
702 2370 760 2419 libro
775 2370 811 2419 De
819 2369 961 2419 mendacio

154 2444 223 2508 (rap,
234 2444 279 2508 lli)
293 2461 297 2493 :
309 2460 322 2493 n
336 2444 456 2508 donnolus
468 2443 494 2493 iu
506 2442 609 2506 epistolis
619 2441 668 2491 suis
679 2441 773 2504 juratus,
782 2440 888 2491 ostendit
901 2454 961 2502 quo⁴

154 2517 220 2567 inodo
234 2516 391 2579 acipiendum
407 2518 470 2565 esset
482 2516 542 2577 qnod
556 2514 644 2563 dictum
655 2517 701 2563 est.
715 2530 729 2559 u
750 2512 809 2562 liieo
825 2512 898 2563 robis
916 2526 961 2561 nol

151 2586 227 2651 jurem
250 2589 354 2651 omnino;
368 2603 382 2634 n
398 2600 427 2637 ne
445 2586 534 2637 scilieet
552 2586 650 2649 jurando
668 2597 696 2634 ae
715 2583 848 2633 nonnoni
863 2584 961 2647 iurand·

153 2658 313 2722 perveniatur,
330 2662 354 2709 ει
367 2671 401 2708 ex
416 2658 525 2709 laellitnte
535 2656 627 2721 juandi
645 2658 673 2705 ad
688 2655 898 2717 commenditum,
915 2659 941 2703 et
957 2649 961 2706 l

79 2787 86 2796 .
157 2729 319 2779 consuetudine
337 2730 361 2779 iu
381 2729 508 2793 penarium
525 2728 648 2778 decidatur.
667 2727 696 2776 lit
710 2726 762 2776 ideo
780 2738 827 2776 non
840 2724 961 2774 iuvenitur

156 2884 226 2929 tiuno.
242 2880 272 2938 2;
286 2888 309 2928 et
323 2882 355 2927 nd
380 2883 458 2933 Rom„
472 2884 499 2942 l,
513 2883 567 2927 leet.
578 2878 593 2924 5
602 2913 609 2942 ‚
626 2882 671 2927 col.
686 2880 714 2936 33
730 2886 755 2926 ει
770 2880 802 2926 nd
815 2878 909 2929 Helm,
924 2879 961 2924 Vl

156 2946 240 3009 leret,
260 2946 307 2994 eol.
321 2941 348 2991 1.
414 2997 418 3005 ,
623 2945 627 2951 ’
