1934 3284
315 167 347 206 un
363 167 428 206 virro
442 165 564 207 emunim.
793 159 838 209 tot

76 246 212 310 llespendeo
225 244 359 304 dicendum,
377 245 436 309 pudd
448 247 539 308 quando
549 247 670 298 inluderes
680 248 788 312 potentin
798 263 841 300 ve-

45 320 158 370 liementer
172 316 300 366 alliciuntur
311 317 337 366 ud
348 329 388 366 eus
403 317 507 380 objectu,
522 331 663 381 consequeus
679 324 716 370 est
726 321 785 384 qudd
801 335 840 372 su·

45 389 145 454 periurus
160 389 219 439 uires
230 387 379 452 impediantur
389 393 411 438 et
422 389 584 439 deordinentur
594 391 618 439 in
632 392 679 441 suis
688 392 786 442 actious.
797 393 842 443 Per

44 462 123 512 vilium
138 464 212 510 sutem
226 460 319 510 luxuries
332 461 429 512 maxime
443 461 556 525 appetitus
569 462 662 512 interior
672 463 774 525 (scilicet
783 478 839 514 con·

44 532 199 597 cupisciloilis)
216 533 362 582 uehementer
372 531 470 582 irimndit
478 546 519 582 suo
528 534 620 596 objecto
631 534 726 595 (scilicet
737 537 842 586 delecta-

45 607 93 668 bili)
107 610 198 670 propter
214 604 380 654 vehementiam
395 605 510 668 passionis
522 610 546 656 et
561 605 717 657 delectationis
731 622 737 657 ε
750 613 773 658 et
786 609 841 660 ideo

45 691 186 741 coruseqoens
207 676 318 739 estquod
337 690 377 740 per
395 677 505 728 luxuriam
520 678 616 728 monime
631 680 760 742 superiores
780 682 841 732 vires

45 749 215 811 deomliuentur3
232 748 318 798 scilicet
335 749 392 799 ratio
408 750 554 800 etuoluutes.
575 751 634 800 Sunt
653 756 726 801 sutem
744 754 839 804 rationis

44 827 141 887 quatuor
162 826 225 871 octus
237 820 260 870 in
280 821 390 884 agendis:
404 821 479 871 Primis
494 823 600 884 quidem,
614 837 629 868 «
641 821 738 886 simplex
754 823 842 874 iutelli-

45 893 136 958 geutiu‚
153 909 166 939 u
180 907 231 956 quae
248 892 395 956 apprehendit
416 891 512 955 aliquem
533 895 599 944 linem
617 898 642 943 ut
654 896 747 944 bouum.
762 896 791 944 lit
805 896 843 946 iric
920 884 925 894 ’

44 973 110 1017 actius
127 965 247 1030 impeditur
262 979 303 1028 per
321 965 447 1027 iltrudem,
460 964 583 1015 secuudum
599 966 653 1016 illud
671 967 744 1023 Dan..
765 969 840 1018 lllll:
870 996 876 1013 ι

46 1057 60 1086 u
71 1039 165 1102 Species
176 1037 265 1099 decepit
280 1040 315 1102 lo,
332 1041 355 1088 et
369 1037 551 1100 conccupiscentiu
568 1037 678 1088 subuertit
690 1051 729 1087 cor
739 1043 811 1087 tuum.
825 1055 840 1087 n

44 1111 73 1160 El
86 1111 194 1173 quantum
212 1109 241 1157 ud
255 1110 298 1158 troc
312 1107 403 1172 ponitur
415 1110 514 1157 coecitor
530 1111 630 1158 mentis.
646 1109 763 1159 &nunides
778 1118 841 1161 actus

45 1187 80 1232 est
96 1197 110 1227 e
126 1179 244 1230 consilium
259 1181 287 1232 de
301 1181 338 1230 his
353 1193 403 1243 quae
417 1184 471 1229 suut
485 1181 571 1243 agenda
589 1185 680 1245 propter
697 1180 773 1231 tinem.
787 1199 802 1228 u
812 1184 842 1233 lit

44 1254 83 1303 liic
101 1252 169 1302 etism
185 1252 306 1316 impellitur
319 1265 358 1315 per
372 1252 576 1316 concupiscentiam
593 1253 706 1302 luxurie:
725 1254 785 1306 unde
798 1255 842 1306 Te·

44 1324 133 1374 rectius
143 1323 198 1372 dicit
206 1323 229 1372 iu
241 1323 357 1372 unrocus
367 1323 449 1386 (Scene
459 1325 478 1385 l,
488 1328 511 1373 et
520 1327 563 1373 act.
576 1323 611 1387 l),
624 1326 718 1388 loqueos
728 1325 756 1374 de
765 1337 842 1377 umore

45 1395 170 1446 libidinoso
186 1411 219 1444 :«
232 1397 285 1455 Qus
303 1409 338 1446 res
355 1395 378 1444 iu
396 1409 421 1446 sc
441 1407 514 1458 oeque
530 1395 649 1445 consilium
664 1409 737 1458 necue
752 1398 845 1448 modum

44 1465 214 1528 hadoindum,
229 1480 277 1516 esur
293 1467 388 1517 consiliu
405 1479 484 1530 regere
502 1481 548 1517 nou
563 1471 639 1531 potes.
654 1483 667 1514 u
685 1469 714 1517 lit
732 1471 842 1532 mortum

44 1540 72 1589 ed
94 1541 136 1588 ltoc
157 1537 249 1602 ponitur
266 1539 455 1603 precipitatus,
472 1553 522 1602 quae
536 1539 644 1602 importat
665 1541 844 1592 sirbtmctioueut

44 1609 150 1672 cousilii;
167 1615 190 1659 ul
200 1610 266 1673 suprd
280 1609 381 1660 habitum
393 1615 428 1660 est
444 1613 494 1673 (qu.
505 1615 545 1675 53,
559 1614 602 1660 ert.
619 1610 843 1674 splendescens

43 1686 103 1733 este
114 1681 225 1745 judiciuru
237 1683 264 1730 de
279 1681 381 1743 agendis,
398 1698 411 1729 u
423 1687 445 1731 et
458 1682 496 1730 liic
510 1683 577 1732 etism
588 1683 711 1745 impeditur
725 1697 764 1747 per
776 1685 843 1733 luxu·

44 1755 112 1804 nuru.
128 1753 210 1802 llicilur
223 1754 284 1802 euim
296 1755 368 1815 Dum,
380 1753 439 1815 lilii,
449 1755 477 1803 de
492 1753 583 1802 senibus
596 1753 732 1804 luxuriosis:
748 1756 844 1805 «Aver-

43 1829 123 1877 loruul
137 1839 230 1875 sensum
246 1838 324 1882 surm,
337 1828 363 1873 ut
377 1837 422 1874 nou
435 1825 606 1874 reconderentur
623 1824 759 1888 judiciorum
768 1827 843 1890 justo·

43 1913 106 1949 rum.
124 1914 138 1945 u
154 1899 181 1947 Et
194 1902 301 1959 qusutuut
314 1896 340 1946 sd
356 1896 399 1945 troc
411 1896 503 1960 ponitur
516 1895 708 1946 ineormr'derotio
721 1913 730 1946 .·
748 1902 845 1956 Quartus

43 1975 124 2021 sulem
139 1974 202 2021 uetus
216 1973 252 2020 est
270 1973 437 2032 «preceptum
459 1968 552 2017 rationis
564 1969 592 2018 de
608 1969 695 2032 agendo
711 1970 766 2032 :qui
776 1968 843 2020 etism

44 2043 171 2107 impeditur
187 2056 228 2106 per
244 2040 370 2100 luxurium3
382 2039 406 2089 in
418 2043 527 2103 quonium
542 2039 627 2089 scilicet
640 2041 708 2090 homo
722 2041 843 2104 impeditur

44 2129 74 2165 ex
88 2115 176 2178 impetu
188 2113 424 2176 concupisceremus
438 2115 561 2174 exequatur
574 2111 597 2161 id
610 2112 670 2175 quod
681 2113 779 2161 decrevit
791 2125 842 2163 esso

43 2185 182 2238 iaciendum.
199 2187 261 2235 Unde
273 2183 390 2235 Terentius
408 2183 463 2233 dicit
478 2183 502 2232 in
519 2183 638 2234 uunueoo
653 2184 697 2248 (ut
717 2183 802 2246 euprd)
817 2184 845 2235 do

44 2258 148 2322 quodum
164 2257 203 2321 qui
221 2256 307 2307 dicelnst
325 2269 349 2306 se
371 2269 508 2307 recessurum
523 2256 551 2304 alr
568 2255 639 2305 emico
657 2271 663 2304 :
678 2273 691 2303 e
704 2255 757 2305 llaec
774 2255 845 2305 verna

43 2342 92 2380 uus
106 2327 163 2377 sulen
179 2328 316 2392 lsclrrpruuls
329 2327 461 2390 restinguet.
476 2343 490 2373 u
506 2328 540 2376 lix
552 2330 615 2389 perte
629 2330 705 2376 erilem
722 2325 847 2376 uoluntatis

44 2399 196 2462 consequitur
206 2400 288 2462 duplex
303 2403 366 2449 octus
379 2398 529 2448 inordinatus.
541 2400 640 2456 Quorum
651 2410 711 2446 unus
725 2402 761 2447 est
770 2412 845 2460 uppe-

45 2475 116 2523 titus
129 2471 197 2535 finis.
209 2472 237 2520 llt
248 2473 356 2533 quruutum
373 2470 401 2519 cd
414 2471 457 2519 hoc
474 2470 565 2533 ponitur
578 2485 653 2519 umor
665 2470 707 2517 soi
715 2485 724 2532 ,·
738 2473 848 2532 munium

44 2545 137 2597 scilicet
151 2543 178 2592 ud
193 2542 365 2593 delectationem
374 2555 441 2605 quum
457 2541 583 2592 inordinate
594 2541 682 2606 oppetit
696 2555 701 2589 :
716 2543 740 2590 el
754 2553 795 2603 per
807 2554 849 2604 op·

43 2616 148 2682 positum
168 2613 260 2678 ponitur
279 2614 367 2662 odium
388 2615 611 2676 Dei,iuquuulu1u
635 2611 723 2662 scilicet
743 2611 849 2676 prohibet

44 2687 222 2739 delectationem
242 2685 392 2749 concupitum.
406 2686 469 2735 illius
479 2689 553 2736 sutem
567 2689 603 2735 est
618 2681 755 2748 «appetitus
765 2697 844 2733 eorunm

43 2772 98 2824 quse
113 2758 209 2808 suntad
224 2757 305 2819 linem,
322 2773 335 2803 u
353 2760 376 2806 ot
390 2760 499 2820 quantum
516 2757 544 2806 sd
557 2757 601 2806 hoc
617 2753 709 2820 ponitur
726 2754 847 2805 «auectus

42 2829 169 2895 praeseutis
183 2829 273 2891 saeculi;
284 2846 297 2876 u
308 2828 333 2878 iu
350 2841 394 2891 quo
407 2827 495 2879 scilicet
508 2828 590 2892 uliquis
600 2828 648 2877 uult
657 2826 700 2876 lrui
711 2828 843 2891 uoluptate:

44 2907 69 2956 et
83 2915 128 2968 per
148 2900 277 2966 oppositum
295 2901 386 2966 ponitur
404 2917 418 2950 u
436 2901 563 2967 desperetis
579 2900 649 2954 tutori
661 2900 757 2967 socom
769 2900 846 2966 »qus
