1934 3284
340 174 372 224 rin
387 187 551 225 mnomrrrrr.
799 179 845 229 691

42 263 159 313 deiunctae
179 261 361 313 sanctimoniales
378 264 405 312 ad
423 263 501 313 altaris
521 268 661 316 sacramenta
682 266 813 318 recitentur.
829 285 844 316 u

41 334 88 382 Per
106 335 166 396 arrad
181 335 245 383 datur
255 333 351 396 intelligi
367 334 426 396 uubd
438 335 569 400 martyrium
580 337 703 400 uirginitati
716 337 844 403 praeiertur,

42 409 66 454 et
81 405 189 456 similiter
203 405 333 456 manasterii
348 410 430 456 status.

79 478 278 539 (aunuum-
287 477 407 540 Virginitas
420 491 465 529 nan
480 483 516 529 esi
530 479 625 529 maxima
639 478 760 543 virtutum,
774 495 845 546 quan·

41 560 112 611 quarn
126 549 149 596 in
164 561 247 610 genere
261 549 370 598 eastitatis
382 548 411 599 sit
425 550 643 612 excellentissima.)

75 620 212 682 Respondea
226 619 425 684 dicendum,qubd
439 622 523 685 aliquid
538 627 614 685 potest
630 622 673 672 diei
683 625 848 676 excellentissi-

42 703 108 741 mum
121 691 249 753 dupliciter.
263 692 314 742 llna
324 694 399 752 mado,
410 693 434 743 in
445 695 520 757 aliquo
534 707 633 757 genere:
646 703 669 744 et
681 695 714 745 sia
725 696 846 760 uirginitas

42 768 79 813 asi
93 761 302 824 excellentissima,
317 764 402 814 scilieet
415 763 440 814 in
456 779 539 828 genere
560 766 671 816 eastitatis
688 770 846 820 :transcendit

41 835 105 886 enim
118 837 140 882 et
155 834 281 885 castitatem
296 834 407 885 vidualem
422 840 445 886 et
460 837 602 901 conjugalem
619 843 662 887 :et
678 837 731 901 quia
747 840 845 890 castitati

42 905 225 956 antonomastice
245 907 373 956 attribuitur
394 909 474 971 decor,
490 908 541 959 idea
563 909 686 972 uirginitati
704 925 745 972 per
763 925 843 962 canse-

41 991 118 1042 quens
138 978 266 1028 attribuitur
284 979 475 1030 excellentissima
497 981 649 1044 pulchritudo.
669 982 734 1032 Unde
752 987 776 1032 et
792 985 846 1034 bm-

40 1050 136 1101 brasius
150 1049 205 1098 dieit
224 1049 246 1098 in
267 1050 306 1100 lib.
320 1052 356 1100 De
369 1052 543 1116 uirginitate:
560 1070 573 1099 a
587 1053 781 1104 Pulobritudinem
793 1055 846 1118 quis

5 1169 6 1172 ,
41 1125 121 1186 potest
131 1121 239 1186 majorem
252 1123 361 1172 aestimare
378 1123 458 1172 decore
469 1122 579 1186 uirginis,
594 1138 645 1188 quae
660 1125 769 1175 amatura
783 1139 845 1188 rege,

4 1195 5 1199 ’
41 1193 153 1259 probatur
167 1193 179 1242 i
189 1193 278 1256 judica,
289 1194 403 1244 dedicatur
417 1196 527 1256 nomino,
541 1200 685 1246 consecratur
696 1197 757 1246 lteoi
771 1197 845 1249 arlia

5 1313 6 1316 ,
41 1266 113 1315 moda
128 1269 203 1329 potest
220 1264 264 1314 dia-i
284 1265 366 1328 aliquid
382 1266 595 1316 excellentissimum
610 1267 761 1330 simpliciter:
777 1272 800 1318 et
811 1269 845 1318 sio

4 1339 6 1357 ²
41 1337 167 1399 uirginitas
180 1350 224 1387 nan
237 1340 271 1388 est
285 1337 474 1388 excellentissima
486 1338 603 1389 virtutum.
616 1341 710 1402 Semper
722 1340 783 1390 euim
793 1341 844 1391 linis

41 1409 138 1460 excellit
149 1409 170 1458 id
183 1409 244 1472 qnod
255 1414 290 1460 est
303 1411 329 1459 ad
344 1409 425 1473 tinem;
437 1414 459 1460 et
470 1410 554 1474 quantb
564 1411 648 1474 aliquid
657 1411 773 1462 eiiiuaeiius
781 1413 842 1462 ardi-

4 1481 8 1487 ”
42 1484 113 1530 natur
126 1482 153 1530 ad
168 1481 251 1544 linem,
269 1480 332 1530 tantb
343 1482 424 1531 melius
440 1485 483 1532 est.
498 1481 563 1531 Finis
579 1486 654 1532 autern
669 1496 756 1546 exiguo
774 1483 845 1548 uirgi-

41 1553 105 1602 nitas
119 1552 236 1602 laudabilis
253 1553 361 1616 redditur,
371 1558 407 1603 est
424 1567 506 1604 nauare
519 1555 586 1604 rebus
606 1554 705 1616 diuinis,
720 1560 746 1605 ut
761 1556 846 1606 dietum

5 1625 6 1628 ’
41 1628 89 1676 est.
104 1625 168 1674 Unde
186 1623 240 1688 ipsae
256 1624 352 1674 virtutes
374 1625 518 1688 theologiae,
532 1631 555 1676 et
575 1627 645 1676 etiarn
661 1627 733 1678 uirtus
754 1627 846 1691 religia·

42 1696 95 1755 niS,
109 1709 203 1757 quarum
220 1699 285 1746 actus
300 1700 335 1745 est
348 1696 398 1760 ipsa
412 1697 529 1760 aucupatio
542 1697 601 1747 cirea
615 1711 651 1748 rea
667 1698 772 1757 divinas,
787 1713 845 1762 prae·
924 1693 928 1700 ’

4 1767 8 1773 ’
41 1770 148 1819 teruntur
162 1767 296 1830 virginitati.
307 1768 415 1818 Similiter
429 1769 496 1819 etiam
511 1768 668 1820 venementibs
683 1775 805 1832 operantur
817 1772 847 1822 ad

5 1887 7 1894 ,
41 1843 89 1889 boc
100 1837 159 1902 qubd
174 1838 298 1889 inhaereant
307 1841 351 1890 lieo
361 1845 487 1904 martyres,
498 1839 538 1902 urai
549 1841 576 1890 ad
590 1841 634 1890 baa
645 1845 783 1904 postponunt
793 1843 846 1905 p'ra·

41 1912 117 1977 priam
129 1910 267 1960 voluntatem
279 1916 300 1961 at
310 1911 385 1961 omnia
395 1925 445 1974 quae
453 1915 549 1975 possunt
557 1911 649 1972 babere,
659 1911 725 1974 quam
734 1911 844 1976 uirgines,

5 2015 6 2018 =
42 1996 96 2049 quae
108 1982 136 2032 ad
151 1983 195 2030 bae
210 1986 350 2046 postponunt
364 1995 482 2032 veneream
498 1983 646 2045 voluntatem
664 1983 691 2031 Et
708 1983 760 2033 idea
773 1984 845 2048 uirgi-

43 2055 107 2105 nitas
118 2065 163 2102 nan
174 2053 309 2117 simpliciter
318 2057 352 2105 est
367 2055 464 2104 maxima
475 2054 592 2105 virtutum.

77 2126 111 2176 bd
126 2125 223 2206 pomum
238 2139 290 2188 erga
308 2127 441 2189 dieendurn,
456 2126 515 2188 qubd
530 2125 629 2190 virgines
643 2128 697 2175 sunt
712 2143 726 2173 u
739 2126 846 2178 illustrior

5 2191 6 2194 ’
43 2195 120 2263 portio
137 2197 211 2278 gregis
227 2197 323 2260 Christi,
333 2213 346 2244 u
362 2201 385 2247 et
393 2202 524 2248 astrorum
539 2197 681 2247 «sublimior
689 2189 770 2259 gloria
780 2211 846 2262 uper

4 2315 6 2318 .
44 2281 153 2332 compara
155 2268 240 2318 tionem
255 2269 283 2318 ad
296 2269 377 2321 viduas
391 2273 414 2319 et
424 2270 566 2333 conjugatae·

4 2385 6 2410 ,
79 2339 112 2390 dd
128 2353 166 2390 seu
168 2341 251 2389 undum
265 2340 384 2390 dicendum
390 2340 469 2404 ‚qubd
480 2343 630 2390 centesimas
642 2341 729 2391 fructus
742 2340 848 2390 attribui·

44 2418 84 2464 tur
105 2409 231 2472 virginitati
252 2410 375 2462 seeundum
396 2411 556 2492 Hieronymum
577 2415 669 2475 proptu
687 2411 847 2462 excellentiam

4 2527 6 2544 ,
45 2495 115 2549 quarn
137 2481 206 2531 babet
219 2481 404 2545 adsiduitatem,
418 2483 455 2532 oui
471 2483 600 2534 attribuitur
618 2484 804 2548 sexagesimum,-
823 2487 848 2533 et

4 2553 6 2608 ξ
45 2557 74 2608 ad
93 2553 276 2614 matrimonium,
290 2553 327 2603 aui
343 2555 471 2604 attribuitur
492 2557 647 2620 trigesimum
662 2557 708 2606 Sed
724 2555 783 2605 siant
802 2557 848 2604 ltu

46 2629 154 2694 gostinus
172 2623 247 2676 dicit
242 2639 265 2676 m
285 2627 326 2676 lib.
348 2627 382 2676 Da
402 2627 584 2690 quaestiouibus
604 2627 740 2691 Evangelii
758 2628 816 2692 (lib.
827 2627 847 2688 l,

47 2714 100 2764 cap.
112 2700 151 2758 9),
164 2714 177 2744 u
189 2696 324 2746 centesimus
335 2697 423 2747 iuuatur
436 2702 471 2747 est
486 2698 620 2762 Martyrum,
632 2697 837 2761 sexagesimusmr
838 2723 849 2734 -

47 2773 141 2837 ginum;
159 2773 182 2818 et
197 2768 325 2832 trigesimus
344 2768 522 2832 conjugatarum.
537 2786 550 2814 u
567 2770 630 2833 Unda
649 2783 679 2819 ex
693 2771 736 2819 boa
750 2782 797 2820 nan
809 2783 847 2820 se·

48 2843 127 2908 quitur
136 2839 196 2903 qrrbd
204 2839 322 2902 uirginitas
330 2841 359 2890 sit
369 2839 502 2904 simpliciter
513 2841 611 2891 maxima
620 2840 730 2892 uirtutum
738 2841 847 2903 amnium,

50 2915 93 2967 sed
107 2911 182 2964 salium
192 2924 240 2978 praa
252 2911 303 2964 aar
316 2911 424 2977 gradibus
434 2910 553 2964 andum.
