1934 3284
102 197 150 244 268
236 203 484 258 semelenentium,
500 206 595 252 ounsr.
609 207 666 260 mn,
680 206 766 248 err-r.

103 281 287 347 conjunctionem
300 282 438 346 naturalem,
450 283 479 334 ed
491 283 644 337 exhibendum
660 286 745 338 cultum
753 287 779 337 et
789 285 907 340 honorem

102 353 248 419 parentibus,
262 353 329 420 quim
345 355 460 408 urnaneis
472 354 590 408 rirtnon's.

369 701 538 774 tendito
556 698 632 768 GIIl.

231 851 266 896 ne
278 849 363 902 uorsa,
377 849 655 908 rodenmannum
669 850 759 898 respo.

131 1004 217 1056 Deinde
227 1003 415 1056 considerandum
422 1006 458 1053 est
467 1003 495 1054 de
505 1002 608 1067 pertibus
617 1003 776 1056 observantie.
787 1005 818 1057 Et
825 1007 906 1070 primb

98 1076 127 1128 de
141 1075 201 1126 dulia
208 1111 217 1138 ,
231 1089 280 1138 qne
292 1074 383 1126 exhibet
396 1075 507 1124 honorem
521 1076 545 1124 et
561 1077 645 1125 reteri
657 1075 685 1124 ud
697 1075 743 1126 hoe
752 1076 905 1140 pertinentia

99 1147 202 1212 personis
212 1145 379 1211 superioribus;
390 1145 533 1209 seeuudh‚de
541 1144 735 1210 obedientia,per
744 1161 813 1212 quem
822 1162 905 1202 earnm

99 1219 202 1270 obeditur
214 1215 317 1282 imperio.

133 1289 161 1339 llt
179 1288 238 1339 eirca
257 1289 301 1338 hoe
316 1292 447 1352 queruntur
460 1293 557 1352 quatuor
575 1305 581 1339 :
600 1291 625 1336 l·
639 1289 719 1340 Uirium
730 1291 802 1341 honor
817 1290 848 1341 sit
860 1291 909 1344 ali·

100 1359 155 1424 qnid
170 1360 288 1424 spirituale
302 1359 340 1410 rel
353 1360 477 1424 corporale.
493 1364 519 1408 ³⁰
538 1359 618 1411 Utrhm
634 1361 708 1412 honor
721 1361 832 1413 debeatur
844 1363 904 1415 solis

99 1430 259 1495 superioribus.
273 1435 299 1480 2⁰
314 1429 393 1482 Utrirm
413 1431 491 1494 dulia,
503 1431 570 1495 eujus
586 1433 622 1483 est
634 1430 741 1482 exhibere
754 1433 865 1484 honorem
879 1438 905 1485 et

99 1502 184 1552 cultum
206 1501 371 1566 superioribus,
393 1501 424 1552 sit
447 1501 551 1566 specialis
578 1501 650 1552 uirtus
667 1501 681 1552 d
698 1502 763 1554 latria
783 1503 901 1556 diminctm

100 1575 126 1624 pu
139 1572 218 1624 Utrirm
230 1587 271 1637 per
289 1572 376 1639 speeies
395 1573 553 1637 distinguntur.

398 1751 557 1804 thrlcllhlts
570 1753 589 1804 l.

232 1875 317 1921 Ulrr'rm
328 1875 404 1920 horror
416 1875 528 1932 importet
542 1877 636 1934 aliquid
650 1878 779 1934 corporale.

130 2003 163 2052 ld
174 2001 271 2068 primum
284 2000 317 2052 sie
330 2001 467 2065 proceditur.
477 2001 572 2053 Videtur
580 2002 641 2066 quod
651 2005 724 2054 bonor
735 2015 781 2053 nou
789 2002 901 2068 importet

98 2071 183 2137 aliquid
192 2072 314 2138 corporale.
328 2071 472 2131 Honorenim
486 2077 521 2124 est
530 2073 639 2124 exhibitio
651 2073 783 2125 reverentie
792 2073 817 2123 iu
825 2074 900 2126 testi-

98 2144 200 2198 monium
214 2143 319 2207 virtutis,
337 2148 362 2194 ut
382 2146 457 2209 potest
476 2144 551 2208 amipi
565 2144 729 2210 lPhilosopho
747 2142 772 2194 in
789 2145 901 2196 illihic.

97 2217 144 2268 sed
158 2215 268 2268 exhibitio
282 2215 414 2266 reverentie
428 2219 464 2266 est
476 2215 562 2278 aliquid
577 2215 711 2280 spirituale3
723 2214 823 2266 revereri
838 2215 918 2268 enirn<

97 2293 132 2340 est
141 2292 204 2339 aetus
214 2286 309 2352 timoris,
320 2291 345 2337 ut
358 2287 426 2352 suprl
436 2287 538 2338 habitum
553 2291 588 2338 est
602 2289 707 2351 (quill,
722 2291 765 2338 ert.
778 2290 802 2350 t,
818 2287 847 2338 ad
861 2287 900 2352 l).

98 2359 157 2422 Ergo
170 2359 241 2409 honor
256 2362 291 2409 est
304 2357 390 2422 aliquid
403 2357 531 2422 spirituale.

130 2433 153 2478 t.
162 2431 288 2490 Preteree,
303 2427 427 2480 seeundum
441 2429 605 2494 Philosophum
615 2429 788 2486 inliditur„
803 2431 903 2482 «horror

98 2503 133 2552 est
142 2499 260 2565 premium
269 2500 394 2552 virtutis.»
402 2500 498 2551 Virtutis
507 2504 584 2552 autem
593 2515 645 2566 qum
654 2501 809 2567 principaliter
818 2501 844 2552 in
853 2503 901 2568 spi-

97 2571 217 2623 ritualibus
230 2571 348 2637 mesistit,
363 2573 483 2638 praemium
497 2587 543 2624 non
561 2578 598 2625 est
607 2573 693 2639 aliquid
709 2574 835 2638 corporum,
847 2573 900 2626 olm

96 2644 214 2710 premium
233 2644 263 2694 sit
278 2644 355 2710 potius
368 2645 457 2698 merito.
473 2647 532 2710 Ergo
546 2647 617 2698 honor
636 2660 683 2699 nou
697 2646 802 2700 conmstit
812 2647 837 2698 iu
848 2660 901 2700 cor·

96 2715 218 2781 porelibus.

129 2791 151 2837 3.
168 2788 292 2852 Praeterea,
303 2787 376 2840 honor
389 2787 404 2842 d
416 2787 482 2840 leude
496 2787 658 2852 distinguitur,
673 2793 697 2842 et
709 2792 779 2842 etiem
793 2789 899 2856 tglorie.

96 2857 138 2910 sed
154 2857 203 2910 tuus
217 2860 241 2908 et
255 2857 326 2922 gloria
344 2858 368 2910 in
383 2859 533 2912 exter-loribus
543 2859 678 2914 miserunt.
689 2861 749 2923 mm
761 2863 833 2916 honor
847 2876 903 2917 con·

99 2926 159 2992 sistit
172 2928 196 2982 in
210 2927 354 2984 interioribus
366 2934 390 2984 et
403 2930 580 3013 spiritualibus..
