1934 3284
355 69 385 108 DE
398 67 563 107 vlltsltlllm.
813 63 862 110 079

59 145 98 198 vol
111 144 136 194 iu
148 142 272 208 uigilando.
287 143 333 194 Sed
346 143 397 194 sinc
410 144 533 196 concubitu
545 157 592 196 nou
606 145 698 196 uitetur
710 147 776 210 perdi
787 147 860 212 uirgi-

58 217 131 268 nitas.
142 214 201 266 llicit
212 215 274 266 eninr
282 216 423 280 Augustinus
435 217 459 268 in
466 217 509 267 lib.
519 218 557 268 De
567 219 725 284 Virginitate
737 218 800 283 (cap.
810 223 861 281 lt),

59 288 123 352 qubd
136 287 278 350 «virginalis
288 287 406 350 integritus
417 294 440 340 et
454 303 497 354 per
511 291 573 354 piam
586 293 750 344 continentiam
760 293 788 343 ab
799 293 862 344 omni

59 357 185 412 concubitu
203 358 348 419 immunitas,
362 361 463 425 angelica
480 362 555 426 portio
565 366 602 413 est
614 364 657 429 (l).
671 363 731 428 lingo
743 364 865 430 uirginitas

59 444 108 482 uon
122 430 229 482 consistit
246 431 271 482 in
286 432 359 485 carnis
373 434 550 498 incorruptione.

93 503 139 555 Sed
148 507 226 554 contra
236 508 281 564 est,
289 505 349 568 quod
361 506 500 569 Augustinus
508 505 533 555 iu
541 506 621 557 eodem
631 505 688 556 libro
695 506 750 557 dicit
755 506 816 571 (eno.
827 507 863 571 a),

60 575 124 641 quod
142 575 288 639 «uirginitas
303 579 339 628 est
358 577 512 641 coutinentia,
526 591 572 642 qua
592 578 712 641 integritas
728 579 807 630 earnis
818 579 864 644 ipsi

60 645 160 698 creatori
174 646 255 700 anime
270 648 294 698 et
307 647 381 700 caruis
398 652 504 711 uocetur,
521 655 672 710 consecratur,
691 655 825 701 serratum»

97 719 259 785 (Cosmusro.
268 747 298 758 ·-
306 719 446 785 virginitatis
462 722 537 773 uirtus
545 735 593 773 non
605 721 671 772 modo
680 720 704 771 in
717 722 791 773 carnis
803 721 864 774 inte-

61 792 159 859 gritate,
171 793 212 843 sed
226 792 298 857 magis
316 793 462 858 inperpetuo
476 794 592 859 proposito
604 792 733 845 abstinendi
744 807 769 845 se
783 793 863 858 uqua-

61 877 161 928 cumquc
179 877 326 916 uenereorum
337 864 643 930 delectrtmne‚rouslstit.)

17 973 20 978 -
96 935 233 1000 Respondeo
252 935 385 997 (licendum,
401 936 461 1002 qubd
484 950 568 989 nomen
586 938 750 1002 uirginitate
762 937 775 989 l
789 938 864 990 virore

63 1013 183 1074 sumptum
200 1009 290 1062 uidetur
300 1008 347 1074 (u).
362 1011 391 1060 Et
406 1010 464 1060 sicut
480 1008 536 1061 lluu
555 1009 637 1061 licitur
648 1010 726 1061 uirens
741 1013 766 1061 et
781 1010 805 1060 in
822 1023 865 1062 suo

62 1082 142 1133 virore
149 1079 280 1144 persistero,
288 1083 349 1145 quod
358 1095 404 1132 uon
412 1086 483 1133 estex
493 1082 697 1147 superabundantia
707 1082 790 1132 caloris
799 1082 867 1134 atus-

64 1155 153 1208 tionem
164 1157 299 1216 capenum
312 1153 344 1202 itu
354 1154 423 1204 ctiam
434 1153 556 1218 uirginitas
568 1155 613 1204 boo
624 1154 730 1218 importat
742 1154 803 1217 quot
814 1168 867 1219 per·

63 1239 123 1280 sona
139 1226 177 1278 cui
189 1227 262 1288 inest,
275 1226 384 1277 immunis
399 1227 429 1277 sit
444 1226 458 1277 t
472 1226 662 1291 concupiscentie
674 1226 801 1290 adustione
815 1239 868 1292 qum

65 1311 120 1352 esse
139 1298 228 1348 violetur
243 1297 267 1348 in
287 1298 480 1350 consummatione
495 1298 599 1348 maxims
620 1297 773 1349 delectationis
788 1311 869 1362 corpo

64 1371 136 1434 ralis,
151 1371 226 1434 qualis
240 1373 276 1422 est
289 1383 435 1422 renereorunr
447 1370 575 1422 delectatio.
589 1371 653 1420 ltnrle
668 1370 802 1422 Ambrosius
813 1370 870 1422 (licit

63 1445 91 1495 in
102 1442 145 1493 lib.
158 1443 175 1492 l.
192 1444 230 1494 ne
243 1442 400 1507 uirginibus,
410 1441 470 1506 quod
487 1443 604 1493 «castitas
616 1441 735 1504 uirgiuniis
744 1445 779 1492 est
789 1454 871 1506 expers

64 1513 211 1578 contagionis
228 1513 354 1578 integritus.
371 1529 385 1562 u
408 1515 434 1564 ln
451 1513 602 1566 dementiore
626 1515 703 1564 autem
719 1526 869 1565 venerantum

64 1589 156 1640 triacst
164 1586 317 1641 considerare.
327 1586 400 1636 Unum
411 1585 512 1649 mudum,
521 1587 582 1650 quod
593 1589 628 1637 est
640 1599 669 1636 ex
681 1589 746 1650 purte
756 1585 867 1651 corporis,

64 1659 157 1714 scilicet
173 1658 267 1709 violatio
283 1656 393 1721 signaculi
406 1657 534 1722 virginalis.
554 1658 621 1710 Aliud
640 1663 717 1708 autem
729 1663 767 1709 est
780 1658 804 1708 in
824 1671 870 1722 qno

64 1731 120 1795 conj
125 1728 216 1793 ungitur
225 1729 248 1779 id
257 1731 316 1793 quod
326 1733 360 1780 est
367 1729 448 1781 animm
457 1743 509 1780 cum
517 1744 545 1781 eo
553 1731 613 1794 quod
621 1732 658 1780 est
666 1729 871 1793 corporis;scilioet

63 1808 119 1870 ipsa
136 1801 243 1852 resolutio
256 1800 349 1852 seminis
359 1801 533 1853 delectationem
551 1801 684 1853 sensibilem
700 1813 803 1850 causans.
816 1801 872 1851 'ler-

63 1875 128 1926 tium
145 1877 220 1924 autem
232 1875 267 1924 est
275 1871 348 1923 solnm
358 1886 385 1923 er
397 1877 460 1937 parte
470 1874 563 1937 animae,
572 1872 659 1924 scilicet
669 1871 808 1936 propositum
818 1885 872 1935 per·

63 1944 177 1997 veniendi
195 1945 222 1994 ad
243 1945 312 1994 tulum
334 1943 517 1995 delectationem.
531 1946 556 1995 ln
574 1943 656 2007 guribus
677 1943 748 1997 tribus
767 1942 790 1993 lo
809 1943 870 2006 quod

64 2015 145 2086 primo
157 2016 260 2081 positum
273 2019 322 2078 est,
334 2029 376 2082 per
385 2017 492 2068 accidens
504 2030 529 2068 ss
542 2016 611 2066 babet
622 2016 651 2065 nd
663 2013 771 2065 moralem
785 2017 869 2077 actum,

66 2091 111 2156 qui
130 2101 177 2139 uon
197 2087 351 2138 consideratur
370 2099 411 2152 per
431 2101 471 2151 se,
486 2087 531 2138 uisi
555 2085 679 2138 secuudum
700 2097 728 2135 eu
746 2097 797 2148 qna
818 2085 873 2134 sunt

67 2162 164 2214 animm.
176 2159 306 2210 &cundum
318 2158 372 2210 rerb
387 2159 533 2210 materialiter
545 2172 571 2210 se
588 2157 657 2208 babet
677 2156 706 2206 ad
721 2160 795 2205 actum
810 2167 872 2205 mor·

67 2234 149 2295 talern3
157 2244 209 2282 nam
218 2230 338 2282 sensibiles
346 2231 464 2296 passiones
473 2235 527 2281 sunt
538 2227 760 2280 materiamoralium
772 2229 872 2276 actuum.

105 2347 140 2414 (ll
161 2350 212 2397 Siue
230 2350 312 2396 ilerum
332 2349 401 2409 paulo
418 2349 526 2408 plentius:
542 2348 621 2396 Porro
638 2348 661 2393 ai
676 2345 804 2404 punientes
819 2357 875 2390 cou-

64 2415 183 2477 jugatie,
201 2415 311 2472 quamvls
327 2411 480 2459 custodiatur
492 2415 521 2458 e'sr
536 2425 624 2461 curus,
637 2412 720 2456 neimo
735 2413 814 2454 tnmeu
828 2409 874 2454 tri·

69 2477 163 2526 brutius·
175 2489 226 2522 noer
235 2477 309 2522 corus·
315 2493 324 2531 ‚¹
337 2477 427 2534 quanto
440 2476 519 2534 megia
534 2475 685 2522 constituentis
695 2472 755 2521 ulta,
766 2474 809 2516 etc.

105 2547 140 2611 (ἰ)
159 2547 196 2594 Sic
217 2547 307 2594 demunt
328 2548 398 2596 etiam
422 2549 538 2605 isidorus,
557 2546 599 2592 lib.
623 2547 655 2590 ll.
678 2542 812 2601 Etymstog.
836 2543 874 2587 rel

70 2613 188 2670 minio..
204 2611 241 2656 tit.
258 2609 292 2656 De
302 2611 411 2656 natalibus
421 2611 543 2660 mmsis,
559 2608 700 2654 indictione
718 2607 808 2666 Virgo,
823 2604 876 2650 crim

69 2677 107 2724 sic
119 2676 153 2720 ait
167 2690 173 2718 ι
194 2673 268 2732 Virgo
284 2674 300 2718 rt
316 2674 438 2724 strictiori
455 2679 522 2720 oetste
535 2674 603 2719 diets
617 2676 667 2724 σιω
680 2671 723 2716 etsi
737 2669 800 2714 adult
813 2668 876 2724 quon

68 2746 96 2786 et
109 2738 174 2784 otior
188 2735 218 2782 ob
229 2739 417 2798 incorruptione
428 2739 499 2799 guest
512 2737 601 2796 unago,
614 2734 679 2793 guod
688 2731 811 2793 inmas
859 2731 865 2742 '

69 2801 300 2864 cummutationem.
