1934 3284
348 175 517 214 assaturis.
784 161 831 212 tlt

40 254 139 312 qurum
156 249 245 301 uidoel
261 251 331 301 bonno
353 250 440 316 spernit
455 251 540 302 bonunr
559 251 660 302 dunum
682 253 772 316 propter
790 253 834 302 boe

39 321 90 384 uubd
107 322 208 372 inbaeret
219 321 280 372 bono
295 323 422 386 temporali.

64 395 95 444 bd
107 393 201 444 tertium
217 393 353 454 beandune,
366 393 428 457 quibu
441 394 507 444 aliter
523 397 559 445 est
571 395 698 448 insanabile
711 398 835 460 peecatum

38 465 57 514 in
70 465 176 530 Spiritnrn
192 470 306 524 anetum,
319 468 344 515 et
352 466 418 516 aliter
431 465 533 517 auaritia.
546 467 602 516 Nam
616 471 735 532 peecatum
748 467 773 518 in
781 467 836 533 Spi-

39 538 99 586 ritum
115 540 220 586 oneum
235 541 272 587 eat
286 536 413 588 insanabile
425 551 456 586 ex
466 541 530 601 parta
544 539 701 602 contemptis,
714 539 767 603 putta
781 539 835 604 quia

39 609 98 659 bomo
108 608 238 658 contemnit
247 609 285 670 uel
294 609 487 670 misericordiam,
501 610 538 660 vel
550 610 663 675 justitiam
672 611 773 660 divinum
779 647 787 674 ,
798 613 837 660 aut

38 679 114 744 abqnid
124 681 208 730 bonurn
220 692 262 743 per
271 693 322 742 quae
330 680 431 731 bominis
441 685 536 744 peecata
548 685 673 732 sanantuna
684 685 708 732 et
718 682 769 731 ideo
777 681 833 731 talis
859 739 863 746 ¹

38 752 186 802 insanabilitas
201 751 300 814 pertinet
309 752 337 801 ad
356 752 463 816 majorem
477 753 610 814 gravitatem
620 753 717 817 peceati.
732 751 837 802 arentia

39 822 87 871 nard
100 823 170 873 babet
181 823 374 874 insanabilitatenn
382 837 412 874 ex
422 829 486 888 parte
496 824 600 876 deiectis
611 823 714 888 humani,
728 825 753 874 in
765 835 835 887 quem

38 895 118 944 scilieet
132 907 224 957 semper
238 895 339 958 procedit
358 897 456 945 bumana
471 900 563 957 natura,
582 896 635 960 quia
649 895 694 959 qud
704 894 785 960 aliquis
802 900 838 946 est

39 967 104 1030 nagia
119 966 243 1029 deficiens,
262 966 292 1017 eb
308 968 381 1030 inagis
393 967 481 1030 indiget
497 968 632 1018 adminiculo
645 967 782 1018 exteriorum
802 980 838 1018 re-

38 1052 96 1101 nim3
111 1042 135 1088 et
148 1037 201 1090 ideo
213 1039 286 1101 magis
298 1037 322 1088 in
339 1039 458 1089 ebulliant
472 1038 561 1090 labitur.
579 1039 642 1089 Unde
660 1051 701 1102 per
715 1038 784 1088 talem
802 1039 837 1087 in·

37 1110 199 1160 sanabilitntem
213 1123 260 1159 non
270 1110 398 1160 ostenditur
410 1115 528 1174 metatum
543 1125 594 1162 esse
608 1110 714 1174 gnatus,
725 1110 765 1160 sed
780 1120 837 1172 quo-

37 1181 150 1232 dammodo
166 1194 217 1232 esse
231 1181 392 1244 penerdosins.

66 1255 97 1303 lld
109 1257 219 1317 quartum
227 1253 355 1314 dicendum,
367 1253 431 1318 qubd
440 1255 536 1304 avaritia
550 1257 693 1318 eomparatur
704 1252 837 1304 idololatriae

38 1339 75 1387 per
86 1327 209 1390 qnamdam
222 1324 393 1377 similitudinem
406 1340 474 1389 quam
488 1327 557 1377 babet
569 1327 598 1376 ad
611 1327 684 1390 ipsam
696 1365 703 1387 ,
714 1325 767 1390 quia
780 1323 838 1375 sieut

37 1396 157 1448 idololatria
172 1395 265 1459 subjicit
276 1411 303 1447 se
317 1401 426 1448 creature
436 1397 553 1460 exteriori,
567 1397 599 1447 ita
609 1398 676 1447 etiam
687 1410 778 1458 aeuus,
792 1408 839 1446 non

38 1472 108 1518 brnen
118 1469 201 1520 eodem
212 1469 293 1530 modo3
305 1469 344 1518 sed
355 1468 482 1519 idololatria
492 1469 583 1532 qrridem
591 1469 683 1532 subjicit
694 1481 718 1518 se
731 1471 839 1519 creaturae

38 1541 155 1603 exteriori,
164 1545 192 1589 ut
206 1538 313 1590 exhibeat
325 1540 348 1588 ei
360 1540 447 1589 eadtnnu
457 1540 577 1604 divinum3
594 1554 676 1590 avarus
690 1545 766 1591 autem
781 1539 836 1590 snb-

37 1610 84 1670 jicit
93 1625 117 1662 se
128 1615 239 1661 emmona
251 1612 371 1675 exteriori,
382 1611 531 1662 immoderati
545 1625 596 1662 earn
612 1612 794 1677 conrupiscendo
811 1611 839 1660 ad

39 1695 108 1746 ιειω,
119 1686 256 1732 nontamen
267 1683 295 1733 ad
308 1684 404 1734 uultum.
413 1684 442 1733 Et
450 1683 503 1734 ideo
515 1697 561 1735 non
570 1687 659 1748 oportet
667 1683 728 1748 quiid
743 1682 839 1733 aventin

39 1753 115 1804 babeat
125 1757 217 1804 tanum
232 1753 376 1816 manitatem,
392 1758 501 1819 ιιιιιιιιιι
514 1755 585 1806 babet
595 1755 729 1805 idololatria.

326 1935 484 1986 ARTICULUS
499 1935 537 1984 Vl.

171 2059 264 2106 'Utru'am
272 2060 379 2104 avaritia
388 2061 420 2104 ait
428 2063 551 2117 peecatum
560 2059 695 2116 spirituale.

67 2191 99 2239 bd
108 2193 200 2240 sextum
213 2188 247 2238 sia
256 2188 393 2251 proceditur.
409 2187 503 2236 Videtur
511 2185 571 2250 qnbd
582 2183 675 2234 auaritia
690 2195 737 2232 non
746 2183 777 2232 sit
788 2195 841 2246 pee-

41 2265 109 2312 eatunn
124 2261 254 2325 spirituale.
269 2262 366 2310 Peccata
377 2259 437 2310 enim
451 2257 578 2322 spiritualia
591 2256 697 2306 videntur
712 2267 762 2304 esse
780 2253 841 2303 eirea

41 2330 161 2393 spiritualia
174 2333 244 2382 bona.
265 2333 310 2382 Sed
329 2330 422 2380 materia
436 2330 540 2380 avaritia
555 2332 608 2379 sunt
621 2327 681 2377 brena
701 2324 838 2390 nemoralia,

41 2403 123 2455 silicet
135 2402 265 2459 exteriores
275 2401 369 2452 diuitiae.
382 2403 440 2465 drgo
450 2400 545 2451 auaritia
557 2413 603 2450 nnn
618 2401 655 2450 est
668 2401 786 2462 pecudum
795 2396 844 2462 spi-

43 2474 126 2526 rituale.

69 2551 91 2596 2.
107 2548 239 2610 Praeterea,
253 2549 372 2610 peceatum
389 2543 507 2608 spirituale
526 2547 605 2594 mutua
622 2541 713 2592 carnale
725 2539 842 2590 dividitur.

42 2617 80 2667 Sed
92 2616 189 2668 auaritia
200 2617 350 2668 videturesse
359 2619 476 2680 pareatum
489 2613 593 2678 carnale3
606 2611 708 2676 sequitur
720 2611 780 2661 enirn
794 2623 845 2660 cor·

42 2689 167 2752 ruptionem
189 2690 281 2752 cunis,
300 2693 327 2738 nt
343 2691 409 2752 putet
426 2687 452 2737 in
474 2687 567 2736 senibus
583 2684 623 2749 qai
642 2687 733 2748 propter
749 2681 845 2732 earnalis

41 2768 124 2814 naturae
138 2761 255 2813 deteetnm
270 2761 294 2810 in
312 2759 428 2811 auaritiam
441 2757 552 2808 incidunt.
566 2757 625 2819 Ergo
642 2755 736 2806 auaritia
749 2766 795 2804 non
810 2755 845 2803 est

42 2835 155 2893 mecauri
167 2833 296 2898 spirituale.

69 2910 92 2955 e.
107 2907 238 2971 Praese,
251 2908 371 2970 petentum
388 2902 477 2955 earnde
496 2905 533 2952 est
547 2915 589 2967 per
599 2899 660 2964 qnod
673 2901 744 2951 etiarn
764 2909 847 2962 eorpus

135 3015 163 3054 v.
722 2997 753 3042 lt
