1934 3284
339 202 372 241 Ν
385 200 559 243 mmm·

343 384 502 440 donemus
517 386 555 439 III.

91 508 179 555 Uiritus
193 510 352 567 temperantia
364 511 396 557 rit
409 512 487 557 rotdm
496 511 560 556 circe
573 509 772 569 cmccptsceuttce
786 514 809 557 et

365 575 538 621 deioetnts'ooes.

79 700 116 751 td
134 701 226 750 tertium
243 699 278 751 sie
294 701 430 766 proceditur.
443 701 538 753 videtur
557 700 618 766 codd
632 701 783 766 temperentia
802 714 849 753 nou

49 774 79 823 sit
100 771 174 823 solium
195 772 255 823 cirea
271 772 464 837 cancupiseentias
481 777 505 823 et
526 772 696 825 delectationes.
717 773 851 825 nictentur

49 844 139 898 leius
152 843 178 893 in
189 856 233 893 sna
245 846 313 895 litet.
330 844 436 908 (siueDc
446 845 579 895 Rhetorica
588 846 739 898 inventione,
750 845 789 895 lib.
804 844 849 909 ll),

49 915 112 981 codd
128 915 303 979 «temperantia
316 919 353 966 est
373 916 468 967 rebonis
484 915 510 966 in
529 914 649 967 libidinem
664 919 733 980 atque
746 915 772 967 in
792 915 848 967 alios

48 1000 95 1039 non
109 989 184 1037 rectos
197 984 297 1050 Impetus
310 986 380 1038 enimi
388 987 453 1037 bne
465 990 489 1037 et
499 987 614 1037 moderata
628 984 761 1039 dominatio
773 1002 788 1035 u
801 986 849 1039 Sed

47 1058 150 1123 impetus
160 1056 230 1108 animi
242 1058 350 1109 dicuntur
358 1072 438 1109 omnes
451 1056 533 1109 anime
546 1058 673 1123 passiones.
686 1058 746 1123 Ergo
758 1058 851 1110 uidetur

47 1129 111 1194 qnbd
124 1128 274 1193 temperantia
287 1142 334 1181 non
353 1130 384 1181 sit
398 1128 472 1181 sellum
491 1128 553 1180 circa
567 1129 763 1195 concupiscentias
772 1133 797 1181 et
808 1130 850 1181 de·

47 1201 194 1252 lectationes.
749 1244 752 1251 .

82 1274 356 1334 emercarentur
366 1276 404 1325 est
418 1274 480 1325 clrcu
494 1273 587 1325 difficile
602 1278 625 1325 et
634 1273 719 1325 benum
729 1272 851 1339 (1).st

48 1344 165 1402 difficilius
178 1344 328 1397 videturesse
339 1349 464 1410 tempemre
478 1346 593 1407 amemur,
603 1345 701 1397 monime
711 1345 772 1397 olrca
788 1346 849 1411 peri·

47 1415 100 1467 cola
116 1416 208 1477 mortis,
221 1415 288 1479 quam
304 1417 415 1469 moderari
433 1416 630 1481 concupiscentias
645 1422 669 1467 et
679 1416 849 1481 delectationes,

47 1500 102 1551 qne
115 1490 207 1551 propter
219 1488 307 1538 dolores
322 1490 346 1543 et
359 1486 460 1553 pericula
473 1488 552 1540 mortis
567 1490 753 1551 contemnuntur,
763 1491 792 1538 ut·
804 1489 852 1538 tn-

47 1558 158 1622 gustinns
169 1558 260 1609 dioillo
273 1559 314 1609 lib.
325 1559 445 1614 LXXXIII.
462 1560 635 1621 decetionem
646 1560 702 1623 (qu.
717 1562 747 1609 dd
756 1559 775 1624 ).
787 1560 850 1623 Ergo

46 1630 141 1681 videtur
151 1628 211 1693 quod
225 1631 383 1694 temperantia
402 1630 474 1682 uirtus
488 1644 534 1682 nou
550 1630 579 1681 sit
593 1629 707 1695 praecipue
721 1630 782 1682 circa
795 1642 849 1683 oen·

47 1700 206 1766 cupiscentias
217 1705 241 1752 et
257 1702 428 1753 delectationes.

82 1778 106 1824 3.
122 1774 246 1835 Preterea,
262 1775 314 1825 uad
327 1773 502 1837 supertiam
515 1773 615 1837 pertinet
627 1772 787 1826 moderationis
801 1787 852 1839 gra-

47 1848 80 1899 tia
91 1862 121 1909 ,n
135 1848 162 1895 nt
171 1845 305 1896 Ambrosius
317 1844 372 1896 dicit
384 1846 410 1895 in
419 1846 439 1895 1.
450 1846 487 1894 De
502 1846 570 1908 ostie.
583 1847 645 1910 (rep.
656 1846 713 1909 tt).
730 1847 759 1897 Et
766 1846 852 1897 lollius

46 1916 104 1969 dicit
118 1916 145 1966 in
159 1917 178 1966 l.
189 1916 227 1965 De
239 1916 320 1981 offic„
331 1915 394 1979 quid
408 1932 423 1965 o
440 1916 469 1966 ad
481 1916 656 1979 temperantiam
667 1916 767 1981 pertinet
777 1917 852 1967 omnis

46 1988 138 2041 sedatio
147 1987 340 2053 perturbationum
351 1986 430 2046 antmt,
437 1991 461 2037 et
468 1998 544 2037 rerum
552 1987 640 2037 modus.
650 2003 664 2035 o
674 1988 768 2051 Oportet
776 1990 853 2037 autem

48 2060 144 2111 modum
158 2072 257 2125 ponere,
271 2070 317 2109 non
339 2056 411 2108 solium
430 2057 454 2107 in
472 2056 666 2121 concupiscentiis
681 2062 704 2109 et
721 2056 853 2109 delectatio·

47 2132 133 2194 nibus,
146 2130 268 2183 sedetiam
279 2130 305 2179 in
318 2129 468 2180 exterioribus
481 2128 570 2179 actibus
577 2164 586 2193 ‚
602 2132 626 2179 et
637 2128 774 2192 quibuslibet
788 2132 852 2181 ente-

47 2202 157 2254 rioribns.
173 2203 234 2265 Ergo
246 2201 397 2266 temperantia
411 2214 458 2252 non
471 2201 507 2253 est
525 2199 597 2251 solim
612 2200 675 2251 circa
691 2198 854 2264 concupiscen-

48 2275 98 2327 tias
105 2281 135 2345 pt
147 2275 319 2326 delectationes.

80 2350 126 2400 sed
141 2351 221 2399 contra
240 2349 291 2409 est,
303 2347 365 2411 quod
377 2347 475 2398 Isidorm
489 2346 546 2397 dicio
561 2344 587 2396 ln
597 2344 639 2395 lib.
653 2342 779 2409 Etpmol„
794 2342 855 2408 qudd

49 2438 64 2469 u
84 2417 239 2485 temperanda
259 2422 325 2485 est,v
339 2432 385 2483 nna
409 2416 479 2470 libido
500 2416 726 2481 concupiscentiaque
748 2416 856 2468 relreua-

50 2496 253 2630 mr(gereremus.
266 2588 298 2601 -
311 2562 474 2627 'temperantia
487 2562 550 2613 cirea
563 2558 758 2625 concupiscentias
775 2562 800 2609 et
819 2558 859 2612 de·

82 2688 117 2752 (1)
135 2691 311 2750 AEqnlvolenter
326 2702 376 2737 non
393 2688 517 2747 expressi,
538 2688 591 2735 culm
609 2689 642 2735 alt
662 2686 810 2746 antioceno
825 2691 859 2735 ert

49 2755 95 2810 pai
108 2766 161 2800 ocu
179 2755 257 2811 mepte,
271 2753 353 2814 {epici
370 2751 477 2799 dolorem
491 2750 564 2811 dudm
577 2755 673 2813 appetat
695 2750 857 2810 colreptcteor,⁸

48 2816 249 2874 mudeqsss'dem
261 2816 371 2863 uidemur
388 2818 462 2861 etium
473 2815 663 2862 immeoisre'mot
678 2812 762 2860 tertius
777 2814 793 2858 d
806 2826 858 2857 mc-

48 2880 130 2925 xims's
139 2878 305 2937 columitas
318 2879 450 2925 absterreri
460 2877 575 2925 dolorem
585 2883 664 2931 mete,
676 2883 721 2925 ete.
735 2875 858 2935 Perpertm

48 2948 133 2991 antem
143 2941 218 3003 pride,
230 2940 388 3003 utonemti
401 2941 537 2991 comatur.
660 2944 662 2951 '

165 3048 193 3092 t·
717 3037 749 3090 ld
