1934 3284
365 138 398 176 uu
412 136 536 178 ararum.
802 129 849 178 tlt

59 207 207 274 tamennon,
218 220 264 260 non
274 210 329 273 quia
339 215 434 261 venetur
443 211 468 260 iu
480 222 557 271 earne,
571 209 629 260 aient
638 210 800 274 demonium,
810 212 850 262 eod

56 292 94 342 per
110 278 254 345 opponitum3
268 280 336 344 quia,
356 281 415 332 aiunt
437 282 590 332 demoniacus
600 281 638 332 ille
661 281 689 332 de
706 294 752 346 quo
769 281 851 344 legitur

54 353 137 412 ituro„
153 351 189 414 u,
203 363 229 402 oo
250 351 393 416 denudabat,
415 353 447 404 ila
469 366 552 404 auarus
574 366 598 404 se
620 353 742 418 superfluis
766 351 851 404 duillio

53 428 137 473 onorat.

336 528 501 582 anniculus
516 531 565 581 Vll.
660 580 664 594 ,

215 654 300 698 Utrnm
309 654 413 702 avaritia
421 655 550 702 ritoitium
565 655 675 712 capitote.

80 781 114 830 ild
127 778 253 844 septimum
266 778 300 830 sie
314 780 442 844 proceditur
450 781 495 846 (1).
507 781 602 832 Videtur
618 780 678 845 quod
693 781 786 832 uuanda
804 795 849 834 non

52 853 77 900 sit
89 851 172 902 uitium
194 850 299 913 capitale.
314 851 414 902 Auaritia
428 854 491 903 euim
509 851 632 918 opponitur
645 852 774 903 liberalitati
791 854 851 904 sieut

51 923 129 986 modio,
141 926 167 972 et
180 919 332 986 prodigalitati
342 921 401 971 sieut
409 928 520 974 extremo.
533 924 577 976 Sed
591 937 665 988 neque
679 923 802 976 liberalitas
814 927 850 976 est

51 993 180 1058 principalis
198 992 287 1055 uirtus,
307 1005 381 1057 neque
399 995 545 1058 prodigalitas
566 994 647 1046 uitium
663 995 766 1060 capitale.
789 997 849 1060 Ergo

50 1067 115 1116 otiam
128 1064 226 1116 auaritia
240 1077 288 1114 non
301 1064 368 1115 debet
379 1066 435 1129 poui
447 1067 528 1116 uitium
543 1067 648 1131 capitale.

75 1143 100 1189 2.
114 1137 248 1196 Praeterea,
262 1135 322 1186 oieul
339 1136 408 1200 ouprl
424 1137 510 1186 dietum
528 1143 564 1188 est
578 1141 621 1200 (l,
634 1142 662 1198 a,
678 1151 718 1202 qu.
736 1137 798 1202 st),
810 1137 850 1188 illu

49 1210 153 1259 dicuntur
167 1220 218 1258 esse
230 1206 287 1258 uitia
300 1207 406 1271 capitalia
419 1222 469 1271 qun
486 1209 572 1259 habeut
591 1209 729 1274 principales
749 1210 807 1260 lines
821 1209 849 1260 ad

48 1295 102 1346 quos
114 1278 252 1332 ordinantur
263 1279 322 1330 dues
334 1279 431 1330 aliorum
444 1279 560 1331 uitiorum.
571 1281 617 1331 Sed
628 1282 671 1332 hoo
685 1294 731 1332 nou
740 1281 849 1344 competit

48 1351 146 1404 avaritie
157 1368 164 1417 3
175 1350 229 1415 quia
243 1368 257 1399 u
269 1350 354 1402 divitie
369 1364 414 1402 nou
424 1353 510 1402 habent
523 1351 634 1403 rationem
649 1353 702 1403 linis
710 1391 716 1416 ‚
725 1354 765 1406 sed
777 1353 849 1416 magis

46 1427 157 1476 rationem
178 1423 230 1487 ejus
248 1423 308 1487 quod
328 1427 364 1475 est
382 1425 410 1472 ad
426 1423 509 1485 linem,
524 1441 538 1472 u
547 1426 578 1474 ,ut
595 1423 678 1475 dieitur
699 1425 724 1474 in
739 1427 748 1478 t
763 1425 847 1476 Etlu'c.

48 1498 102 1560 drgo
117 1494 217 1546 auaritia
230 1508 278 1546 non
290 1498 326 1544 est
336 1495 419 1544 uitium
431 1495 539 1559 capitale.

75 1578 98 1622 3.
115 1573 248 1630 Praeterea,
262 1569 384 1633 Gregorius
401 1569 470 1633 dicit,
482 1571 522 1622 XV
537 1571 640 1631 Morut„
656 1571 716 1636 quod
731 1571 848 1624 ‹ravaritiu

48 1645 183 1707 quandoque
192 1642 264 1691 oritur
273 1655 300 1691 ex
310 1641 417 1705 elatione,
427 1642 563 1706 quaudoque
572 1657 599 1694 or
610 1642 690 1693 timore
701 1660 707 1707 ;
724 1643 776 1694 dum
787 1643 849 1695 enim

47 1715 134 1777 ondam
150 1713 248 1764 delicere
258 1712 302 1763 uitri
314 1712 341 1761 ad
351 1716 468 1776 sumptum
476 1713 604 1764 necessaria
615 1714 738 1775 aestimant,
747 1718 848 1766 monton

48 1787 72 1835 ud
86 1783 210 1836 auaritiam
223 1784 339 1846 relaxant3
350 1788 404 1833 sunt
413 1781 451 1833 atii
461 1784 501 1848 qui
515 1785 567 1834 dum
580 1783 680 1849 potiores
691 1784 762 1836 videri
776 1797 847 1849 appo·

47 1862 109 1920 tunt,
134 1856 164 1906 ad
181 1855 308 1904 alienarum
329 1867 403 1904 rerum
422 1854 531 1904 ambitum
557 1857 733 1908 succenduntur.
753 1873 767 1904 u
788 1858 847 1920 Ergo

47 1929 139 1980 auaritia
154 1925 229 1988 magio
242 1925 313 1975 oritur
326 1925 355 1974 ab
367 1925 418 1976 aliis
436 1925 514 1989 uitiis,
527 1926 595 1990 quam
609 1926 659 1991 ipsa
673 1927 703 1977 sit
719 1928 799 1978 uitium
809 1939 848 1978 ea·

46 1999 110 2061 pitulo
124 1999 233 2062 respectu
247 1996 351 2046 aliorum.

75 2071 117 2122 Sed
131 2073 215 2120 eontra
227 2071 275 2130 ost,
287 2066 348 2130 quod
361 2067 494 2131 Gregorius,
503 2069 574 2120 ltltlll
587 2069 724 2118 Moralium
737 2071 803 2134 (oap.
817 2074 846 2120 tlt

47 2143 79 2192 rel
92 2146 131 2206 tt,
142 2145 169 2192 ut
180 2140 230 2203 iam
240 2139 333 2203 supra),
343 2139 408 2202 pouit
420 2140 538 2188 auaritiam
550 2140 610 2190 inter
621 2140 675 2189 uitia
685 2141 798 2204 capitalia.

75 2217 241 2282 (Concuoouo.
254 2239 284 2249 —
297 2211 352 2264 cum
366 2210 390 2262 iu
408 2213 555 2276 pecuniarum
570 2213 689 2278 cupidine,
704 2215 764 2266 unde
774 2215 847 2264 multu

47 2285 242 2345 trumentum,
257 2283 353 2334 auaritia
369 2284 492 2350 oonsistat,
514 2285 595 2336 uitium
612 2286 709 2349 capitale
726 2298 776 2336 eam
796 2298 847 2336 esse

47 2373 69 2410 oo
142 2356 215 2421 itur.)
429 2417 432 2422 Ι

71 2374 210 2496 1Ιιὶειξξὲοιιᾱθο
229 2427 362 2491 dicendum,
377 2429 436 2493 quod
455 2429 514 2478 siout
528 2429 596 2493 supr'a
615 2429 698 2480 dietum
720 2432 754 2480 ost
767 2430 806 2494 (l,
820 2433 845 2494 il,

46 2517 81 2566 ou.
91 2508 131 2567 tt,
140 2507 184 2553 art.
194 2501 236 2566 3),
244 2500 325 2550 uitium
335 2499 430 2564 capitale
439 2501 523 2551 dieitur
530 2514 559 2551 ex
569 2515 613 2565 quo
624 2502 668 2551 alia
677 2502 732 2552 vitia
740 2501 846 2553 oriuntur

47 2574 167 2624 eorundum
191 2573 304 2623 rationem
321 2570 389 2636 flnis3
405 2572 444 2635 qui
468 2571 520 2622 cium
538 2572 568 2622 sit
591 2572 687 2622 mullim
707 2572 845 2637 appetibilis,

48 2648 134 2710 propter
144 2645 197 2710 ejus
210 2642 337 2707 appetitum
351 2643 420 2694 homo
433 2643 536 2707 procedit
549 2644 578 2693 ad
594 2645 664 2694 multa
679 2643 797 2708 iacienda,
810 2645 846 2693 rel

77 2797 106 2859 lt)
121 2802 154 2846 Ite
169 2798 288 2844 bisetium
302 2798 326 2841 in
343 2798 378 2858 11,
393 2797 471 2846 Soot„
484 2796 539 2843 dist.
553 2797 598 2856 42,
611 2809 651 2856 qu.
670 2799 698 2860 ἱ,
714 2805 759 2845 art.
775 2798 803 2852 ³;
819 2804 844 2844 et

47 2870 85 2917 qu.
94 2863 119 2923 o,
130 2862 160 2908 de
169 2861 242 2921 mato,
256 2858 485 2921 urt.1,etpu.13,
501 2866 545 2906 art.
558 2860 582 2906 3.
631 2885 637 2900 ,
