1934 3284
144 162 193 216 ΜΒ
257 172 505 225 neumnensium,
522 171 613 218 ensem
629 171 707 222 curn,
727 171 783 210 nr.
799 170 836 209 rr.

144 252 212 318 supri
222 251 324 302 labium
342 254 378 302 est
393 255 447 315 lqu.
459 251 514 310 lut,
527 253 569 300 arl.
581 248 622 313 6),
637 249 694 299 llam
708 247 800 313 primus
813 247 889 312 gradus
897 247 928 295 ln·

144 324 247 374 mittatis
259 328 295 375 est
308 323 397 373 ucurde
413 327 538 386 etcorpore
551 331 639 386 semper
655 321 817 370 humilitatem
833 319 928 370 ostendere

145 395 226 446 deliris
238 395 262 444 iu
273 399 355 446 mmm
372 394 519 458 aspectibus,
532 409 546 441 o
560 393 597 443 cui
610 393 737 456 opponitur
750 393 929 454 curiositatum

145 479 214 531 psam
231 467 313 531 aliquis
328 463 416 518 curiose
432 465 514 528 ubique
532 469 555 516 et
576 461 702 514 inordinati
720 463 887 527 circumspicit.
904 461 929 510 Se

146 538 235 588 modus
244 539 326 601 gradus
334 537 469 587 humilitatis
478 540 528 598 est,
538 553 553 584 u
561 539 586 584 ut
598 547 669 599 penes
680 534 752 584 rerba
765 539 790 584 et
806 531 929 584 rationabili

145 608 355 672 loquatnreliquis,
368 620 414 658 uun
426 608 525 658 clamosa
535 621 628 667 voce,n
643 609 724 656 contra
741 619 815 669 quem
829 604 930 669 opponitur

143 680 237 730 lenitus
249 681 357 740 mentis,
371 693 414 745 per
424 692 493 744 quem
508 679 594 731 scilicet
606 679 673 729 humo
688 677 791 743 superbe
806 691 832 728 se
849 673 930 727 haletin

143 754 224 804 serito.
238 753 328 804 Tertius
344 753 426 817 gradus
443 750 579 802 humilitatis
592 754 640 811 est,
656 767 671 798 u
687 759 775 801 utnon
794 750 826 800 sit
840 747 931 799 lacilisd

144 827 264 889 promptus
282 825 305 873 iu
320 823 382 886 men,
398 839 413 872 u
432 825 470 874 cui
490 823 610 889 opponitur
626 823 710 886 inepto
733 823 843 870 loedr'tr'u.
856 821 931 881 Quarti

145 897 229 959 eredes
236 895 371 947 humilitatis
379 895 585 946 estutamlumitas
594 903 665 958 usque
676 893 703 942 ad
713 892 931 958 interrogationem

146 967 185 1017 cui
199 968 319 1032 opponitur
329 967 468 1032 jactantia.
479 967 576 1026 Quintus
586 966 667 1030 gradus
683 965 825 1015 humilitatis
834 968 883 1025 est,
894 967 931 1012 nte

147 1050 204 1088 nere
216 1041 276 1102 quod
290 1039 418 1090 cummunis
430 1039 507 1104 regula
519 1036 646 1088 monasterii
656 1037 725 1087 dalet
734 1075 741 1097 ‚
750 1053 764 1084 s
774 1037 817 1086 eui
828 1035 932 1101 opponiln

146 1109 334 1174 stupuimus,
348 1123 390 1176 per
409 1123 477 1175 quam
494 1109 583 1160 scilicet
600 1108 682 1171 aliquis
699 1107 805 1159 sanctior
819 1109 869 1158 rult
882 1117 932 1172 appa

121 1199 127 1214 ·
146 1191 206 1230 rere.
216 1182 299 1232 Sextus
311 1184 393 1248 mallus
401 1181 538 1232 humilitatis
548 1183 591 1246 est,
607 1180 721 1231 ucredere
732 1184 756 1230 el
766 1179 933 1244 pronuntiaret

147 1251 253 1303 omnibus
272 1253 388 1313 viliorem,
404 1270 419 1302 n
433 1253 470 1302 eui
489 1252 612 1317 opponitur
631 1252 802 1316 arropuulr'a,
823 1265 866 1316 per
886 1261 933 1314 quan

146 1321 236 1374 munet
249 1325 317 1374 sumo
329 1337 355 1374 ee
367 1323 417 1374 aliis
431 1323 529 1388 preren.
540 1322 653 1388 Septimus
663 1324 746 1386 gradus
756 1323 896 1373 humilitatis
906 1325 933 1371 est

148 1408 164 1439 e
173 1393 202 1442 ed
215 1394 290 1444 omnia
302 1394 404 1444 inutilem
417 1399 441 1445 cl
455 1395 572 1458 indiguum
584 1407 609 1445 se
619 1393 721 1445 confiteri
734 1399 757 1445 et
769 1396 880 1456 credere,
892 1407 934 1441 nen

147 1465 269 1527 opponitur
284 1469 465 1531 presumptio,
484 1479 525 1531 per
536 1479 604 1529 qnam
621 1465 707 1516 scilicet
719 1465 806 1530 aliquis
820 1469 934 1530 reputata

146 1533 298 1586 metuentem
312 1538 340 1586 sd
355 1538 447 1602 majora.
462 1538 562 1587 Octunm
573 1537 656 1600 gradus
666 1535 807 1587 humilitatis
820 1541 856 1587 est
875 1547 934 1586 noun

146 1605 218 1656 lessio
231 1613 386 1672 peccaturum,
396 1625 411 1656 u
420 1608 457 1660 cui
469 1608 710 1674 opponiturcleseuee'o
722 1611 868 1660 eorumdem.
879 1611 935 1659 Noun

148 1678 232 1738 medus
245 1678 380 1730 humilitatis
397 1685 445 1744 cst,
461 1696 476 1728 s
492 1681 515 1730 in
530 1680 591 1730 duris
610 1684 633 1731 et
647 1680 733 1744 nsperis
749 1680 891 1745 patientium
904 1693 935 1730 am

148 1747 234 1810 plecti,
244 1763 259 1795 e
268 1749 307 1798 eui
319 1752 441 1815 opponitur
452 1751 722 1816 simuletueouseenio,
732 1763 855 1816 perquam
866 1751 935 1801 scilice

149 1818 232 1882 aliqum
246 1834 292 1872 uun
314 1825 363 1872 uult
384 1824 459 1874 subire
475 1835 566 1887 poenum
589 1837 630 1887 pro
646 1821 762 1888 peccatis,
776 1837 831 1886 quoe
848 1824 934 1874 simulat

59 1934 63 1940 .
150 1893 281 1944 comitatur.
295 1894 399 1944 llecimus
412 1895 494 1958 gradus
507 1893 640 1944 humilitatis
653 1899 689 1944 est
703 1911 716 1943 u
734 1895 880 1958 obedientia,
892 1913 905 1941 u
918 1907 935 1942 cn

150 1965 274 2027 opponitur
291 1964 402 2016 rebellio.
417 1965 555 2016 Undecimus
573 1967 654 2029 gradus
670 1964 811 2016 humilitatis
831 1971 884 2027 est,
899 1979 935 2013 un

151 2033 221 2086 homo
234 2049 279 2087 uun
290 2037 414 2088 delectetur
423 2036 497 2087 iacere
510 2037 621 2101 proprium
635 2036 789 2100 voluntatem,
803 2053 818 2083 u
834 2037 873 2087 eui
887 2049 935 2100 opp

150 2106 215 2157 uitur
225 2107 344 2165 libertus,
359 2121 400 2173 per
415 2119 482 2171 uuam
501 2108 588 2159 seilicet
606 2109 672 2158 humo
689 2108 818 2158 delectatur
831 2107 905 2158 libere
922 2108 935 2155 ir

151 2189 205 2229 cere
215 2182 275 2243 quud
289 2180 346 2230 vult.
362 2180 456 2230 llltimue
468 2183 544 2230 antem
559 2181 639 2242 gradus
657 2177 791 2229 humilitatis
809 2183 846 2230 est
861 2197 877 2227 u
891 2179 935 2228 lirun

151 2247 208 2313 lter,
222 2267 237 2298 u
249 2250 288 2300 cui
297 2253 421 2316 opponitur
435 2251 556 2315 peccandi
564 2250 723 2308 cousuetudo,
735 2263 787 2314 qum
800 2249 935 2315 implicatllt

150 2326 315 2386 euntemptum.
329 2325 357 2372 ln
373 2323 410 2373 tris
422 2327 498 2373 autem
512 2321 628 2372 duodecim
643 2321 749 2385 gradrlnus
761 2314 894 2385 tinguntur
911 2333 935 2370 nu

149 2391 224 2442 sollum
242 2395 353 2457 superbie
369 2395 471 2459 species,
486 2394 525 2444 sed
546 2393 613 2443 eliam
627 2395 729 2458 quadam
753 2393 935 2444 antecedentiar

149 2465 323 2528 consequentia,
341 2465 401 2517 siem
413 2465 482 2517 etium
497 2465 525 2516 de
539 2465 669 2516 humilitate
686 2465 774 2516 dietum
791 2469 830 2516 est
844 2466 902 2530 lubi
915 2477 935 2514 su

149 2533 218 2597 pra).
