1934 3284
282 141 313 178 nn
328 140 408 179 causa
423 141 572 178 reornantur.
783 133 829 179 oon

28 220 113 285 uibus
125 220 180 269 sunt
189 215 279 280 nutriti,
292 216 355 266 verbi
363 216 450 280 gratit:
465 218 544 268 Nauia
559 231 612 268 suos
621 217 729 269 inimicos
742 219 830 284 ventis,

31 303 138 343 amnum
158 287 277 351 naufragio
294 291 438 352 comparant3
455 286 490 337 sic
504 293 527 338 et
539 289 622 352 imos,
636 289 676 354 qui
694 289 739 340 luit
756 294 831 355 pastor

27 375 149 422 ecorum,
163 373 243 409 vocem
257 359 299 408 liei
312 358 395 422 rugitui
409 360 482 410 leonis
497 359 614 410 assimilat.
630 376 643 408 u
661 363 706 412 Sed
720 362 782 425 quod
795 374 831 412 re·

28 436 113 499 ipitur
127 433 150 482 tn
164 431 239 493 aliquo
253 430 379 481 secundiam
393 432 485 481 modum
499 430 646 494 recipientis,
658 433 754 496 requirit
768 439 833 484 natu·

27 507 96 557 alem
107 503 287 570 dispositionem.
302 504 361 566 Ergo
375 503 493 568 prophetia
506 503 600 567 requirit
614 505 741 554 naturalem
756 503 833 570 dispo·

26 579 142 630 itionem.

49 656 81 700 2.
97 650 223 709 Praeterea,
238 647 363 711 speculatio
376 648 503 711 prophetia
515 651 551 698 est
564 647 631 699 altior
644 648 713 711 quim
729 649 831 704 scientim

28 721 158 787 aquisitae.
178 722 222 771 Sed
241 719 386 782 indispositio
406 720 516 770 naturalis
536 719 631 784 impedit
652 721 830 786 speculationem

25 793 129 846 cientiae
141 791 267 856 acquisita.
281 790 345 840 ltulti
359 790 420 841 enim
435 803 465 841 ex
482 791 657 855 indispositione
669 793 766 864 naturali
780 807 832 857 per·

25 871 116 931 ingere
129 879 174 915 non
188 868 286 928 possunt
294 865 322 913 ad
332 863 440 914 scientias
455 864 607 928 speculativas
617 865 747 929 capiendas.
762 865 832 916 llultd

27 954 82 1003 rgo
98 937 170 1001 magis
185 937 307 1002 requiritur
323 938 350 986 ad
364 937 581 1000 errummplationem
592 937 758 1001 propheticam.

53 1017 85 1060 3.
101 1005 210 1058 metere
218 1044 227 1070 ,
241 1006 385 1070 indispositio
402 1007 512 1057 naturalis
529 1007 601 1071 magis
621 1008 717 1072 impedit
733 1008 831 1072 aliquem

24 1084 97 1152 [uam
116 1078 304 1144 impedimentum
322 1078 468 1129 accidentale.
484 1080 528 1129 Sed
543 1092 583 1144 per
597 1079 684 1144 aiquid
694 1080 832 1134 accidentale
936 1089 939 1092 '

25 1152 194 1220 uperneniens
209 1151 330 1215 impeditur
343 1151 471 1214 speculatio
479 1151 620 1214 prophetiae;
634 1151 690 1201 dicit
703 1151 764 1202 eninr
778 1153 832 1204 Hie·

25 1239 138 1291 onymus
154 1239 231 1288 super
244 1223 346 1282 Matri„
363 1221 423 1286 quod
438 1240 451 1270 a
467 1227 570 1287 tempore
585 1223 624 1274 illo
641 1237 685 1286 ouo
699 1223 831 1288 conjugales

23 1305 92 1351 ctus
110 1301 227 1360 geruntur,
242 1295 364 1359 prasentia
375 1294 449 1344 sancti
462 1295 560 1359 Spiritus
570 1309 616 1345 non
628 1295 731 1358 dabitur,
740 1296 832 1347 etiarnsi

22 1371 139 1434 tropheta
153 1381 204 1418 esse
215 1368 330 1429 uideatur,
345 1366 384 1430 qui
402 1367 479 1417 oltlcio
494 1366 646 1430 generationis
660 1366 800 1430 obsequitur.
815 1384 829 1416 »

22 1447 88 1507 irgo
105 1440 265 1503 multomagis
283 1437 425 1503 indispositio
439 1439 547 1490 naturalis
562 1438 657 1504 impedit
672 1439 829 1504 prophetiam

22 1522 41 1568 rt
60 1513 101 1564 sic
122 1512 210 1562 ridetur
229 1510 291 1576 quod
309 1510 369 1562 tona
390 1511 510 1576 dispositio
531 1510 640 1562 naturalis
660 1511 785 1576 requiratur
802 1512 831 1562 ad

21 1584 183 1648 ›rophettam
797 1627 800 1636 .

22 1650 23 1653 '
54 1657 106 1709 Sed
123 1661 201 1705 eontra
216 1658 267 1718 est,
278 1656 338 1718 qnod
350 1655 471 1719 Gregorius
488 1655 543 1705 dicit
556 1654 580 1705 in
596 1657 663 1708 llom.
678 1657 833 1706 Pentecostea

21 1736 23 1742 ⁴
39 1730 88 1780 vel
98 1727 169 1778 XXX.
179 1741 256 1791 super
265 1726 391 1790 decepi:
402 1744 415 1774 u
424 1727 610 1790 lmpletlseilicet
621 1727 717 1792 Spiritus
729 1730 832 1790 sanetus)

21 1792 177 1856 {itharoedum
196 1811 308 1862 puerum,
322 1802 345 1848 et
363 1797 504 1860 psalmistam
527 1798 599 1857 lacit;
617 1798 699 1860 implet
718 1801 833 1862 pastorem

21 1869 205 1933 ermentarium,
217 1881 348 1930 sycomoros
366 1869 524 1932 vellicantem,
539 1873 563 1920 et
581 1869 719 1932 prophetam
737 1869 801 1918 tacit.
816 1887 831 1916 e

21 1950 77 1997 lon
89 1954 143 2004 ergo
158 1941 277 2005 requiritur
287 1940 362 2004 aliqua
371 1940 491 2004 dispositio
499 1942 630 2005 praecedens
638 1941 665 1990 ad
676 1940 830 2005 prophetiam,

21 2018 64 2071 ted
82 2016 195 2077 dependet
209 2027 237 2062 ex
251 2014 299 2063 sola
309 2013 427 2063 voluntate
440 2011 538 2074 Spiritus
553 2011 638 2075 sancti3
652 2013 680 2062 de
694 2025 739 2075 quo
751 2011 833 2061 dicitur

21 2095 35 2142 ζ.
51 2086 95 2137 ad
109 2086 179 2144 Gor„
192 2085 251 2134 till:
267 2084 430 2136 «Hecomnia
440 2089 546 2147 operatur
556 2097 617 2134 unus
631 2086 699 2148 atque
713 2083 772 2133 idem
787 2082 835 2147 spi-

20 2162 103 2220 ritus,
118 2156 223 2206 dividens
240 2154 338 2218 singulis
351 2159 419 2220 prout
430 2156 490 2205 vult.
506 2171 521 2203 r>

54 2231 222 2296 (Coucnosio.
233 2229 325 2277 —Non
341 2228 417 2291 aliqua
439 2227 573 2291 precedens
590 2226 701 2280 naturalis
717 2225 836 2291 dispositio

21 2299 156 2357 iecessario
168 2305 203 2349 est
218 2301 246 2349 ad
262 2299 421 2362 prophetiam,
434 2300 475 2350 scd
489 2312 518 2350 ex
531 2298 579 2354 sola
591 2299 691 2364 Spiritus
708 2299 782 2350 sancti
791 2313 836 2352 ro-

21 2376 119 2430 runtatc
134 2370 264 2423 hominibus
276 2371 427 2431 infunditur.)
880 2375 882 2382 '

53 2444 198 2507 Respondeo
215 2442 350 2506 dicendum,
365 2441 425 2507 quod
439 2442 497 2493 sicut
510 2441 594 2493 dictum
609 2446 644 2492 est
663 2442 714 2505 (art.
726 2440 763 2505 1),
778 2455 836 2505 pro·

21 2520 100 2573 pheta
114 2513 168 2565 aere
178 2518 203 2564 et
215 2513 425 2578 simpliciterdicta,
433 2517 469 2565 est
477 2528 508 2564 ex
520 2513 668 2577 inspiratione
679 2513 766 2564 divina
781 2515 835 2572 Quo

21 2580 107 2642 'autem
118 2589 155 2635 est
167 2598 272 2636 excausa
283 2585 395 2643 naturali,
408 2585 545 2636 condicitur
559 2584 680 2650 prophetia
693 2583 740 2634 nisi
754 2597 838 2636 seeun-

22 2663 83 2715 tirm
98 2657 163 2722 quid.
178 2657 219 2706 Est
238 2661 315 2707 autem
328 2655 517 2708 considerandum
535 2655 595 2720 quod
618 2657 676 2706 sicut
697 2657 772 2717 Deus,
786 2655 839 2720 quia

21 2737 59 2787 est
79 2741 150 2780 cauea
161 2728 296 2778 universalis
308 2728 334 2776 tn
347 2729 450 2790 agendo,
464 2740 511 2778 non
527 2729 646 2792 praeripit
659 2726 779 2778 materiam
793 2739 837 2778 nec

21 2805 128 2867 utiquam
144 2799 246 2851 materie
259 2799 430 2863 dispositionem
442 2799 466 2849 in
477 2801 632 2864 corporalibus
642 2798 779 2864 effectibus,
796 2799 837 2850 sed

21 2874 100 2930 simul
109 2874 187 2937 potest
196 2875 220 2924 et
234 2872 352 2926 mierum
360 2870 567 2938 etdiaposittonon
577 2874 601 2926 et
611 2871 708 2924 lorman
718 2871 836 2935 induerer
