1934 3284
183 161 217 198 b!
234 157 461 199 susus't't'flouttttus
476 156 701 200 (mmmmm
745 171 749 176 ’
796 151 843 198 207

39 238 85 302 sui3
100 239 126 290 et
135 237 215 290 morito
227 235 296 288 etium
311 240 387 297 csset,
399 237 420 287 si
434 235 486 300 quis
499 235 591 287 timeret
602 240 764 289 nocumentum
775 237 844 289 alicui

39 323 104 373 puero
114 323 145 360 ex
159 309 228 360 ocule
241 306 384 366 fascinante,
398 308 427 358 de
439 319 486 370 ooo
499 306 583 360 unctum
601 313 637 359 est
648 309 674 360 in
689 309 764 360 uuo.
784 311 843 373 (neu

39 384 52 431 i.
63 386 134 446 pam,
149 391 193 446 qn.
202 383 243 442 tt,
254 383 299 430 sut.
311 379 344 442 3).
354 378 391 430 Sic
400 382 478 430 sutem
488 389 534 429 uon
542 383 578 429 cst
590 379 616 430 iu
624 380 756 447 hujusmodi
766 383 843 434 obser·

39 453 175 503 uatiouibus.
225 469 227 476 ·

64 525 97 576 Ad
108 523 238 576 secundnm
252 523 392 586 dicendum,
405 520 467 586 qnid
480 523 525 573 noc
538 521 622 586 quodi
635 522 750 588 principio
758 523 783 576 in
791 524 844 576 istis

38 595 238 648 observationibus
251 593 336 657 aliquid
348 593 398 644 reri
411 593 517 644 homines
528 594 617 658 experti
630 598 700 653 snut,
710 596 752 645 tuos
761 595 844 647 eccidit

38 683 102 729 cssn3
122 667 167 718 sed
186 665 329 732 postmodum
343 664 396 716 mim
411 664 515 716 homiues
531 665 645 730 incipiunt
658 679 723 716 snum
740 665 844 719 animum

38 738 168 804 hujusmodi
181 735 333 788 observantiis
346 735 477 800 implicare,
489 737 559 786 multu
570 735 696 787 secundnm
709 737 841 802 hujusmodi

38 809 207 861 ohservationes
224 807 334 858 eveniunt
348 820 389 872 per
405 808 564 872 deceptionem
578 807 720 868 demonum,
738 811 792 858 unt
804 808 841 860 uis

37 879 234 933 ouscmuuon'mus
253 877 361 930 homines
380 878 507 943 implicati,
521 878 659 929 curiosiores
679 878 750 939 iiuut,
771 883 795 930 et
816 893 843 932 se

37 955 103 1017 nugis
123 952 233 1002 inserunt
251 950 416 1014 muitipiicibos
434 949 521 1014 isqueis
539 948 664 1015 perniciosi
677 951 773 1014 suroris,
786 967 802 998 s
815 955 842 1002 nt

37 1024 175 1086 tugmstinus
192 1021 250 1072 uicit
258 1058 267 1086 ‚
283 1021 303 1071 ii
318 1021 355 1070 De
367 1021 485 1071 doctrina
499 1022 586 1072 ctm'st.
599 1021 667 1086 (cup.
684 1025 715 1072 ιι
726 1021 747 1085 ).

61 1097 92 1145 ιιι
111 1094 209 1146 tortium
228 1092 367 1157 dicendum,
382 1091 443 1156 quod
458 1091 481 1142 io
495 1094 582 1160 poputo
599 1093 728 1145 turicorum
749 1105 779 1144 ex
796 1105 842 1158 ouo

37 1167 134 1218 tinctus
153 1169 207 1218 erut
223 1163 369 1228 nasciturus,
389 1175 435 1214 nou
449 1162 522 1214 solium
542 1164 619 1228 dictu,
634 1165 675 1216 scut
690 1164 760 1216 cunm
780 1165 841 1218 tacu

36 1241 120 1290 inerunt
136 1235 336 1302 prophetismi
353 1236 496 1300 Augustinus
516 1235 585 1298 uicit,
604 1239 698 1286 contro
715 1236 839 1288 Faustum

38 1311 82 1364 tiit.
100 1311 175 1370 xxti,
188 1309 310 1372 mpii).
325 1307 412 1359 Etiico
424 1307 511 1357 licitum
520 1307 601 1359 esttttrr
612 1308 673 1359 tuctu
681 1321 798 1361 assumere
809 1310 839 1360 su

37 1387 127 1433 nostrum
144 1378 343 1441 instructionem,
355 1378 414 1432 sicut
427 1379 491 1444 siguo
505 1379 614 1430 divinitus
624 1380 692 1435 datus
705 1392 752 1431 non
761 1383 840 1431 sutem

37 1453 105 1502 omniu
117 1463 170 1518 quae
188 1455 289 1516 agimtur
304 1461 345 1514 per
357 1449 459 1501 divinum
474 1449 649 1514 prouidentiam,
663 1449 697 1501 sic
706 1449 841 1503 οιιιιιιιιιιιιι

37 1526 63 1570 ιιι
75 1524 260 1576 siuttutororom
273 1521 348 1587 signu.
363 1521 427 1572 Unus
438 1521 496 1573 notio
509 1533 556 1573 non
572 1521 681 1586 seqnitur.
744 1530 748 1536 ‘

336 1699 493 1753 numenius
505 1700 544 1752 lt.

58 1829 142 1876 Utrum
155 1825 305 1884 suspendere
319 1824 402 1870 dicimo
413 1825 486 1870 verto
495 1825 625 1872 ancellum
639 1827 671 1872 sit
689 1827 812 1873 illicitum.

59 1957 90 2006 un
107 1957 220 2020 quartum
235 1951 272 2003 sic
285 1949 530 2014 procuditur.tiuetur
540 1951 601 2016 quoi
610 1953 749 2018 suspendere
763 1952 840 2004 utrius

35 2027 95 2076 uerba
111 2027 141 2077 sd
157 2025 249 2076 coitum
261 2035 309 2074 nou
322 2021 353 2085 sit
367 2020 479 2072 illicitum.
491 2024 542 2074 Nou
551 2022 612 2074 euim
629 2023 787 2074 divinarentur
798 2023 841 2073 uui-

34 2099 87 2148 uoris
100 2101 158 2150 snut
171 2094 286 2148 orneacus
302 2093 353 2144 cisun
367 2093 508 2155 scribuntur,
526 2094 595 2158 onim
614 2093 665 2144 cium
683 2095 837 2158 proteruntur.

34 2170 70 2218 'ssd
84 2170 140 2220 licet
153 2167 235 2230 alium
247 2177 313 2216 socru
323 2165 392 2216 uerbo
404 2165 478 2217 dicere
488 2165 519 2216 uri
528 2165 615 2230 aliquos
624 2164 719 2216 cticctus
732 2165 800 2230 (putu
811 2167 840 2217 ad

35 2241 156 2291 :noandum
181 2237 321 2300 intirmos),
337 2237 396 2291 sicut
416 2239 495 2288 Pater
512 2241 609 2296 noster,
622 2239 673 2288 Ave
689 2237 790 2297 orama,
804 2237 842 2288 uel

36 2313 228 2374 posiiteroumqus
258 2321 342 2359 nornen
370 2307 458 2358 Domini
482 2308 615 2368 invocetur,
636 2306 761 2359 secnuriiunu
784 2307 840 2360 iilud

34 2385 117 2440 ‚uorc.‚
139 2383 197 2434 uit:
216 2380 272 2430 uin
284 2379 376 2430 nominc
390 2392 443 2430 nuso
457 2380 569 2430 immonis
585 2378 694 2442 ejicient,
708 2377 791 2444 tinguis
804 2381 839 2432 io·

13 2495 15 2514 ,
35 2460 126 2513 poenior
135 2453 220 2512 noris,
233 2453 355 2516 serpentes
367 2450 456 2502 tolient.
469 2467 483 2498 n
496 2452 555 2515 Ergo
567 2451 659 2502 vinctor
674 2450 736 2516 putri
749 2451 839 2503 licitum

36 2525 58 2573 >u
74 2527 154 2590 utiquo
165 2537 233 2576 sucro
247 2522 333 2587 scripto
344 2522 402 2573 colio
416 2523 557 2587 suspendere
568 2522 594 2574 in
604 2523 729 2574 remedium
739 2523 840 2576 infirmi-

35 2597 94 2654 tmis,
113 2597 155 2646 uei
170 2596 340 2660 snjuuscumque
352 2594 492 2645 nocumenti.

13 2663 15 2672 ’
59 2670 80 2717 t.
95 2669 225 2726 Praeteres,
234 2665 305 2715 uerita
314 2676 379 2715 sacru
389 2675 437 2716 non*
448 2663 526 2716 minius
538 2669 664 2730 operantur
674 2666 698 2718 in
707 2667 841 2732 corporibus

36 2739 159 2798 nominum,
172 2735 247 2800 'quim
261 2735 286 2786 iu
303 2735 434 2800 corporibus
447 2739 581 2800 serpentum
595 2740 620 2788 ct
635 2737 730 2788 otiorum
744 2737 841 2787 suimu-

36 2807 91 2859 lium.
106 2807 156 2859 sed
168 2806 341 2858 insecutiones
355 2809 474 2872 munuum
490 2805 615 2859 citiensium
626 2808 713 2860 ιιιιιιιιι
725 2809 754 2858 sd
770 2805 842 2870 repri-

37 2882 140 2932 mendum
154 2879 290 2945 serpentes,
309 2877 347 2930 usi
361 2879 389 2931 ud
402 2879 529 2936 sanandum
543 2879 647 2949 onmium
659 2879 704 2934 sliu
718 2875 847 2938 minuim-
