1934 3284
333 205 364 243 ult
379 204 448 243 llllttl
463 202 563 244 cenail.

339 388 497 441 audiemus
513 388 554 440 lll.

159 514 245 588 Utrieen
258 514 427 573 tmuieqtoria
443 515 475 559 ait
487 518 609 577 peceatum
627 518 734 562 mortale.

81 640 114 693 ad
121 640 214 692 tertium
225 640 260 692 sic
270 640 407 706 proceditur.
416 641 511 693 Videtur
519 640 579 706 qudd
591 641 664 693 inanis
674 642 743 707 gloria
753 644 783 695 sit
795 656 846 711 pec·

53 715 123 763 catum
142 714 244 764 mortale.
263 712 326 764 Nihil
343 714 403 764 euim
416 712 515 764 excludit
533 713 659 765 mercedem
677 717 784 771 eternum
801 715 847 767 uisi

52 788 164 848 peecatum
176 786 280 836 mortale.
292 787 337 837 Sed
352 786 427 837 inanis
440 784 512 849 gioria
527 785 624 837 excludit
635 787 763 838 mercedem
774 790 847 839 aeter-

53 870 101 906 mm
112 870 119 907 τ
130 857 217 909 [licitur
224 858 288 908 euim
298 858 400 913 elatee..
415 859 445 908 Vl
458 873 465 908 ι
478 856 614 908 «Attendite
627 869 657 907 ae
668 857 782 921 justitiam
795 872 847 909 ues-

53 930 105 978 tram
118 928 209 980 faciatis
221 942 297 981 coram
311 929 454 993 homiuibus,
467 934 493 979 ut
507 928 632 981 videamini
645 929 672 980 ab
685 928 719 979 eis
730 944 736 979 τ
747 929 847 995 alioquin

53 1000 175 1051 mercedem
194 1013 240 1052 uon
258 1000 370 1052 habebitis
387 1002 447 1066 apud
463 1002 553 1052 Patrem
571 1004 671 1051 restrum
685 1000 724 1065 qui
740 1000 766 1051 iu
783 1002 848 1055 coelis

54 1074 94 1123 εει.
103 1088 118 1120 ιι
128 1074 189 1136 Ergo
199 1072 273 1123 inanis
283 1072 356 1136 gloria
369 1077 405 1124 est
417 1076 535 1137 peccatum
547 1073 649 1123 morule.

80 1147 103 1194 a.
124 1146 250 1206 Praeterea,
265 1146 401 1209 quicumque
421 1144 515 1210 surripit
535 1144 578 1195 sibi
596 1144 656 1209 quod
676 1147 713 1196 est
733 1144 773 1195 Dei
791 1158 849 1211 pru-

53 1216 137 1278 prium,
150 1218 274 1269 mortaliter
284 1223 371 1284 peccat.
382 1217 425 1268 Sed
439 1230 480 1281 per
490 1216 616 1283 appetitum
630 1216 705 1267 inanis
715 1216 791 1282 glorie
810 1218 850 1269 ali·

53 1288 101 1349 qais
114 1287 160 1338 sibi
170 1288 271 1339 attribuit
283 1289 344 1352 quod
357 1294 392 1340 est
403 1288 519 1352 proprium
530 1288 569 1339 ltei
584 1302 590 1337 :
604 1286 686 1339 dicitur
700 1289 762 1340 enim
775 1290 845 1354 leui„

54 1358 107 1410 llll
117 1359 152 1425 (t)
170 1375 207 1410 :u
229 1361 326 1411 Glodam
349 1374 423 1420 meam
442 1360 507 1411 alteri
530 1374 577 1411 uua
597 1360 672 1425 dabo;
694 1376 709 1408 ι)
730 1363 755 1411 ει
774 1361 793 1411 l.
815 1362 850 1412 ud

56 1430 172 1492 timoth„
182 1432 212 1482 l:
227 1432 298 1483 «Soli
308 1432 354 1483 lieu
367 1434 439 1484 honor
453 1436 477 1483 et
488 1431 568 1497 gloria.
581 1448 596 1481 u
611 1432 670 1497 Ergo
687 1432 763 1483 inanis
780 1432 850 1499 gloria

55 1505 87 1552 εει
105 1506 224 1568 peceatum
236 1503 342 1555 mortale.
839 1562 842 1571 ,

82 1578 104 1625 ι.
124 1575 250 1637 emersa,
262 1574 319 1627 illud
332 1578 449 1640 peceatum
467 1576 529 1640 quod
546 1578 582 1627 est
594 1575 691 1628 maxime
701 1574 851 1641 periculosum

54 1648 75 1694 et
84 1645 202 1708 nucitum,
216 1647 306 1698 videtur
319 1660 370 1698 esse
383 1648 487 1699 mortale.
499 1648 544 1698 Sed
554 1652 672 1712 peccatum
685 1648 761 1699 ineuis
773 1648 848 1713 glorie

54 1721 84 1768 est
95 1719 239 1783 hujusmodi3
251 1720 304 1783 quia
321 1719 454 1783 superillad
472 1719 490 1768 l.
506 1718 542 1769 ud
555 1717 645 1781 diosc,
655 1720 694 1770 ll:
714 1738 728 1767 ιι
745 1722 794 1771 1)εο
810 1719 850 1784 qui

54 1792 131 1853 proluat
141 1791 210 1841 eorda
224 1794 315 1855 masau,
330 1807 344 1838 u
356 1789 411 1841 dicit
424 1792 504 1842 Glossa
519 1788 640 1854 Augustini
658 1805 664 1839 :
681 1791 769 1849 «Quas
789 1790 851 1841 uires

54 1861 149 1913 uomadi
163 1862 247 1911 habeat
258 1863 365 1913 humanae
384 1863 552 1927 gloriemur,
567 1874 613 1912 uon
628 1862 697 1913 sentit
711 1862 757 1912 uisi
772 1861 812 1927 qui
829 1862 851 1915 ei

54 1930 134 1983 bellam
146 1932 264 1997 indixerit3
274 1932 328 1999 quia
338 1934 382 1983 etsi
395 1932 499 1996 cuiquam
509 1932 577 1984 facile
595 1936 630 1983 εει
644 1932 734 1983 uadem
744 1944 792 1983 nou
806 1944 850 1982 cu-

55 2017 104 2066 pere
116 2004 170 2054 dum
184 2009 289 2068 negatur,
301 2005 393 2056 diltieile
409 2008 486 2055 mmea
507 2007 543 2055 est
561 2003 588 2055 el
607 2016 654 2055 nou
673 2003 779 2055 delectari
799 2003 852 2054 edm

55 2077 150 2127 otiertur.
159 2079 357 2143 »chrysostomus
367 2078 436 2128 etiam
445 2076 502 2127 dicit
514 2078 617 2132 Multis..
625 2076 669 2141 Vl,
680 2074 740 2141 qudd
752 2074 851 2127 uinanis

55 2148 122 2210 gloria
136 2150 225 2201 occulte
239 2149 380 2214 ingreditur,
395 2153 419 2200 et
437 2147 513 2199 omnia
526 2160 577 2215 qum
590 2147 653 2198 intus
673 2151 740 2209 suat,
754 2146 852 2197 insensi-

55 2221 125 2273 biliter
141 2222 294 2285 aulert.·llrgo
309 2221 385 2272 inanis
403 2219 522 2283 gloriaest
535 2223 654 2284 peceatum
670 2218 772 2270 mortale.

83 2294 129 2346 Sed
152 2297 231 2345 contra
250 2298 298 2356 est,
312 2294 372 2359 quod
391 2294 568 2358 chrysostomus
588 2290 643 2341 dicit
662 2290 853 2354 superlectili,

57 2366 112 2429 qudd
132 2382 147 2414 ιι
164 2380 216 2416 eam
233 2366 291 2417 vitta
311 2368 390 2416 catera
409 2366 484 2415 locum
505 2362 603 2414 habeant
620 2362 645 2412 ia
665 2362 738 2413 seruis
755 2360 852 2425 diaboli,

56 2434 128 2489 inanis
141 2437 212 2502 gloria
223 2438 298 2489 locum
312 2436 380 2488 etiam
398 2437 467 2487 habet
479 2435 505 2485 in
517 2434 588 2487 servis
599 2432 695 2498 Christi;
707 2448 721 2479 u
733 2432 758 2482 iu
770 2432 853 2497 quibus

57 2509 128 2561 mmen
143 2510 231 2560 nullum
250 2511 283 2560 est
299 2512 418 2573 peceatum
434 2508 539 2559 mortale.
556 2506 616 2571 Ergo
636 2503 711 2556 inanis
725 2504 795 2568 gloria
808 2518 854 2557 uon

59 2584 91 2631 est
104 2586 223 2647 pecatum
241 2582 343 2632 mumale.

86 2656 244 2715 (Εειιειιιειο.
258 2652 375 2703 -lnauis
392 2652 464 2716 glorie
484 2666 533 2703 uun
555 2655 592 2703 est
610 2650 704 2702 mortale
720 2652 852 2714 peccatum,

57 2725 96 2776 nisi
113 2725 220 2777 charitati
239 2723 339 2789 perlecti
348 2715 352 2724 ’
361 2722 512 2787 adversetur.)

83 2797 220 2862 limpoadeo
231 2794 350 2847 dicendum
359 2834 366 2858 ‚
376 2793 438 2859 qudd
448 2794 508 2844 sieut
521 2808 590 2860 supra
601 2796 686 2847 dictum
697 2797 733 2845 est
741 2794 750 2859 t
758 2807 798 2858 qu.
812 2795 853 2853 tl,

85 2932 120 2998 (¹)
135 2934 202 2992 Μ
218 2946 248 2981 ⁰¹
268 2944 368 2993 mitons
389 2934 465 2983 lauis
482 2932 571 2983 dictum
592 2934 747 2994 Hieronymus
761 2930 855 2997 ¹lividum
