1934 3284
561 59 580 89 l

245 204 278 252 ii!
295 205 476 255 sttnnsttrtenrt
490 211 640 257 vividum.
799 203 846 254 180

339 401 501 459 nnttctttts
517 403 562 453 111.-

116 528 204 573 neom
214 526 248 572 nit
257 524 417 578 determinare
425 528 507 585 plnres
516 528 671 574 divinationis
680 528 773 586 speeies.

72 653 203 705 intertium
216 653 250 703 sie
260 652 398 717 proceditur.
415 654 510 705 Videtur
519 653 577 718 quid
587 665 634 705 nen
647 654 677 704 sit
687 654 838 705 determinare

47 727 112 785 plures
123 723 279 775 divinationis
293 725 387 787 speeies.
404 725 446 775 Ubi
461 724 570 775 animent
581 739 629 775 uua
648 726 706 775 ratio
718 725 843 789 peccandi,

47 796 197 847 nouvidentur
211 796 293 861 plures
306 808 357 845 esse
370 796 456 860 peceati
468 796 565 861 species.
579 796 623 847 Sed
639 796 662 845 in
678 796 740 847 omui
754 796 846 846 divina-

47 867 98 919 tione
109 872 146 919 est
156 881 205 917 uua
220 868 281 917 ratio
301 868 407 931 peuonudi
416 907 423 929 ,
433 868 486 931 quia
495 868 584 918 scilicet
594 868 664 917 utitur
680 867 762 930 aliquis
775 872 844 932 pacto

48 939 163 989 demonum
184 940 212 989 ad
242 940 425 1002 cognoscendum
447 940 532 991 nutura.
551 940 611 1003 Ergo
631 937 779 989 divinationis
799 951 846 989 neu

48 1016 94 1059 suut
107 1012 187 1075 plnres
201 1009 305 1075 speeies.

72 1085 92 1132 t.
106 1082 241 1143 interea,
257 1084 324 1131 aetas
343 1081 456 1133 humanus
472 1082 574 1147 speeiem
591 1081 685 1133 sortitur
698 1094 728 1132 ex
745 1081 802 1140 tine,
817 1086 842 1131 nt

46 1150 107 1214 snpri
117 1153 225 1203 habitum
236 1154 273 1202 est
289 1150 335 1215 (t,
347 1156 375 1213 Ξ,
391 1166 430 1217 qu.
446 1156 474 1214 1,
489 1157 531 1204 art.
541 1152 580 1217 3).
595 1151 724 1204 Sedomuis
736 1152 844 1203 divinatio

47 1224 155 1274 ordinatur
164 1224 193 1273 ad
203 1232 278 1273 unum
292 1222 360 1271 finem
367 1260 375 1287 ,
389 1223 477 1274 scilieet
490 1225 519 1274 ad
531 1223 743 1287 pronuntiationem
757 1223 841 1274 tuturo·

47 1306 96 1343 rum.
111 1296 169 1358 Ergo
183 1292 263 1345 omnis
272 1292 382 1343 divinatio
393 1298 428 1344 est
442 1295 508 1345 unius
519 1295 612 1359 speciei.

73 1370 94 1414 3.
108 1366 236 1429 Praeteren
251 1364 319 1427 sigua
332 1372 377 1416 non
395 1365 548 1416 diversificant
566 1367 665 1430 speeiem
677 1366 780 1431 peceati:
796 1366 844 1417 sire

49 1437 103 1485 euin
115 1436 317 1501 aliquisdetrnhat
325 1434 413 1499 verbis,
425 1436 461 1486 vel
474 1437 573 1500 scripto,
586 1436 622 1487 vel
633 1440 705 1499 nutu,
717 1441 752 1488 est
766 1438 845 1488 eadem

52 1507 127 1568 speeies
145 1507 250 1573 peceati.
266 1507 313 1557 Sed
333 1506 484 1558 divinationes
499 1522 545 1557 nou
567 1508 672 1559 uidentur
689 1508 779 1559 differre
798 1508 843 1558 uisi

49 1579 163 1630 secuudum
189 1579 284 1629 diversa
305 1578 548 1643 genera,ean1irus
567 1579 673 1643 aeuipitur
695 1579 844 1645 precognitio

46 1648 172 1703 futurorum.
188 1652 252 1715 Ergo
265 1662 313 1701 nun
327 1648 379 1699 sun't
392 1651 488 1703 diversae
501 1651 647 1702 divinationis
660 1651 757 1717 speeies.

72 1722 113 1773 Sed
123 1728 205 1774 eontra
220 1726 270 1784 est,
282 1720 341 1785 qnid
352 1720 448 1773 isidonrs
458 1722 482 1771 in
493 1722 534 1773 tib.
553 1724 664 1786 Etymot.
681 1727 800 1774 enumerat
813 1723 847 1775 di-

46 1806 117 1844 rersas
132 1792 225 1859 speeies
237 1790 398 1843 divinationis.

73 1865 233 1929 (Concussae.
246 1891 279 1902 -
290 1863 345 1913 Tria
364 1876 446 1926 genera
463 1862 610 1915 divinationis
625 1878 675 1917 esse
689 1871 776 1917 eertum
794 1870 844 1931 est,

46 1936 80 1985 sub
94 1938 179 2001 quibus
191 1935 263 1987 varin
278 1938 359 1985 extent
376 1936 521 1986 divinationis
539 1938 643 2001 speeies:
658 1951 755 2001 quorum
769 1951 839 1990 unum

46 2012 75 2056 est
87 2022 128 2072 pur
146 2006 297 2058 manifestam
311 2006 437 2055 damonum
454 2007 639 2071 intonationem,
650 2010 708 2072 quod
728 2007 809 2058 attinet
818 2010 846 2059 ad
885 2026 894 2046 ·

46 2079 239 2139 neeromantieos;
256 2076 383 2129 secundum
398 2077 451 2128 verd
466 2084 580 2142 sumptum
589 2093 662 2143 penes
671 2079 843 2143 dispositionem

46 2153 64 2196 et
74 2154 159 2201 notum
174 2150 273 2200 alterius
284 2148 335 2209 rei,
350 2150 407 2213 qued
424 2154 511 2214 spectat
522 2150 550 2199 ad
564 2162 675 2213 augures3
691 2150 782 2199 ternum
793 2149 846 2200 vern

46 2224 66 2271 nt
77 2229 150 2275 sortes
165 2226 264 2289 spectat.
278 2226 284 2279 t

69 2295 208 2361 despondeo
222 2294 362 2356 dicendum,
376 2292 436 2358 qudd
448 2294 506 2344 sicut
515 2289 599 2345 dietum
611 2298 648 2343 est
663 2295 714 2355 (art.
726 2292 762 2357 2),
771 2294 844 2345 omnis
937 2331 939 2335 v

44 2366 147 2419 divinatio
163 2368 236 2417 utitur
247 2368 276 2417 ad
289 2365 490 2430 prnuoguitionem
510 2366 579 2415 inturi
596 2365 692 2415 eventius
704 2364 780 2428 aliquo
798 2367 844 2417 da·

44 2452 129 2491 uenum
145 2437 244 2491 oonsilio
257 2438 294 2487 vel
305 2434 391 2486 anxitio
403 2438 479 2499 :quud
493 2435 584 2501 quidem
596 2437 633 2486 vet
645 2435 752 2501 expressi
761 2435 842 2501 imple

44 2518 111 2574 ratur,
127 2511 169 2561 nel
181 2513 264 2573 prater
278 2507 430 2557 intentionem
446 2507 546 2558 nominis
559 2520 585 2558 se
602 2506 690 2558 occulte
704 2508 793 2558 damon
805 2508 846 2559 in-

44 2586 93 2641 anit
106 2582 135 2634 ad
151 2579 357 2646 praenuutiandum
370 2578 445 2628 iutura
456 2580 574 2643 quoedanr,
583 2591 634 2641 qun
647 2578 777 2628 homiuibus
790 2584 846 2629 suut

45 2658 139 2714 ignorata
148 2691 157 2717 ,
166 2653 202 2703 eie
217 2656 295 2702 autern
307 2648 399 2714 cognita
414 2662 453 2714 par
467 2650 546 2700 modos
556 2650 584 2699 de
597 2649 678 2711 quibus
688 2650 714 2699 iu
727 2650 746 2699 t.
756 2649 843 2699 dictum

45 2731 73 2773 est
87 2726 134 2790 (tt.
146 2728 222 2790 part,
236 2736 276 2787 qu.
290 2724 331 2784 57,
343 2723 386 2770 art.
399 2720 434 2784 3).
832 2776 835 2779 ,

69 2798 190 2849 temones
203 2800 282 2847 antem
293 2792 404 2858 expresse
414 2794 514 2845 invocati
524 2794 598 2845 solent
607 2792 683 2844 sutura
695 2790 847 2858 praenuntiare

44 2869 204 2934 nuttipiiciter.
219 2867 362 2931 Quandoque
372 2865 461 2930 quidem
473 2865 621 2931 prestigiosis
635 2864 768 2929 quibusdam
777 2872 847 2925 appa-

45 2941 157 2997 ritionibus
177 2951 202 2993 se
230 2938 336 3007 aspectui
354 2940 380 2989 et
404 2938 493 2990 auditui
512 2937 632 2990 hominurn
650 2936 795 3000 ingerentes,
816 2929 847 2979 'ad
