<?xml version="1.0" encoding="UTF-8"?>
<!DOCTYPE html PUBLIC "-//W3C//DTD XHTML 1.0 Transitional//EN"
    "http://www.w3.org/TR/xhtml1/DTD/xhtml1-transitional.dtd">
<html xmlns="http://www.w3.org/1999/xhtml" xml:lang="en" lang="en">
 <head>
  <title>
</title>
<meta http-equiv="Content-Type" content="text/html;charset=utf-8" />
  <meta name='ocr-system' content='tesseract 3.04.00' />
  <meta name='ocr-capabilities' content='ocr_page ocr_carea ocr_par ocr_line ocrx_word'/>
</head>
<body>
  <div class='ocr_page' id='page_1' title='image "./summatheologica05nicogoog_0672.png"; bbox 0 0 1934 3284; ppageno 0'>
   <div class='ocr_carea' id='block_1_1' title="bbox 340 131 839 196">
    <p class='ocr_par' dir='ltr' id='par_1_1' title="bbox 340 131 839 196">
     <span class='ocr_line' id='line_1_1' title="bbox 340 131 839 196; baseline -0.008 -14"><span class='ocrx_word' id='word_1_1' title='bbox 340 144 372 196; x_wconf 74' lang='lat' dir='ltr'>os</span> <span class='ocrx_word' id='word_1_2' title='bbox 385 142 529 182; x_wconf 74' lang='lat' dir='ltr'>marsuano.</span> <span class='ocrx_word' id='word_1_3' title='bbox 791 131 839 178; x_wconf 69' lang='lat' dir='ltr'><strong><em>m</em></strong></span> 
     </span>
    </p>
   </div>
   <div class='ocr_carea' id='block_1_2' title="bbox 29 217 836 650">
    <p class='ocr_par' dir='ltr' id='par_1_2' title="bbox 29 217 836 650">
     <span class='ocr_line' id='line_1_2' title="bbox 29 217 834 287; baseline -0.009 -12"><span class='ocrx_word' id='word_1_4' title='bbox 29 228 53 275; x_wconf 88' lang='lat' dir='ltr'>et</span> <span class='ocrx_word' id='word_1_5' title='bbox 72 222 161 287; x_wconf 83' lang='lat' dir='ltr'>malus,</span> <span class='ocrx_word' id='word_1_6' title='bbox 178 221 217 286; x_wconf 80' lang='lat' dir='ltr'>qui</span> <span class='ocrx_word' id='word_1_7' title='bbox 227 219 313 271; x_wconf 91' lang='lat' dir='ltr'>tollitur</span> <span class='ocrx_word' id='word_1_8' title='bbox 325 233 366 284; x_wconf 88' lang='lat' dir='ltr'>por</span> <span class='ocrx_word' id='word_1_9' title='bbox 379 221 521 270; x_wconf 77' lang='lat' dir='ltr'>ebrietatem.</span> <span class='ocrx_word' id='word_1_10' title='bbox 533 217 579 270; x_wconf 80' lang='lat' dir='ltr'>Sec</span> <span class='ocrx_word' id='word_1_11' title='bbox 589 217 650 270; x_wconf 87' lang='lat' dir='ltr'>hona</span> <span class='ocrx_word' id='word_1_12' title='bbox 661 217 770 268; x_wconf 81' lang='lat' dir='ltr'>virtutum</span> <span class='ocrx_word' id='word_1_13' title='bbox 782 231 834 282; x_wconf 78' lang='lat' dir='ltr'>qua</span> 
     </span>
     <span class='ocr_line' id='line_1_3' title="bbox 29 289 834 356; baseline -0.009 -10"><span class='ocrx_word' id='word_1_14' title='bbox 29 295 144 346; x_wconf 87' lang='lat' dir='ltr'>tolluntur</span> <span class='ocrx_word' id='word_1_15' title='bbox 155 307 197 356; x_wconf 90' lang='lat' dir='ltr'>per</span> <span class='ocrx_word' id='word_1_16' title='bbox 210 307 237 344; x_wconf 87' lang='lat' dir='ltr'>aa</span> <span class='ocrx_word' id='word_1_17' title='bbox 255 305 305 356; x_wconf 76' lang='lat' dir='ltr'>quin</span> <span class='ocrx_word' id='word_1_18' title='bbox 320 291 483 342; x_wconf 86' lang='lat' dir='ltr'>contrariantur</span> <span class='ocrx_word' id='word_1_19' title='bbox 500 290 583 342; x_wconf 90' lang='lat' dir='ltr'>rationi</span> <span class='ocrx_word' id='word_1_20' title='bbox 595 295 650 342; x_wconf 85' lang='lat' dir='ltr'>sunt</span> <span class='ocrx_word' id='word_1_21' title='bbox 662 303 752 354; x_wconf 84' lang='lat' dir='ltr'>semper</span> <span class='ocrx_word' id='word_1_22' title='bbox 764 289 834 340; x_wconf 83' lang='lat' dir='ltr'>hona.</span> 
     </span>
     <span class='ocr_line' id='line_1_4' title="bbox 65 361 834 426; baseline -0.007 -10"><span class='ocrx_word' id='word_1_23' title='bbox 65 367 100 416; x_wconf 80' lang='lat' dir='ltr'>hal</span> <span class='ocrx_word' id='word_1_24' title='bbox 114 363 206 414; x_wconf 87' lang='lat' dir='ltr'>tertium</span> <span class='ocrx_word' id='word_1_25' title='bbox 219 364 347 425; x_wconf 81' lang='lat' dir='ltr'>dicendum,</span> <span class='ocrx_word' id='word_1_26' title='bbox 358 362 418 426; x_wconf 81' lang='lat' dir='ltr'>quod</span> <span class='ocrx_word' id='word_1_27' title='bbox 433 362 530 413; x_wconf 71' lang='lat' dir='ltr'>secutos</span> <span class='ocrx_word' id='word_1_28' title='bbox 538 367 576 412; x_wconf 89' lang='lat' dir='ltr'>est</span> <span class='ocrx_word' id='word_1_29' title='bbox 584 365 704 412; x_wconf 88' lang='lat' dir='ltr'>consecuta</span> <span class='ocrx_word' id='word_1_30' title='bbox 717 376 747 414; x_wconf 82' lang='lat' dir='ltr'>ex</span> <span class='ocrx_word' id='word_1_31' title='bbox 759 361 834 411; x_wconf 88' lang='lat' dir='ltr'>ehrio·</span> 
     </span>
     <span class='ocr_line' id='line_1_5' title="bbox 30 431 834 496; baseline -0.005 -8"><span class='ocrx_word' id='word_1_32' title='bbox 30 444 80 488; x_wconf 87' lang='lat' dir='ltr'>tate</span> <span class='ocrx_word' id='word_1_33' title='bbox 100 433 279 495; x_wconf 79' lang='lat' dir='ltr'>occasionaliter,</span> <span class='ocrx_word' id='word_1_34' title='bbox 290 431 314 482; x_wconf 92' lang='lat' dir='ltr'>iu</span> <span class='ocrx_word' id='word_1_35' title='bbox 326 437 435 496; x_wconf 81' lang='lat' dir='ltr'>quantuni</span> <span class='ocrx_word' id='word_1_36' title='bbox 447 434 520 482; x_wconf 84' lang='lat' dir='ltr'>Chanu</span> <span class='ocrx_word' id='word_1_37' title='bbox 529 433 711 483; x_wconf 75' lang='lat' dir='ltr'>maledictionem</span> <span class='ocrx_word' id='word_1_38' title='bbox 718 432 834 484; x_wconf 85' lang='lat' dir='ltr'>seruitutis</span> 
     </span>
     <span class='ocr_line' id='line_1_6' title="bbox 29 502 836 570; baseline -0.002 -13"><span class='ocrx_word' id='word_1_39' title='bbox 29 511 54 558; x_wconf 93' lang='lat' dir='ltr'>in</span> <span class='ocrx_word' id='word_1_40' title='bbox 79 519 121 557; x_wconf 87' lang='lat' dir='ltr'>sua</span> <span class='ocrx_word' id='word_1_41' title='bbox 141 505 273 570; x_wconf 74' lang='lat' dir='ltr'>posteritate</span> <span class='ocrx_word' id='word_1_42' title='bbox 294 503 398 570; x_wconf 81' lang='lat' dir='ltr'>accepit,</span> <span class='ocrx_word' id='word_1_43' title='bbox 415 509 508 568; x_wconf 89' lang='lat' dir='ltr'>propter</span> <span class='ocrx_word' id='word_1_44' title='bbox 521 504 639 567; x_wconf 79' lang='lat' dir='ltr'>hucpuld</span> <span class='ocrx_word' id='word_1_45' title='bbox 658 502 729 554; x_wconf 80' lang='lat' dir='ltr'>irrisit</span> <span class='ocrx_word' id='word_1_46' title='bbox 746 508 836 568; x_wconf 81' lang='lat' dir='ltr'>patrem</span> 
     </span>
     <span class='ocr_line' id='line_1_7' title="bbox 29 575 802 650; baseline -0.003 -22"><span class='ocrx_word' id='word_1_47' title='bbox 29 578 185 650; x_wconf 77' lang='lat' dir='ltr'>iuehriulurn3</span> <span class='ocrx_word' id='word_1_48' title='bbox 196 590 241 628; x_wconf 92' lang='lat' dir='ltr'>non</span> <span class='ocrx_word' id='word_1_49' title='bbox 254 579 329 629; x_wconf 79' lang='lat' dir='ltr'>auteur</span> <span class='ocrx_word' id='word_1_50' title='bbox 339 576 436 628; x_wconf 86' lang='lat' dir='ltr'>servitus</span> <span class='ocrx_word' id='word_1_51' title='bbox 446 575 491 626; x_wconf 87' lang='lat' dir='ltr'>luit</span> <span class='ocrx_word' id='word_1_52' title='bbox 501 575 587 628; x_wconf 82' lang='lat' dir='ltr'>directa</span> <span class='ocrx_word' id='word_1_53' title='bbox 598 589 668 641; x_wconf 82' lang='lat' dir='ltr'>poeua</span> <span class='ocrx_word' id='word_1_54' title='bbox 677 575 802 627; x_wconf 84' lang='lat' dir='ltr'>ebrietatis.</span> 
     </span>
    </p>
   </div>
   <div class='ocr_carea' id='block_1_3' title="bbox 219 755 659 936">
    <p class='ocr_par' dir='ltr' id='par_1_3' title="bbox 219 755 659 936">
     <span class='ocr_line' id='line_1_8' title="bbox 329 755 592 822; baseline -0.004 -17"><span class='ocrx_word' id='word_1_55' title='bbox 329 755 489 806; x_wconf 77' lang='lat' dir='ltr'>thalctlhhs</span> <span class='ocrx_word' id='word_1_56' title='bbox 502 755 542 807; x_wconf 78' lang='lat' dir='ltr'>IV.</span> <span class='ocrx_word' id='word_1_57' title='bbox 589 817 592 822; x_wconf 26' lang='grc' dir='ltr'>Ι</span> 
     </span>
     <span class='ocr_line' id='line_1_9' title="bbox 219 879 659 936; baseline -0.005 -10"><span class='ocrx_word' id='word_1_58' title='bbox 219 879 305 926; x_wconf 74' lang='lat' dir='ltr'>Utrum</span> <span class='ocrx_word' id='word_1_59' title='bbox 318 879 418 924; x_wconf 78' lang='lat' dir='ltr'>ebrietur</span> <span class='ocrx_word' id='word_1_60' title='bbox 433 883 527 926; x_wconf 76' lang='lat' dir='ltr'>encrmt</span> <span class='ocrx_word' id='word_1_61' title='bbox 536 880 551 925; x_wconf 83' lang='lat' dir='ltr'>ci</span> <span class='ocrx_word' id='word_1_62' title='bbox 559 883 659 936; x_wconf 65' lang='lat' dir='ltr'>peccam.</span> 
     </span>
    </p>
   </div>
   <div class='ocr_carea' id='block_1_4' title="bbox 30 997 848 2741">
    <p class='ocr_par' dir='ltr' id='par_1_4' title="bbox 30 997 840 1286">
     <span class='ocr_line' id='line_1_10' title="bbox 63 997 840 1072; baseline -0.005 -12"><span class='ocrx_word' id='word_1_63' title='bbox 63 1009 98 1060; x_wconf 78' lang='lat' dir='ltr'>ad</span> <span class='ocrx_word' id='word_1_64' title='bbox 118 1010 222 1070; x_wconf 85' lang='lat' dir='ltr'>quartum</span> <span class='ocrx_word' id='word_1_65' title='bbox 241 997 274 1055; x_wconf 81' lang='lat' dir='ltr'>sic</span> <span class='ocrx_word' id='word_1_66' title='bbox 289 1005 418 1068; x_wconf 82' lang='lat' dir='ltr'>proceditur</span> <span class='ocrx_word' id='word_1_67' title='bbox 430 1005 474 1072; x_wconf 76' lang='lat'>(1).</span> <span class='ocrx_word' id='word_1_68' title='bbox 488 1005 584 1056; x_wconf 84' lang='lat' dir='ltr'>Videtur</span> <span class='ocrx_word' id='word_1_69' title='bbox 600 1005 660 1069; x_wconf 83' lang='lat' dir='ltr'>quid</span> <span class='ocrx_word' id='word_1_70' title='bbox 674 1005 774 1057; x_wconf 84' lang='lat' dir='ltr'>ebrietas</span> <span class='ocrx_word' id='word_1_71' title='bbox 792 1018 840 1056; x_wconf 88' lang='lat' dir='ltr'>non</span> 
     </span>
     <span class='ocr_line' id='line_1_11' title="bbox 30 1075 840 1140; baseline -0.006 -9"><span class='ocrx_word' id='word_1_72' title='bbox 30 1083 128 1131; x_wconf 86' lang='lat' dir='ltr'>excuset</span> <span class='ocrx_word' id='word_1_73' title='bbox 143 1076 266 1140; x_wconf 79' lang='lat' dir='ltr'>‘apeccalu</span> <span class='ocrx_word' id='word_1_74' title='bbox 283 1077 410 1127; x_wconf 88' lang='lat' dir='ltr'>lliciteuim</span> <span class='ocrx_word' id='word_1_75' title='bbox 420 1077 573 1140; x_wconf 76' lang='lat' dir='ltr'>Philosophus</span> <span class='ocrx_word' id='word_1_76' title='bbox 585 1077 610 1126; x_wconf 89' lang='lat' dir='ltr'>in</span> <span class='ocrx_word' id='word_1_77' title='bbox 619 1078 659 1128; x_wconf 90' lang='lat' dir='ltr'>lll.</span> <span class='ocrx_word' id='word_1_78' title='bbox 673 1077 769 1139; x_wconf 68' lang='lat' dir='ltr'>Ellis,</span> <span class='ocrx_word' id='word_1_79' title='bbox 778 1075 840 1140; x_wconf 80' lang='lat' dir='ltr'>quod</span> 
     </span>
     <span class='ocr_line' id='line_1_12' title="bbox 34 1147 840 1213; baseline -0.001 -14"><span class='ocrx_word' id='word_1_80' title='bbox 34 1171 46 1199; x_wconf 83' lang='lat' dir='ltr'>u</span> <span class='ocrx_word' id='word_1_81' title='bbox 61 1149 143 1202; x_wconf 87' lang='lat' dir='ltr'>chrius</span> <span class='ocrx_word' id='word_1_82' title='bbox 159 1152 258 1198; x_wconf 88' lang='lat' dir='ltr'>rueretur</span> <span class='ocrx_word' id='word_1_83' title='bbox 274 1147 375 1213; x_wconf 82' lang='lat' dir='ltr'>duplices</span> <span class='ocrx_word' id='word_1_84' title='bbox 389 1148 543 1200; x_wconf 84' lang='lat' dir='ltr'>multatiouos.</span> <span class='ocrx_word' id='word_1_85' title='bbox 555 1149 637 1211; x_wconf 70' lang='lat' dir='ltr'>»Ergo</span> <span class='ocrx_word' id='word_1_86' title='bbox 651 1149 750 1200; x_wconf 84' lang='lat' dir='ltr'>ebrietas</span> <span class='ocrx_word' id='word_1_87' title='bbox 767 1147 840 1211; x_wconf 77' lang='lat' dir='ltr'>magis</span> 
     </span>
     <span class='ocr_line' id='line_1_13' title="bbox 32 1223 479 1286; baseline 0 -14"><span class='ocrx_word' id='word_1_88' title='bbox 32 1223 145 1286; x_wconf 82' lang='lat' dir='ltr'>aggravat</span> <span class='ocrx_word' id='word_1_89' title='bbox 161 1223 281 1284; x_wconf 84' lang='lat' dir='ltr'>peccalum</span> <span class='ocrx_word' id='word_1_90' title='bbox 296 1225 364 1282; x_wconf 83' lang='lat' dir='ltr'>quarn</span> <span class='ocrx_word' id='word_1_91' title='bbox 378 1224 479 1272; x_wconf 80' lang='lat' dir='ltr'>excuset.</span> 
     </span>
    </p>

    <p class='ocr_par' dir='ltr' id='par_1_5' title="bbox 32 1290 848 1504">
     <span class='ocr_line' id='line_1_14' title="bbox 65 1290 837 1356; baseline 0.001 -17"><span class='ocrx_word' id='word_1_92' title='bbox 65 1297 92 1344; x_wconf 73' lang='lat'>2.</span> <span class='ocrx_word' id='word_1_93' title='bbox 112 1293 241 1352; x_wconf 78' lang='lat' dir='ltr'>Praeterea,</span> <span class='ocrx_word' id='word_1_94' title='bbox 256 1304 302 1341; x_wconf 89' lang='lat' dir='ltr'>uon</span> <span class='ocrx_word' id='word_1_95' title='bbox 324 1295 445 1343; x_wconf 84' lang='lat' dir='ltr'>excusatur</span> <span class='ocrx_word' id='word_1_96' title='bbox 461 1294 580 1355; x_wconf 87' lang='lat' dir='ltr'>peccatum</span> <span class='ocrx_word' id='word_1_97' title='bbox 595 1304 636 1356; x_wconf 85' lang='lat' dir='ltr'>per</span> <span class='ocrx_word' id='word_1_98' title='bbox 649 1295 782 1355; x_wconf 81' lang='lat' dir='ltr'>peccatum,</span> <span class='ocrx_word' id='word_1_99' title='bbox 795 1290 837 1341; x_wconf 85' lang='lat' dir='ltr'>sed</span> 
     </span>
     <span class='ocr_line' id='line_1_15' title="bbox 33 1363 848 1430; baseline -0.004 -15"><span class='ocrx_word' id='word_1_100' title='bbox 33 1365 108 1429; x_wconf 82' lang='lat' dir='ltr'>inagis</span> <span class='ocrx_word' id='word_1_101' title='bbox 122 1368 225 1430; x_wconf 77' lang='lat' dir='ltr'>augetur.</span> <span class='ocrx_word' id='word_1_102' title='bbox 236 1363 338 1416; x_wconf 81' lang='lat' dir='ltr'>Ebrietas</span> <span class='ocrx_word' id='word_1_103' title='bbox 346 1366 423 1414; x_wconf 81' lang='lat' dir='ltr'>auteur</span> <span class='ocrx_word' id='word_1_104' title='bbox 434 1369 469 1416; x_wconf 88' lang='lat' dir='ltr'>est</span> <span class='ocrx_word' id='word_1_105' title='bbox 479 1369 607 1428; x_wconf 82' lang='lat' dir='ltr'>peecatum.</span> <span class='ocrx_word' id='word_1_106' title='bbox 618 1366 677 1428; x_wconf 68' lang='lat' dir='ltr'>hano</span> <span class='ocrx_word' id='word_1_107' title='bbox 689 1376 735 1414; x_wconf 90' lang='lat' dir='ltr'>non</span> <span class='ocrx_word' id='word_1_108' title='bbox 744 1365 848 1414; x_wconf 78' lang='lat' dir='ltr'>excusat·</span> 
     </span>
     <span class='ocr_line' id='line_1_16' title="bbox 32 1439 163 1504; baseline -0.038 -16"><span class='ocrx_word' id='word_1_109' title='bbox 32 1439 163 1504; x_wconf 82' lang='lat' dir='ltr'>apeccato.</span> 
     </span>
    </p>

    <p class='ocr_par' dir='ltr' id='par_1_6' title="bbox 33 1504 842 1784">
     <span class='ocr_line' id='line_1_17' title="bbox 65 1504 842 1571; baseline 0.001 -14"><span class='ocrx_word' id='word_1_110' title='bbox 65 1515 91 1558; x_wconf 87' lang='lat'>3.</span> <span class='ocrx_word' id='word_1_111' title='bbox 107 1509 236 1568; x_wconf 85' lang='lat' dir='ltr'>Praelerea,</span> <span class='ocrx_word' id='word_1_112' title='bbox 248 1504 399 1570; x_wconf 85' lang='lat' dir='ltr'>Philosophus</span> <span class='ocrx_word' id='word_1_113' title='bbox 414 1507 469 1558; x_wconf 87' lang='lat' dir='ltr'>dicit</span> <span class='ocrx_word' id='word_1_114' title='bbox 480 1507 505 1557; x_wconf 93' lang='lat' dir='ltr'>iu</span> <span class='ocrx_word' id='word_1_115' title='bbox 519 1506 556 1559; x_wconf 84' lang='lat' dir='ltr'>Vl.</span> <span class='ocrx_word' id='word_1_116' title='bbox 571 1507 664 1570; x_wconf 68' lang='lat' dir='ltr'>attio,</span> <span class='ocrx_word' id='word_1_117' title='bbox 679 1505 739 1571; x_wconf 82' lang='lat' dir='ltr'>quod</span> <span class='ocrx_word' id='word_1_118' title='bbox 754 1506 842 1558; x_wconf 67' lang='lat' dir='ltr'>nocui</span> 
     </span>
     <span class='ocr_line' id='line_1_18' title="bbox 33 1576 840 1643; baseline -0.002 -13"><span class='ocrx_word' id='word_1_119' title='bbox 33 1581 96 1630; x_wconf 90' lang='lat' dir='ltr'>ratio</span> <span class='ocrx_word' id='word_1_120' title='bbox 115 1576 215 1628; x_wconf 90' lang='lat' dir='ltr'>honriuis</span> <span class='ocrx_word' id='word_1_121' title='bbox 232 1577 315 1640; x_wconf 79' lang='lat' dir='ltr'>ligatur</span> <span class='ocrx_word' id='word_1_122' title='bbox 330 1591 371 1642; x_wconf 91' lang='lat' dir='ltr'>per</span> <span class='ocrx_word' id='word_1_123' title='bbox 386 1579 536 1643; x_wconf 78' lang='lat' dir='ltr'>ebrietatem,</span> <span class='ocrx_word' id='word_1_124' title='bbox 551 1579 584 1630; x_wconf 87' lang='lat' dir='ltr'>ita</span> <span class='ocrx_word' id='word_1_125' title='bbox 599 1577 681 1642; x_wconf 77' lang='lat' dir='ltr'>ligatur</span> <span class='ocrx_word' id='word_1_126' title='bbox 700 1592 741 1642; x_wconf 90' lang='lat' dir='ltr'>per</span> <span class='ocrx_word' id='word_1_127' title='bbox 754 1591 840 1628; x_wconf 80' lang='lat' dir='ltr'>coucu</span> 
     </span>
     <span class='ocr_line' id='line_1_19' title="bbox 34 1647 842 1716; baseline -0.004 -14"><span class='ocrx_word' id='word_1_128' title='bbox 34 1647 182 1716; x_wconf 77' lang='lat' dir='ltr'>piscennium.</span> <span class='ocrx_word' id='word_1_129' title='bbox 198 1664 211 1696; x_wconf 88' lang='lat' dir='ltr'>n</span> <span class='ocrx_word' id='word_1_130' title='bbox 223 1649 267 1698; x_wconf 87' lang='lat' dir='ltr'>Sed</span> <span class='ocrx_word' id='word_1_131' title='bbox 279 1649 462 1714; x_wconf 89' lang='lat' dir='ltr'>coucupiscentia</span> <span class='ocrx_word' id='word_1_132' title='bbox 475 1663 522 1716; x_wconf 88' lang='lat' dir='ltr'>uou</span> <span class='ocrx_word' id='word_1_133' title='bbox 532 1655 625 1708; x_wconf 68' lang='lat' dir='ltr'>cremet</span> <span class='ocrx_word' id='word_1_134' title='bbox 637 1649 652 1700; x_wconf 80' lang='lat' dir='ltr'>h</span> <span class='ocrx_word' id='word_1_135' title='bbox 662 1653 764 1714; x_wconf 88' lang='lat' dir='ltr'>peccalo.</span> <span class='ocrx_word' id='word_1_136' title='bbox 779 1649 842 1712; x_wconf 71' lang='lat' dir='ltr'>Ergo</span> 
     </span>
     <span class='ocr_line' id='line_1_20' title="bbox 35 1719 423 1784; baseline -0.013 -10"><span class='ocrx_word' id='word_1_137' title='bbox 35 1724 108 1774; x_wconf 89' lang='lat' dir='ltr'>etiarn</span> <span class='ocrx_word' id='word_1_138' title='bbox 123 1733 196 1784; x_wconf 87' lang='lat' dir='ltr'>neque</span> <span class='ocrx_word' id='word_1_139' title='bbox 208 1719 314 1771; x_wconf 86' lang='lat' dir='ltr'>ebrietas</span> <span class='ocrx_word' id='word_1_140' title='bbox 418 1767 423 1774; x_wconf 82' lang='grc'><strong>,</strong></span> 
     </span>
    </p>

    <p class='ocr_par' dir='ltr' id='par_1_7' title="bbox 32 1793 840 1998">
     <span class='ocr_line' id='line_1_21' title="bbox 64 1793 840 1856; baseline -0.005 -12"><span class='ocrx_word' id='word_1_141' title='bbox 64 1794 113 1844; x_wconf 85' lang='lat' dir='ltr'>Sed</span> <span class='ocrx_word' id='word_1_142' title='bbox 138 1795 215 1842; x_wconf 88' lang='lat' dir='ltr'>contra</span> <span class='ocrx_word' id='word_1_143' title='bbox 234 1795 282 1854; x_wconf 89' lang='lat' dir='ltr'>est,</span> <span class='ocrx_word' id='word_1_144' title='bbox 297 1793 357 1854; x_wconf 81' lang='lat' dir='ltr'>quoal</span> <span class='ocrx_word' id='word_1_145' title='bbox 375 1793 432 1844; x_wconf 83' lang='lat' dir='ltr'>Loth</span> <span class='ocrx_word' id='word_1_146' title='bbox 451 1796 573 1843; x_wconf 83' lang='lat' dir='ltr'>excusatur</span> <span class='ocrx_word' id='word_1_147' title='bbox 590 1793 619 1843; x_wconf 88' lang='lat' dir='ltr'>ah</span> <span class='ocrx_word' id='word_1_148' title='bbox 638 1793 728 1842; x_wconf 85' lang='lat' dir='ltr'>incestu</span> <span class='ocrx_word' id='word_1_149' title='bbox 746 1795 840 1856; x_wconf 84' lang='lat' dir='ltr'>propter</span> 
     </span>
     <span class='ocr_line' id='line_1_22' title="bbox 34 1863 841 1952; baseline -0.005 -34"><span class='ocrx_word' id='word_1_150' title='bbox 34 1866 186 1926; x_wconf 81' lang='lat' dir='ltr'>ebrietatem,</span> <span class='ocrx_word' id='word_1_151' title='bbox 195 1866 221 1912; x_wconf 92' lang='lat' dir='ltr'>ul</span> <span class='ocrx_word' id='word_1_152' title='bbox 235 1863 374 1926; x_wconf 81' lang='lat' dir='ltr'>Augustinus</span> <span class='ocrx_word' id='word_1_153' title='bbox 387 1863 441 1914; x_wconf 87' lang='lat' dir='ltr'>dicit</span> <span class='ocrx_word' id='word_1_154' title='bbox 455 1863 551 1952; x_wconf 81' lang='lat' dir='ltr'>Contra</span> <span class='ocrx_word' id='word_1_155' title='bbox 565 1865 688 1915; x_wconf 78' lang='lat' dir='ltr'>Faustum</span> <span class='ocrx_word' id='word_1_156' title='bbox 698 1863 757 1925; x_wconf 82' lang='lat' dir='ltr'>(lin.</span> <span class='ocrx_word' id='word_1_157' title='bbox 768 1863 841 1927; x_wconf 79' lang='lat' dir='ltr'>xxii,</span> 
     </span>
     <span class='ocr_line' id='line_1_23' title="bbox 32 1935 160 2004; baseline -0.009 -20"><span class='ocrx_word' id='word_1_158' title='bbox 32 1953 85 2004; x_wconf 78' lang='lat' dir='ltr'>cap.</span> <span class='ocrx_word' id='word_1_159' title='bbox 101 1935 160 1998; x_wconf 79' lang='lat' dir='ltr'>tl)</span> 
     </span>
    </p>

    <p class='ocr_par' dir='ltr' id='par_1_8' title="bbox 35 1995 844 2214">
     <span class='ocr_line' id='line_1_24' title="bbox 68 1995 843 2088; baseline -0.008 -29"><span class='ocrx_word' id='word_1_160' title='bbox 68 2009 272 2088; x_wconf 83' lang='lat' dir='ltr'>(Concuusro.-</span> <span class='ocrx_word' id='word_1_161' title='bbox 242 1995 403 2056; x_wconf 83' lang='lat' dir='ltr'>-Ehrietalis</span> <span class='ocrx_word' id='word_1_162' title='bbox 422 2005 520 2069; x_wconf 84' lang='lat' dir='ltr'>uitium,</span> <span class='ocrx_word' id='word_1_163' title='bbox 535 2005 580 2070; x_wconf 78' lang='lat' dir='ltr'>nuh</span> <span class='ocrx_word' id='word_1_164' title='bbox 597 2005 672 2056; x_wconf 85' lang='lat' dir='ltr'>minius</span> <span class='ocrx_word' id='word_1_165' title='bbox 688 2004 843 2057; x_wconf 83' lang='lat' dir='ltr'>uoluntarium</span> 
     </span>
     <span class='ocr_line' id='line_1_25' title="bbox 36 2075 844 2145; baseline -0.011 -10"><span class='ocrx_word' id='word_1_166' title='bbox 36 2088 89 2145; x_wconf 86' lang='lat' dir='ltr'>est,</span> <span class='ocrx_word' id='word_1_167' title='bbox 110 2079 138 2130; x_wconf 82' lang='lat' dir='ltr'>eo</span> <span class='ocrx_word' id='word_1_168' title='bbox 161 2077 360 2142; x_wconf 79' lang='lat' dir='ltr'>magisapeccato</span> <span class='ocrx_word' id='word_1_169' title='bbox 373 2081 476 2128; x_wconf 85' lang='lat' dir='ltr'>excusat.</span> <span class='ocrx_word' id='word_1_170' title='bbox 493 2079 596 2129; x_wconf 82' lang='lat' dir='ltr'>Ebrietas</span> <span class='ocrx_word' id='word_1_171' title='bbox 615 2082 691 2128; x_wconf 87' lang='lat' dir='ltr'>autern</span> <span class='ocrx_word' id='word_1_172' title='bbox 707 2075 844 2141; x_wconf 81' lang='lat' dir='ltr'>simpliciter</span> 
     </span>
     <span class='ocr_line' id='line_1_26' title="bbox 35 2149 447 2214; baseline -0.017 -10"><span class='ocrx_word' id='word_1_173' title='bbox 35 2149 168 2206; x_wconf 83' lang='lat' dir='ltr'>voluntaria</span> <span class='ocrx_word' id='word_1_174' title='bbox 182 2153 289 2213; x_wconf 79' lang='lat' dir='ltr'>aggravat</span> <span class='ocrx_word' id='word_1_175' title='bbox 306 2152 430 2213; x_wconf 89' lang='lat' dir='ltr'>peccatum.</span> <span class='ocrx_word' id='word_1_176' title='bbox 438 2149 447 2214; x_wconf 93' lang='grc'>)</span> 
     </span>
    </p>

    <p class='ocr_par' dir='ltr' id='par_1_9' title="bbox 36 2219 846 2716">
     <span class='ocr_line' id='line_1_27' title="bbox 68 2219 844 2289; baseline -0.01 -13"><span class='ocrx_word' id='word_1_177' title='bbox 68 2223 208 2288; x_wconf 84' lang='lat' dir='ltr'>Respondeo</span> <span class='ocrx_word' id='word_1_178' title='bbox 229 2221 361 2284; x_wconf 80' lang='lat' dir='ltr'>uliceoaluur,</span> <span class='ocrx_word' id='word_1_179' title='bbox 376 2221 462 2284; x_wconf 85' lang='lat' dir='ltr'>quhd&#39;</span> <span class='ocrx_word' id='word_1_180' title='bbox 455 2232 480 2270; x_wconf 82' lang='lat' dir='ltr'>nn</span> <span class='ocrx_word' id='word_1_181' title='bbox 498 2221 607 2272; x_wconf 88' lang='lat' dir='ltr'>ebrietate</span> <span class='ocrx_word' id='word_1_182' title='bbox 621 2221 665 2289; x_wconf 87' lang='lat' dir='ltr'>duo</span> <span class='ocrx_word' id='word_1_183' title='bbox 686 2219 844 2282; x_wconf 82' lang='lat' dir='ltr'>attenduntur,</span> 
     </span>
     <span class='ocr_line' id='line_1_28' title="bbox 36 2291 844 2358; baseline -0.011 -7"><span class='ocrx_word' id='word_1_184' title='bbox 36 2300 99 2350; x_wconf 89' lang='lat' dir='ltr'>sicut</span> <span class='ocrx_word' id='word_1_185' title='bbox 109 2295 195 2346; x_wconf 85' lang='lat' dir='ltr'>dictum</span> <span class='ocrx_word' id='word_1_186' title='bbox 207 2297 241 2344; x_wconf 89' lang='lat' dir='ltr'>est</span> <span class='ocrx_word' id='word_1_187' title='bbox 252 2293 311 2358; x_wconf 74' lang='lat' dir='ltr'>(art.</span> <span class='ocrx_word' id='word_1_188' title='bbox 324 2295 336 2342; x_wconf 87' lang='lat'><strong>1</strong></span> <span class='ocrx_word' id='word_1_189' title='bbox 348 2297 366 2356; x_wconf 85' lang='lat' dir='ltr'>l,</span> <span class='ocrx_word' id='word_1_190' title='bbox 378 2291 463 2343; x_wconf 88' lang='lat' dir='ltr'>scilicet</span> <span class='ocrx_word' id='word_1_191' title='bbox 475 2292 577 2344; x_wconf 85' lang='lat' dir='ltr'>delectus</span> <span class='ocrx_word' id='word_1_192' title='bbox 586 2305 737 2356; x_wconf 81' lang='lat' dir='ltr'>consequeus,</span> <span class='ocrx_word' id='word_1_193' title='bbox 745 2295 769 2340; x_wconf 89' lang='lat' dir='ltr'>et</span> <span class='ocrx_word' id='word_1_194' title='bbox 779 2295 844 2342; x_wconf 86' lang='lat' dir='ltr'>actus</span> 
     </span>
     <span class='ocr_line' id='line_1_29' title="bbox 37 2362 845 2436; baseline -0.013 -14"><span class='ocrx_word' id='word_1_195' title='bbox 37 2367 183 2436; x_wconf 76' lang='lat' dir='ltr'>procedens.</span> <span class='ocrx_word' id='word_1_196' title='bbox 203 2365 313 2430; x_wconf 79' lang='lat' dir='ltr'>Experto</span> <span class='ocrx_word' id='word_1_197' title='bbox 327 2369 402 2416; x_wconf 87' lang='lat' dir='ltr'>autem</span> <span class='ocrx_word' id='word_1_198' title='bbox 415 2365 516 2415; x_wconf 77' lang='lat' dir='ltr'>delectus</span> <span class='ocrx_word' id='word_1_199' title='bbox 528 2363 704 2428; x_wconf 86' lang='lat' dir='ltr'>consequentis,</span> <span class='ocrx_word' id='word_1_200' title='bbox 718 2362 745 2413; x_wconf 91' lang='lat' dir='ltr'>iu</span> <span class='ocrx_word' id='word_1_201' title='bbox 757 2376 802 2428; x_wconf 86' lang='lat' dir='ltr'>quo</span> <span class='ocrx_word' id='word_1_202' title='bbox 816 2362 845 2413; x_wconf 93' lang='lat' dir='ltr'>li-</span> 
     </span>
     <span class='ocr_line' id='line_1_30' title="bbox 40 2434 845 2506; baseline -0.007 -14"><span class='ocrx_word' id='word_1_203' title='bbox 40 2447 109 2506; x_wconf 82' lang='lat' dir='ltr'>gatur</span> <span class='ocrx_word' id='word_1_204' title='bbox 133 2452 189 2488; x_wconf 89' lang='lat' dir='ltr'>usus</span> <span class='ocrx_word' id='word_1_205' title='bbox 206 2436 314 2501; x_wconf 83' lang='lat' dir='ltr'>rationis,</span> <span class='ocrx_word' id='word_1_206' title='bbox 328 2437 425 2488; x_wconf 82' lang='lat' dir='ltr'>ebrietas</span> <span class='ocrx_word' id='word_1_207' title='bbox 442 2438 511 2496; x_wconf 88' lang='lat' dir='ltr'>hahet</span> <span class='ocrx_word' id='word_1_208' title='bbox 527 2449 636 2487; x_wconf 81' lang='lat' dir='ltr'>excusare</span> <span class='ocrx_word' id='word_1_209' title='bbox 658 2435 673 2486; x_wconf 73' lang='lat' dir='ltr'>l</span> <span class='ocrx_word' id='word_1_210' title='bbox 692 2439 801 2499; x_wconf 88' lang='lat' dir='ltr'>peccato,</span> <span class='ocrx_word' id='word_1_211' title='bbox 820 2434 845 2486; x_wconf 85' lang='lat' dir='ltr'>iu</span> 
     </span>
     <span class='ocr_line' id='line_1_31' title="bbox 38 2508 846 2588; baseline -0.009 -26"><span class='ocrx_word' id='word_1_212' title='bbox 38 2515 155 2578; x_wconf 84' lang='lat' dir='ltr'>quantum</span> <span class='ocrx_word' id='word_1_213' title='bbox 165 2513 242 2560; x_wconf 88' lang='lat' dir='ltr'>causat</span> <span class='ocrx_word' id='word_1_214' title='bbox 255 2509 432 2561; x_wconf 85' lang='lat' dir='ltr'>involuntarium</span> <span class='ocrx_word' id='word_1_215' title='bbox 442 2523 500 2573; x_wconf 87' lang='lat' dir='ltr'>‚per</span> <span class='ocrx_word' id='word_1_216' title='bbox 512 2509 673 2572; x_wconf 81' lang='lat' dir='ltr'>ignorantiam</span> <span class='ocrx_word' id='word_1_217' title='bbox 684 2508 728 2558; x_wconf 81' lang='lat' dir='ltr'>Seri</span> <span class='ocrx_word' id='word_1_218' title='bbox 740 2520 771 2556; x_wconf 82' lang='lat' dir='ltr'>ex</span> <span class='ocrx_word' id='word_1_219' title='bbox 781 2508 846 2588; x_wconf 85' lang='lat' dir='ltr'>parta</span> 
     </span>
     <span class='ocr_line' id='line_1_32' title="bbox 40 2577 846 2660; baseline -0.007 -26"><span class='ocrx_word' id='word_1_220' title='bbox 40 2584 107 2634; x_wconf 82' lang='lat' dir='ltr'>actius</span> <span class='ocrx_word' id='word_1_221' title='bbox 127 2580 288 2646; x_wconf 87' lang='lat' dir='ltr'>praecedentis,</span> <span class='ocrx_word' id='word_1_222' title='bbox 304 2581 392 2630; x_wconf 87' lang='lat' dir='ltr'>ridetur</span> <span class='ocrx_word' id='word_1_223' title='bbox 411 2593 462 2630; x_wconf 87' lang='lat' dir='ltr'>esse</span> <span class='ocrx_word' id='word_1_224' title='bbox 482 2579 687 2660; x_wconf 77' lang='lat' dir='ltr'>distinguendum:</span> <span class='ocrx_word' id='word_1_225' title='bbox 701 2577 755 2642; x_wconf 84' lang='lat' dir='ltr'>quia</span> <span class='ocrx_word' id='word_1_226' title='bbox 777 2579 797 2627; x_wconf 89' lang='lat' dir='ltr'>si</span> <span class='ocrx_word' id='word_1_227' title='bbox 815 2590 846 2628; x_wconf 84' lang='lat' dir='ltr'>cx</span> 
     </span>
     <span class='ocr_line' id='line_1_33' title="bbox 42 2651 844 2741; baseline -0.009 -37"><span class='ocrx_word' id='word_1_228' title='bbox 42 2659 99 2704; x_wconf 86' lang='lat' dir='ltr'>actu</span> <span class='ocrx_word' id='word_1_229' title='bbox 113 2652 152 2704; x_wconf 89' lang='lat' dir='ltr'>illo</span> <span class='ocrx_word' id='word_1_230' title='bbox 166 2653 307 2716; x_wconf 70' lang='lat' dir='ltr'>precedente</span> <span class='ocrx_word' id='word_1_231' title='bbox 321 2653 442 2703; x_wconf 86' lang='lat' dir='ltr'>subsecuta</span> <span class='ocrx_word' id='word_1_232' title='bbox 454 2656 491 2703; x_wconf 87' lang='lat' dir='ltr'>ost</span> <span class='ocrx_word' id='word_1_233' title='bbox 502 2651 600 2703; x_wconf 83' lang='lat' dir='ltr'>ebrietas</span> <span class='ocrx_word' id='word_1_234' title='bbox 614 2652 662 2700; x_wconf 88' lang='lat' dir='ltr'>sine</span> <span class='ocrx_word' id='word_1_235' title='bbox 672 2653 779 2741; x_wconf 65' lang='lat' dir='ltr'>pacato,</span> <span class='ocrx_word' id='word_1_236' title='bbox 788 2653 844 2698; x_wconf 85' lang='lat' dir='ltr'>tuuc</span> 
     </span>
    </p>
   </div>
   <div class='ocr_carea' id='block_1_5' title="bbox 42 2802 845 2930">
    <p class='ocr_par' dir='ltr' id='par_1_10' title="bbox 42 2802 845 2930">
     <span class='ocr_line' id='line_1_34' title="bbox 81 2802 845 2870; baseline -0.011 -15"><span class='ocrx_word' id='word_1_237' title='bbox 81 2807 111 2870; x_wconf 74' lang='lat' dir='ltr'>tl)</span> <span class='ocrx_word' id='word_1_238' title='bbox 125 2812 159 2855; x_wconf 86' lang='lat' dir='ltr'>Ile</span> <span class='ocrx_word' id='word_1_239' title='bbox 175 2807 212 2852; x_wconf 83' lang='lat' dir='ltr'>hrs</span> <span class='ocrx_word' id='word_1_240' title='bbox 224 2805 333 2865; x_wconf 83' lang='lat' dir='ltr'>etiami</span> <span class='ocrx_word' id='word_1_241' title='bbox 351 2805 366 2850; x_wconf 67' lang='lat'><strong>2</strong></span> <span class='ocrx_word' id='word_1_242' title='bbox 370 2817 429 2862; x_wconf 86' lang='lat' dir='ltr'>,.qu</span> <span class='ocrx_word' id='word_1_243' title='bbox 440 2803 481 2864; x_wconf 78' lang='lat' dir='ltr'>lo,</span> <span class='ocrx_word' id='word_1_244' title='bbox 493 2811 536 2851; x_wconf 88' lang='lat' dir='ltr'>art</span> <span class='ocrx_word' id='word_1_245' title='bbox 552 2803 578 2863; x_wconf 69' lang='grc'>4,</span> <span class='ocrx_word' id='word_1_246' title='bbox 589 2803 641 2851; x_wconf 80' lang='lat' dir='ltr'>ani</span> <span class='ocrx_word' id='word_1_247' title='bbox 658 2802 768 2859; x_wconf 70' lang='lat' dir='ltr'>otalll;</span> <span class='ocrx_word' id='word_1_248' title='bbox 762 2803 845 2862; x_wconf 78' lang='lat' dir='ltr'>·‚ee11</span> 
     </span>
     <span class='ocr_line' id='line_1_35' title="bbox 42 2869 501 2930; baseline -0.013 -10"><span class='ocrx_word' id='word_1_249' title='bbox 42 2875 125 2924; x_wconf 69' lang='lat' dir='ltr'>Sout„</span> <span class='ocrx_word' id='word_1_250' title='bbox 136 2870 191 2917; x_wconf 86' lang='lat' dir='ltr'>dist.</span> <span class='ocrx_word' id='word_1_251' title='bbox 202 2869 332 2930; x_wconf 72' lang='lat' dir='ltr'>22,c1u.,</span> <span class='ocrx_word' id='word_1_252' title='bbox 304 2869 319 2914; x_wconf 70' lang='lat'>2</span> <span class='ocrx_word' id='word_1_253' title='bbox 342 2869 426 2928; x_wconf 72' lang='lat' dir='ltr'>art.‚2</span> <span class='ocrx_word' id='word_1_254' title='bbox 438 2869 501 2916; x_wconf 67' lang='lat' dir='ltr'>adi.</span> 
     </span>
    </p>
   </div>
   <div class='ocr_carea' id='block_1_6' title="bbox 0 0 983 3284">
    <p class='ocr_par' dir='ltr' id='par_1_11' title="bbox 0 0 983 3284">
     <span class='ocr_line' id='line_1_36' title="bbox 0 0 983 3284; baseline 0 0"><span class='ocrx_word' id='word_1_255' title='bbox 0 0 983 3284; x_wconf 95' lang='lat' dir='ltr'> </span> 
     </span>
    </p>
   </div>
  </div>
 </body>
</html>
