1934 3284
338 174 371 212 us
386 171 511 212 11111111.
777 161 824 209 1119

26 256 47 304 et
59 248 167 316 snperbia
179 263 231 314 gua
240 250 351 314 accipitur
360 264 401 316 pro
414 249 485 313 gloria
495 261 562 314 quant
572 249 667 302 confert.
684 265 698 298 u
716 248 824 310 Quamvis

26 324 95 376 etiam
112 322 156 374 dici
168 323 239 388 possit
250 322 309 386 quod
322 323 441 388 superbio
458 323 491 373 ihi
501 321 609 386 accipitur
623 322 771 374 materialiter
783 335 824 387 pro

26 395 168 447 uhundautia
183 408 258 445 rerum
268 395 296 445 tle
311 395 394 458 quihus
402 398 499 459 possunt
511 393 615 444 homines
626 393 751 458 superbire.

55 469 92 518 hd
106 467 229 518 secundum
240 465 446 530 simulamenta
456 479 533 517 eorum
547 478 598 530 que
610 466 741 516 naturaliter
754 465 822 516 homo

25 538 126 606 rppetit,
139 539 196 588 ratio
209 542 245 589 est
257 537 389 589 ordinatrix.
405 540 434 588 lit
446 537 478 588 ila
492 538 513 588 si
525 537 605 601 aliquis
615 537 715 601 tragula
727 537 822 588 rationis

26 612 112 665 coeth
121 611 160 662 rel
170 611 195 660 in
211 611 264 676 plus
274 611 313 661 rel
323 610 348 661 in
365 611 454 672 miuus,
466 610 512 662 erit
523 609 576 660 talis
588 610 702 674 appetitus
714 608 824 671 uitiosus,

25 687 86 737 sicut
98 686 161 746 patet
173 683 202 735 de
213 681 316 746 appetitu
327 682 372 732 cihi
382 683 422 746 qui
432 681 565 733 naturaiiter
575 681 722 732 desideratur.
738 681 824 746 Super·

25 758 62 808 ria
76 757 153 804 autem
162 754 249 818 appetit
257 753 414 804 excellentiam
423 753 448 802 in
455 766 552 804 excessu
562 754 589 803 11
600 753 710 804 rationem
721 756 822 803 ceolam:

25 829 89 879 unde
104 826 241 890 Augustinus
254 825 308 875 uicit
316 827 341 876 in
353 826 413 876 xlv.
425 826 463 875 De
472 825 550 876 Cluit.
560 825 606 876 Dei
616 825 683 888 (cap.
694 827 722 873 ltl
735 824 753 888 l,
766 823 826 888 quod

25 897 157 962 isuperhia
174 902 211 949 est
223 910 337 962 pomerum
350 898 493 949 cehttnuirts
506 897 630 962 appetitus.
643 912 657 943 u
672 897 701 946 ltt
719 895 771 946 inde
789 898 827 946 est
886 920 893 933 ·

25 973 98 1024 ctiam
116 967 176 1033 quhd
194 968 252 1020 sicut
272 968 412 1032 Augustinus
427 968 518 1019 hicitin
540 969 600 1018 xlx.
621 968 657 1018 De
679 965 756 1017 civil.
778 967 827 1016 Dei

25 1048 100 1111 {cap
113 1041 170 1102 lt),
185 1040 315 1105 «superbia
328 1039 435 1105 peruerse
447 1039 549 1089 imitatur
561 1040 649 1101 heum
665 1037 714 1088 odit
727 1049 825 1100 namque

25 1129 78 1168 :um
95 1112 164 1163 sociis
176 1113 326 1176 munitatem
340 1114 382 1163 suh
392 1112 445 1173 illo,
458 1113 499 1162 sed
511 1112 628 1176 imponere
642 1111 692 1160 uult
706 1108 827 1162 11111111-

25 1185 177 1241 minationem
187 1197 251 1234 suam
264 1197 306 1249 pro
321 1184 367 1235 illo.
378 1200 393 1231 u

53 1259 94 1311 Ad
105 1255 198 1306 tortium
211 1255 347 1317 (licendum,
360 1254 421 1319 qohd
431 1254 536 1319 snperbia
550 1253 634 1304 (lireoth
648 1253 771 1319 opponitur
781 1254 827 1304 uir·

25 1334 67 1386 ‚oti
87 1327 233 1391 humilitatis,
248 1341 300 1391 quar
311 1328 475 1390 quodammodo
490 1327 633 1390 cimaeudem
646 1339 698 1376 oum
710 1323 829 1390 magnani-

25 1405 107 1456 mitate
117 1399 204 1462 existit,
214 1399 407 1464 utsuprtalictum
417 1402 510 1462 cotton.
524 1401 631 1459 161,111.
645 1401 669 1458 1,
681 1397 709 1448 11
718 1399 752 1462 1).
765 1397 829 1448 Unde

24 1482 49 1530 11·
55 1473 146 1524 uitium
158 1471 219 1534 guod
234 1470 355 1536 opponitur
364 1470 474 1535 snperhie
489 1470 513 1520 in
529 1471 642 1520 delectum
658 1481 829 1533 uergens‚pro·

24 1550 139 1611 uinquum
157 1544 192 1593 est
206 1542 263 1593 vitio
280 1542 485 1607 pusillanimitatis,
501 1556 550 1606 qnae
569 1541 690 1606 opponitur
706 1540 828 1602 magnani-

24 1616 103 1672 nitati
128 1613 254 1665 secuntum
272 1615 392 1666 delectum.
416 1616 473 1665 Nam
497 1615 554 1666 sicut
573 1615 601 1664 11
621 1611 830 1677 magnanimitatem

24 1689 132 1757 pertinet
143 1685 260 1745 inpellere
272 1687 374 1736 animum
385 1687 414 1737 ad
430 1699 525 1748 magna,
540 1689 616 1736 contra
631 1685 828 1749 desperationem,

27 1761 101 1814 laad
118 1757 269 1808 humilitatem
284 1757 384 1822 pertinet
401 1759 516 1807 retrahere
536 1757 635 1808 aninum
651 1756 680 1805 all
699 1755 829 1805 inordinato

24 1832 134 1902 appetitu
157 1843 290 1893 magnorum
314 1834 393 1880 contra
414 1829 623 1892 presumptionem.
650 1826 830 1878 pusillanimitas

23 1914 106 1960 rotem
120 1901 142 1953 si
150 1901 258 1964 importet
269 1902 382 1953 delectum
389 1900 404 1950 t
412 1901 568 1964 prosecutione
579 1911 711 1963 magnorum
721 1935 728 1953 ,
737 1895 830 1962 proprio

24 1977 154 2046 >pponltur
165 1973 344 2037 magnanimitati
358 1986 401 2036 per
412 1973 504 2022 modum
521 1971 637 2031 delectum
656 1970 676 2020 si
689 1974 766 2019 autem
784 1969 831 2019 im-

24 2053 104 2106 rortct
121 2045 299 2110 applicationem
315 2045 386 2096 animi
401 2045 431 2094 ad
447 2044 523 2106 aliqum
535 2042 615 2094 uiliora
631 2040 697 2107 quim
712 2041 829 2091 homiuem

24 2122 141 2181 leceant‚
152 2117 275 2182 opponitur
286 2118 408 2168 humilitati
418 2115 543 2167 mouentum
555 2115 669 2168 delectum
683 2129 689 2164 :
708 2117 830 2176 utrumque

24 2198 86 2249 enim
100 2205 133 2243 ex
145 2189 216 2240 animi
226 2189 339 2253 paruitate
350 2189 460 2254 procedit.
470 2188 535 2238 stcut
544 2190 567 2238 et
579 2184 712 2238 econtrario
723 2184 829 2249 superhia

24 2269 104 2322 ›otest
117 2260 243 2314 seeundum
255 2274 442 2324 superexmsenm
455 2262 478 2310 et
487 2258 665 2322 magnanimitati
676 2261 699 2308 et
708 2254 832 2307 humilitati

24 2335 118 2406 ›pponi
135 2331 260 2383 secundum
273 2330 375 2383 rationes
391 2331 491 2383 diuersas
508 2329 650 2380 :humilitati
666 2329 772 2391 quidem,
793 2340 833 2378 se·

24 2409 128 2463 cunnum
142 2403 204 2468 quod
216 2403 382 2468 subjectionem
397 2405 545 2467 aspernatum
561 2399 738 2463 magnanimitati
755 2403 831 2449 autem

24 2475 157 2535 ecuodhm
177 2474 237 2539 quod
258 2474 386 2527 inordinate
408 2475 437 2524 11
454 2487 533 2536 magna
553 2470 759 2523 consumsisset
779 2468 833 2533 quia

24 2549 138 2618 superbia
148 2547 330 2611 superioritatem
337 2548 457 2610 quamdam
466 2547 583 2610 importat,
594 2542 702 2594 directius
709 2541 833 2606 opponitur

24 2620 174 2677 numilitali,
193 2619 251 2671 siem
267 2623 291 2670 et
310 2618 483 2684 pusillanimitas
500 2629 551 2681 quas
573 2617 680 2680 importat
698 2614 833 2679 parvitatem

24 2695 99 2750 inimi
113 2693 141 2744 in
150 2704 232 2754 magua
243 2691 373 2755 tendentis,
387 2689 495 2742 directius
507 2688 627 2754 opponitur
640 2684 829 2752 magnanimitati.
