1934 3284
107 169 153 218 tae
232 179 340 217 omnam
355 177 485 231 mnan,
502 178 593 226 onnar.
611 179 664 232 om,
681 177 735 220 aar.
753 179 778 220 r.

107 255 153 306 Sol
164 254 228 306 solua
239 255 300 306 lleaa
305 255 565 317 comeant-interiorem
574 257 691 308 allectum.
702 259 762 322 llrgo
774 261 824 308 uon*
831 257 907 322 potest

108 325 156 376 lieri
169 325 248 389 pratu
260 327 440 390 recompensatio
449 327 573 378 seouudim
587 329 701 380 allaetum.

138 397 183 447 Sed
209 399 288 448 oontm
310 400 362 460 eol,
377 400 437 462 qaod
461 400 547 448 Serena
570 399 625 450 dicit
649 400 673 449 in
692 401 702 450 l
719 399 755 450 De
781 399 908 464 infinita

107 470 180 532 (oap.
196 467 228 531 t)
241 484 247 517 ε
263 470 454 533 «Nonnunquam
466 470 539 534 napis
551 483 593 521 nos
606 471 690 534 olllput
704 472 742 535 qai
759 471 823 523 dedit
835 483 907 535 parva

107 538 241 602 namium,
262 543 287 590 ot
295 540 335 604 apri
346 541 454 605 exiguum
466 542 554 604 tribuit,
569 543 608 593 sod
620 543 750 594 libenter.»

139 609 299 674 (Commnaro.
312 637 343 650 -
354 611 543 678 ltooompeusatio
556 625 608 676 quo
618 613 643 663 tlt
654 613 779 665 secumdum
788 613 903 679 justiliam

106 682 142 734 val
154 682 233 733 utilem
242 682 379 746 amicitiam,
393 683 517 735 madum
532 685 639 735 ellectum
653 687 726 750 maglo
740 684 809 749 quan
823 697 907 736 seeun-

106 752 159 804 dum
172 754 278 804 affectum
297 756 436 806 attondenda
451 758 502 818 eat;
522 755 547 806 in
564 757 658 806 noaaota
675 760 751 807 nutam
767 756 868 806 amicitia
882 761 907 807 ot

105 824 178 888 gratia
189 825 263 889 magia
275 827 398 877 secundnm
417 827 544 889 mortum)

137 895 272 959 lteapondeo
288 895 424 959 dicendam,
436 896 497 960 quon
517 896 696 962 reeompensatio
709 897 816 948 beneficit
830 900 912 962 potent

106 967 135 1016 ad
147 969 195 1017 troo
208 966 306 1017 virtutm
315 966 442 1031 portinere,
454 967 543 1020 eoiret
555 969 582 1018 atl
592 967 718 1032 justitiam
734 969 872 1032 aumatium
887 975 912 1022 et

105 1039 134 1090 ml
152 1036 287 1088 amicitiem.
305 1039 466 1102 injustitiam
484 1039 575 1104 quinem
591 1039 689 1103 pertinet
707 1041 798 1103 qnando
815 1053 911 1090 mcum-

106 1108 210 1174 pensetio
228 1109 296 1159 trahet
315 1111 425 1162 rationem
442 1109 513 1161 moliti
527 1110 618 1174 emtis,
632 1109 690 1160 siout
710 1109 735 1160 ia
748 1115 828 1162 mutuo
844 1115 868 1162 et
884 1112 910 1162 in

106 1179 158 1231 aliia
168 1180 316 1244 utinmotu
332 1185 357 1231 et
369 1181 394 1230 in
405 1181 445 1230 tali
454 1181 714 1246 remmpenaatlodeliel
727 1181 813 1232 amendi
826 1195 912 1234 socam

107 1249 160 1301 dim
179 1250 327 1316 emutilatum
346 1251 402 1302 alati.
424 1253 457 1302 ld
472 1252 599 1303 amicitiam
613 1255 688 1302 aulana
705 1251 805 1317 pertinet
819 1266 912 1304 reeom-

105 1322 210 1386 pensatio
226 1321 345 1385 inuoluit,
358 1328 383 1373 et
397 1322 503 1374 similiter
515 1324 543 1374 ml
554 1322 661 1374 uirtutem
677 1322 765 1387 matio,
780 1323 909 1374 sonandum

106 1393 168 1457 apuli
176 1394 244 1446 halet
257 1393 368 1445 rationem
378 1394 559 1456 detinueritis,
570 1395 719 1446 alitertamen
730 1399 753 1445 at
762 1394 836 1446 aliter.
847 1395 911 1446 Nam

106 1465 131 1515 in
139 1465 348 1530 recompensatione
360 1465 468 1517 umioitin
478 1469 569 1530 oporiet
578 1469 705 1531 aoapeolum
720 1465 797 1516 talari
806 1467 834 1517 ml
847 1468 910 1518 arui*

105 1536 165 1588 oilie
184 1549 275 1588 oausam
290 1554 297 1588 ε
312 1538 374 1588 umlo
390 1537 415 1586 in
432 1536 532 1588 auioltia
550 1537 626 1599 atilio,
642 1537 708 1588 debet
726 1539 908 1600 moompousatio

106 1608 155 1658 llari
173 1607 297 1659 mundum
312 1608 434 1659 utilitatem
451 1621 520 1671 quam
536 1607 588 1671 quie
601 1621 630 1658 ex
646 1605 754 1658 laneficio
771 1611 911 1660 uonseoutue

105 1682 155 1740 aol;
171 1678 196 1728 in
207 1679 308 1729 amicitia
318 1682 394 1729 antem
403 1678 508 1740 laoueoti,
521 1679 588 1730 dalet
603 1678 850 1742 irrecompensatum
864 1681 909 1730 ha-

104 1748 154 1800 beri
173 1751 290 1813 respectus
308 1750 336 1799 ad
352 1748 486 1800 electionem
507 1749 556 1800 siro
571 1750 599 1800 ad
614 1749 722 1800 allectum
740 1748 829 1808 tantm
852 1753 909 1812 quia

104 1822 148 1870 hoo
161 1819 274 1884 praecipue
287 1819 408 1883 requiritur
416 1819 444 1870 ad
462 1818 566 1870 virtutem
575 1857 581 1882 ,
591 1825 617 1870 ut
625 1820 708 1871 dieitur
720 1819 743 1869 in
754 1820 804 1870 Vlll
817 1822 905 1872 attic.

106 1892 172 1954 (cap.
184 1894 213 1939 1u
225 1891 261 1940 rel
274 1891 329 1953 1⁵).
344 1891 372 1939 lit
389 1889 494 1942 simililer·
509 1891 563 1954 quia
575 1891 647 1956 gretia
662 1889 755 1954 respicit
770 1891 908 1944 beneficiam

105 1960 228 2012 oeounrlim
240 1959 301 2024 quid
315 1965 350 2012 eat
362 1961 434 2025 gratis
447 1963 575 2026 impensum
586 1963 754 2028 (quodquidam
764 1962 863 2026 pertinet
877 1965 909 2015 ad

104 2032 240 2095 allectum),
253 2032 305 2085 ileo
325 2033 393 2084 etiam
410 2034 489 2098 gratie
511 2033 689 2100 recompensatio
713 2033 810 2088 attendit
833 2037 911 2099 magis

105 2103 209 2155 allectum
223 2104 300 2156 dantis
310 2105 377 2169 quina
392 2105 507 2158 atomum.

135 2177 168 2226 lid
180 2177 278 2240 primam
290 2190 343 2241 erpo
357 2176 487 2237 dicendum,
497 2177 557 2242 quod
568 2177 642 2228 omnis
650 2181 711 2228 aolus
726 2177 817 2228 moralis
827 2191 854 2227 ex
866 2192 908 2230 ro-

105 2248 191 2300 lnntalo
204 2248 326 2313 demutet.
338 2248 402 2300 Unde
416 2247 550 2299 beneficium
564 2248 690 2300 aoounallrm
700 2247 763 2312 quid
778 2251 817 2300 eat
828 2247 907 2303 laudu-

104 2317 164 2379 ile,
177 2323 244 2383 prout
254 2319 275 2370 ei
293 2318 370 2382 gratie
385 2319 562 2382 romupausotio
576 2319 676 2382 debetur,
693 2319 841 2372 materialiter
853 2321 909 2383 qui-

104 2390 156 2440 dem
181 2390 285 2442 oouoistit
305 2391 331 2439 in
349 2389 445 2451 effectu,
462 2390 504 2440 eod
525 2389 649 2446 lormalitor
670 2395 694 2442 et
708 2390 864 2456 principaliter
882 2390 909 2442 in

104 2461 230 2512 vernule.
242 2462 306 2516 Unde
317 2462 404 2514 Sonaoa
413 2460 519 2512 dicitiul
534 2461 571 2514 De
583 2461 725 2525 beneficiio:
741 2460 906 2514 uBenaioium

104 2530 185 2582 nonin
197 2533 297 2596 eoquod
310 2533 337 2584 lit
352 2536 392 2585 aut
405 2532 653 2594 laurenrentium
670 2531 694 2584 iu
709 2533 760 2597 ipso
774 2531 851 2588 dentis
865 2535 907 2584 aut

104 2601 211 2655 laalonlie
224 2603 335 2656 animo.»

135 2674 168 2724 ao
183 2675 307 2726 muudum
323 2674 455 2738 litandum,
465 2674 528 2738 quot
539 2674 610 2738 gratu
628 2678 664 2730 est
673 2687 726 2739 pana
736 2673 845 2738 jumen,
857 2687 906 2726 aon

102 2745 193 2808 quiden
205 2743 264 2797 siout
274 2747 366 2809 epeoiea
381 2746 487 2810 generis,
501 2747 541 2798 sed
555 2759 596 2810 per
612 2746 735 2810 quamdam
749 2745 907 2798 redentionem

103 2815 131 2864 ad
144 2828 215 2878 genus
226 2817 334 2880 iustitiae,
348 2821 373 2867 ut
389 2817 556 2881 supradictum
579 2819 615 2867 est
628 2816 689 2880 (pu.
706 2820 735 2868 80
747 2816 766 2881 ).
782 2817 904 2870 Undauon

102 2890 192 2950 oportet
204 2886 266 2952 quot
279 2887 359 2948 eutem
372 2888 430 2944 ratio
439 2887 511 2943 leniti
523 2887 650 2950 attentatur
661 2885 794 2954 minorum
807 2886 901 2944 ortuu-
