1934 3284
331 197 361 234 ns
377 196 539 238 nmmum.
786 187 833 236 σεδ

31 271 97 335 virgo
112 271 196 335 cogitat
206 285 256 334 qua
266 272 355 323 bomini
368 277 434 334 euru,
444 279 468 324 ut
478 274 508 323 sit
521 277 598 324 saucia
609 278 633 325 et
645 287 737 339 corpore
749 279 773 324 et
786 277 835 340 spi·

31 343 86 393 ritu.
104 345 159 404 Quae
175 347 248 394 anatem
265 349 334 408 nupta
349 351 391 408 est,
408 346 492 407 cogitat
504 360 555 408 quac
568 350 621 395 sunt
634 346 726 410 mundi,
739 353 763 396 et
779 361 836 409 quo·

32 417 100 466 modo
113 415 202 478 placeat
214 416 297 466 viro.»
314 417 376 466 Unde
390 417 526 480 relinquitur
537 418 597 480 qudd
606 419 727 481 uirginitas
741 432 787 469 nou
797 422 834 469 eat

32 488 118 550 aliquid
131 487 236 536 vitiosum
247 524 256 550 ‚
272 488 310 537 sed
325 487 401 550 potins
412 488 533 539 laudabile.

66 561 98 612 bd
110 557 208 624 primum
220 573 272 622 ergo
284 559 417 623 dicendum,
428 559 486 622 qubd
497 565 635 624 praceptmu
648 562 716 613 babet
726 563 837 613 rationem

33 629 121 690 debiti,
141 634 166 680 ut
182 630 249 694 supra
265 631 347 681 dictum
363 636 406 682 est.
421 632 544 696 Dupliciter
558 637 633 682 antem
651 634 736 695 aliquid
747 638 783 684 est
795 634 837 684 de-

32 702 117 752 bitum.
133 703 181 753 Uno
195 703 310 766 modo,ut
323 703 443 770 impleatur
455 705 483 754 ab
493 718 540 755 uno
555 720 561 753 ε
578 708 601 753 et
614 705 659 752 boc
673 704 772 754 debitum
784 705 835 756 sine

32 779 131 838 peccato
145 774 254 838 praeteriri
265 787 311 824 uon
322 779 405 838 polest.
414 775 480 825 blind
494 780 568 826 autem
580 779 615 825 est
629 774 728 824 debitum
738 775 837 839 implen-

34 847 91 895 dum
111 845 280 896 'amultitudine
297 862 303 894 z
319 851 342 896 et
362 848 389 896 ad
403 847 447 897 tale
465 847 566 897 debitum
581 847 722 912 implendum
740 860 785 896 non
802 850 837 896 te-

34 923 105 968 netur
123 918 219 982 quilibet
240 919 268 968 de
287 917 439 969 multitudine.
455 919 524 968 Multa
542 920 604 969 enim
625 921 678 968 suut
696 918 837 968 multitudini

34 990 175 1052 necessaria,
188 991 215 1040 ad
227 1003 278 1054 qnae
290 991 404 1054 implenda
412 1005 472 1041 uuus
486 1005 531 1042 non
545 991 629 1040 sufficit
644 1007 650 1040 :
663 991 704 1041 sed
716 990 838 1053 implentur

34 1061 223 1124 amultitudioe3
238 1063 291 1111 dnm
311 1076 372 1112 unus
390 1064 447 1127 boc,
463 1063 521 1112 alius
539 1062 595 1113 illud
611 1062 675 1112 iacit.
692 1063 837 1125 Preceptum

35 1133 107 1196 igitur
121 1133 178 1196 legis
198 1137 283 1184 natura
297 1134 386 1188 homiui
400 1135 477 1186 datum
490 1137 519 1187 de
529 1134 675 1186 comestione
689 1147 784 1185 necesse
803 1137 839 1185 est

35 1205 99 1272 qubd
113 1207 141 1255 ab
155 1215 290 1272 unoquoque
307 1205 428 1270 impleatur
441 1225 447 1256 a
460 1209 526 1258 aliter
540 1207 601 1258 enim
621 1206 764 1257 individuum
782 1220 838 1257 con·

35 1277 125 1330 servari
139 1291 183 1326 nou
194 1283 280 1340 posset.
295 1277 339 1328 Sed
350 1282 487 1343 preceptum
501 1279 579 1328 datum
592 1278 777 1342 degeneratione
789 1291 839 1328 rese

35 1349 94 1414 picit
109 1352 180 1399 totam
192 1348 363 1400 multitudinem
377 1351 495 1400 bominum
504 1389 511 1414 ,
521 1352 561 1401 oui
573 1351 728 1402 oemesnriuro
743 1353 779 1401 est
792 1363 838 1400 uon

36 1419 113 1473 solbm
127 1419 187 1486 qnbd
196 1421 359 1484 multiplicetur
369 1421 522 1485 corporaliter,
530 1423 569 1473 sed
583 1423 652 1473 etiam
662 1420 723 1485 qudd
734 1421 840 1485 spiritua·

36 1493 90 1544 liter
104 1493 217 1556 proficiat.
229 1493 258 1542 Et
270 1493 321 1544 ideo
336 1493 476 1544 sufficienter
489 1495 619 1558 providetur
635 1497 742 1544 bumana
757 1491 841 1542 multi-

36 1564 127 1628 tudini,
141 1564 161 1616 si
181 1565 273 1629 quidam
290 1566 377 1616 carnali
392 1567 532 1629 generationi
550 1581 642 1632 operam
662 1568 730 1630 deut3
749 1564 841 1630 qnidam

38 1636 95 1688 verb
112 1636 140 1686 ab
154 1637 197 1686 bac
214 1637 366 1702 abstinentes,
379 1639 562 1702 contemplationi
575 1640 703 1690 divinorum
717 1642 799 1688 uacent
812 1637 842 1686 ad

36 1709 110 1760 totius
121 1708 213 1757 humaui
226 1708 314 1770 generis
329 1710 521 1772 pulchritudinem
535 1715 559 1761 et
571 1713 677 1762 salntem.
697 1711 760 1761 Sicut
772 1709 841 1759 etiam

36 1783 64 1834 in
80 1779 182 1830 exercitu
193 1779 285 1843 atridam
300 1785 374 1830 castra
387 1781 531 1843 custodiunt,
546 1783 635 1846 quidam
649 1783 715 1845 signa
727 1782 840 1841 dederuut,

37 1851 133 1919 quidam
147 1851 227 1915 gladiis
239 1853 363 1915 decertant,
373 1867 423 1915 quaa
434 1856 510 1903 tamen
521 1856 597 1904 omnia
606 1855 684 1906 debita
699 1856 754 1904 sunl
765 1852 841 1904 multi-

36 1923 130 1986 tudini,
144 1925 184 1974 sed
198 1937 322 1988 perunum
336 1923 425 1987 impleri
445 1937 493 1976 non
507 1931 608 1989 possunt.

73 1999 107 2048 dd
122 1997 246 2058 secundum
260 1997 393 2059 dicendum,
408 1996 469 2060 qubd
480 1998 519 2053 ille
532 1999 572 2060 qni
585 1998 685 2050 abstinet
697 1999 727 2048 ab
735 1998 843 2048 omnibns

39 2067 233 2122 delectationibus
249 2071 330 2131 praeler
350 2068 459 2118 rationem
481 2074 577 2130 sermm,
594 2071 659 2134 qrrasi
682 2070 843 2120 delectationes

34 2137 168 2204 ,secuudum
191 2152 216 2189 se
237 2140 372 2203 abhorrens,
389 2145 425 2190 est
443 2141 596 2205 insensibilis,
612 2143 673 2192 sicut
691 2140 785 2204 agmstie
796 2139 841 2205 (l).

40 2215 112 2275 Virgo
125 2217 201 2262 autem
217 2225 263 2262 uon
275 2211 373 2262 abstinet
384 2212 413 2262 ab
428 2213 492 2262 omni
511 2213 669 2275 delectatione,
684 2213 725 2262 sed
738 2210 812 2262 solim
829 2211 844 2260 ir

40 2285 193 2338 delectatione
214 2283 312 2334 venerei
321 2301 335 2352 ;ι
346 2287 369 2333 ct
383 2284 410 2333 ab
424 2286 467 2334 bac
481 2284 581 2336 abstinet
594 2284 719 2336 secundinm
733 2285 843 2334 rationem

39 2361 146 2418 rectam,
163 2360 189 2405 ut
201 2355 340 2406 dictumest.
355 2355 453 2406 bladium
468 2361 545 2407 autem
557 2358 648 2408 nutantis
657 2370 704 2406 nou
717 2353 844 2407 secundiane

40 2427 193 2495 quantitatem
204 2465 210 2489 ,
221 2427 264 2478 scd
273 2427 396 2478 secundbm
407 2429 519 2478 rationem
535 2433 618 2480 recum
633 2427 804 2486 determinatur,
818 2429 844 2475 ut

40 2501 128 2553 dicitur
145 2499 169 2547 in
183 2498 212 2548 ll.
233 2499 426 2550 attenuatione
447 2499 474 2550 de
494 2500 638 2563 magnanimo
658 2498 737 2551 dicitur
754 2498 779 2546 in
803 2497 842 2547 lll.

40 2572 139 2628 Erote„
152 2570 212 2634 qubd
226 2574 263 2621 est
277 2587 290 2620 a
304 2570 459 2634 magnitudine
474 2576 604 2634 extremus,
615 2585 646 2642 eo
661 2573 737 2621 antero
746 2568 808 2633 qnod
820 2571 846 2618 ut

39 2645 150 2709 oportet,
164 2641 260 2692 medius.
271 2660 286 2690 u

74 2715 113 2765 Ad
136 2714 227 2764 tertium
241 2713 377 2777 dicendum,
392 2715 452 2780 quod
472 2715 536 2778 leges
554 2715 657 2764 leruntnr
678 2712 801 2764 secundum
817 2725 845 2762 ea

76 2859 111 2925 (ll
123 2863 175 2911 Siue
187 2861 247 2906 sieut
255 2867 357 2918 agrestes
371 2825 451 2925 (iuxta
462 2875 561 2922 vocum
572 2861 679 2935 appiani,
691 2863 736 2910 lanc
746 2867 845 2910 emm

39 2932 108 2997 ieri)
125 2933 161 2978 nel
178 2934 257 2983 camsi
270 2934 388 2994 homines,
399 2940 445 2984 ete.
