1934 3284
131 145 178 193 tot
244 152 350 192 escoron
364 151 481 190 sucum:
490 173 499 201 ,
512 149 605 196 onear.
620 149 717 200 otuu,
732 151 793 190 aar.
809 153 826 188 1.

129 229 295 293 intelligentia.
313 230 343 278 Et
357 234 434 279 tamen
452 229 502 278 bec
522 225 670 291 precognitio
687 226 827 278 futurorum
839 227 925 280 dillerti

130 303 216 367 prima,
232 314 284 363 quae
297 301 393 350 babetur
402 313 432 350 ex
442 298 579 348 revelatione
596 297 686 354 dirime,
703 298 852 362 dupliciter:
866 299 925 364 priub

129 373 235 436 guidem,
250 372 304 435 qnia
318 373 392 435 prima
403 375 480 436 potest
491 383 542 420 esse
556 383 757 432 quorumcumque
778 377 899 422 eventuum
910 375 926 419 et
943 389 944 408 i

129 443 287 493 infallibiliter.
298 444 352 494 llaec
359 449 435 493 aulem
444 440 589 507 precogriitio
599 453 652 505 quae
661 441 803 492 naturaliter
812 444 887 494 baberi
896 456 925 506 pu

130 517 190 576 test,
204 519 239 564 est
253 515 313 564 circa
326 515 436 578 quosdam
455 514 550 564 effectus
563 511 592 561 ad
606 523 665 575 quos
680 523 707 561 se
726 518 812 575 potest
823 516 926 565 extendere

131 586 273 650 experientia
290 587 397 636 bumana.
416 583 536 648 Secundo,
551 583 605 646 qula
621 581 695 646 prima
713 587 845 649 prophetia
860 592 891 636 est
903 599 927 634 se-

130 657 228 708 cundinm
242 657 382 708 immobilem
392 657 522 718 ueritatem,
536 669 583 706 nou
596 659 673 704 antem
684 659 804 722 monada,
819 661 859 709 sed
870 664 926 722 potest
943 657 944 690 l

131 728 154 781 ei
167 731 261 780 subesse
274 729 366 780 laisum.
384 728 460 779 Prima
478 731 556 780 antem
572 726 722 791 precognitio
735 730 839 794 proprie
852 732 926 794 perine:

131 802 161 852 ad
175 801 335 867 prophetiam,
355 813 402 851 non
417 801 530 860 secunda,
546 798 615 862 quia,
630 797 691 847 sicut
705 800 784 863 supri
809 803 890 852 dicium
907 811 929 850 ut

134 875 191 938 (qu.
203 877 263 936 iat,
280 879 323 923 ert.
336 872 377 935 1),
391 871 523 935 propbetica
532 869 631 933 cognitio
644 874 680 918 est
690 882 779 920 eorum
795 889 850 937 qnae
862 881 931 923 naturi-

133 947 186 997 liter
205 947 318 997 excedunt
336 947 460 995 bumanam
473 943 634 1008 cognitionem.
651 943 681 992 Et
694 942 750 996 ideo
770 947 894 998 dicendum
908 951 931 994 ul

134 1017 197 1082 qued
213 1018 331 1082 prophetia
342 1016 475 1080 simpliciter
488 1016 547 1066 diota
558 1027 604 1064 non
618 1017 765 1078 potestesse
782 1017 797 1068 e
813 1025 931 1076 natiuasu

134 1088 208 1140 eolbm
223 1104 252 1139 ex
265 1088 404 1139 revelatione
419 1086 505 1137 diuina.

167 1162 199 1211 bd
210 1161 309 1225 primurn
322 1174 377 1222 ergo
389 1159 509 1209 dicendum
520 1193 525 1218 ,
538 1155 598 1221 qnbd
612 1155 689 1206 anima
700 1161 804 1221 emendo
814 1163 932 1213 abstraliln:

136 1231 328 1296 temporalibus,
339 1232 413 1296 aptior
425 1230 524 1280 redditur
537 1229 565 1278 ad
580 1225 755 1293 percipiendum
771 1231 889 1283 inflnaum
901 1233 933 1293 sfil-

134 1303 249 1354 ritualiam
268 1304 457 1366 substantiarum,
474 1305 498 1350 et
512 1301 582 1351 etiam
601 1299 630 1350 ad
649 1300 839 1364 percipiendum
861 1307 944 1368 subtile·¹

136 1381 210 1427 motus
225 1377 265 1442 qui
284 1389 312 1426 ex
325 1374 515 1440 impressionibus
529 1371 663 1422 naturalium
686 1384 821 1426 causarum
837 1379 863 1428 in
876 1371 944 1434 iungi-³

136 1448 228 1498 natione
247 1451 347 1498 bumana
371 1446 538 1509 relinquuntur3
553 1442 566 1493 i
583 1443 666 1506 quibus
686 1445 858 1509 percipiendis
879 1450 944 1508 autin}

136 1519 261 1582 impeditur
269 1518 398 1568 cimluerit
404 1518 463 1566 circa
472 1514 589 1566 sensibilia
596 1519 716 1579 occupata.
729 1515 761 1566 Et
770 1519 830 1570 ideo
838 1509 944 1582 Gregorio*

137 1590 192 1640 dicit
204 1593 238 1651 (ut
246 1591 332 1654 sopri),
345 1589 407 1654 qnbd
417 1590 502 1650 anima,
512 1587 602 1652 qnando
613 1586 789 1651 appropinquat
800 1591 833 1640 ad
850 1597 933 1641 morleu.

136 1662 299 1724 praecognoscit
321 1662 424 1725 quaedam
441 1659 517 1710 futura
537 1657 665 1708 subtilitate
687 1670 738 1708 suae
761 1665 875 1724 nature,
891 1675 929 1725 pro

139 1732 224 1782 scilicet
237 1732 336 1797 percipit
350 1733 419 1783 etiam
436 1731 539 1782 modicas
553 1728 735 1794 impressiones3
753 1735 800 1782 aut
818 1735 889 1784 etiam
900 1746 934 1780 eu.-

138 1804 213 1854 noscit
224 1806 300 1856 lutura
312 1804 453 1856 revelatione
467 1799 584 1866 angelici,
597 1812 645 1850 non
653 1805 733 1850 numm
746 1805 850 1868 proprii
860 1807 928 1856 aium

138 1876 201 1940 qnia,
214 1877 386 1939 utbugustinns
395 1876 459 1937 dicit,
468 1875 518 1924 llll.
527 1875 609 1937 Super
619 1873 705 1922 Genea.
718 1875 759 1925 ad
766 1876 815 1927 tir.
831 1878 892 1943 (cap.
902 1881 923 1925 ll

139 1950 216 2000 eihoc
226 1953 297 2013 esset,
310 1955 366 1999 tnnc
381 1949 475 1998 baberet
489 1947 675 2011 quandocumque
690 1945 765 1996 vellet
774 1947 804 1998 in
819 1963 863 2000 sua
877 1956 934 2014 pules·

139 2024 186 2070 tate
199 2021 276 2070 lutura
286 2032 486 2084 praecognoscere3
501 2018 561 2081 quod
571 2019 635 2080 patet
648 2029 699 2067 esse
711 2017 812 2070 falsum.

171 2093 339 2142 bdsecundum
350 2091 479 2151 dicendum,
491 2089 551 2154 qnbd
564 2087 665 2151 cognitio
678 2088 817 2142 futurorum
829 2107 883 2157 quae
894 2094 914 2142 lit
924 2105 933 2137 r

140 2163 244 2228 somniis,
258 2167 294 2214 est
304 2166 344 2213 aut
352 2176 381 2212 ex
388 2161 527 2213 revelatione
538 2159 690 2224 spiritualium
708 2159 931 2226 substantiarum,u

139 2249 169 2287 ex
182 2249 250 2286 causa
258 2235 385 2299 corporali,
397 2238 423 2284 nt
436 2234 520 2285 dictum
532 2238 583 2296 est,
595 2231 647 2281 ciue
659 2233 688 2282 de
704 2232 893 2287 divinationibus
902 2251 932 2296 ap

141 2313 205 2359 retur
214 2309 263 2372 (qu.
280 2313 320 2372 ot,
337 2311 381 2357 art.
393 2307 429 2370 6).
443 2308 567 2368 Utrumque
581 2307 658 2354 autem
670 2301 759 2354 meliis
768 2310 852 2369 potest
870 2309 928 2357 fieri.

140 2380 304 2432 dormientibus
321 2377 390 2443 quim
402 2378 427 2428 iu
442 2376 601 2441 uigilantibus,
613 2376 669 2438 quia
679 2374 758 2426 anima
773 2377 899 2442 vigilantis
917 2391 931 2425 e

140 2454 251 2515 occupata
265 2451 326 2501 circa
338 2449 450 2500 exteriora
469 2447 592 2510 sensibila3
611 2447 672 2498 unde
686 2445 766 2498 minius
779 2455 864 2511 potest
878 2463 934 2514 peu:-

140 2535 195 2585 pere
210 2521 305 2573 subtiles
317 2519 479 2584 impressiones
490 2520 528 2569 ael
540 2518 690 2582 spiritualium
704 2519 905 2580 substantiarum,
915 2534 929 2563 i.

140 2592 209 2641 etiam
224 2606 344 2642 causarum
361 2593 507 2642 naturalium.
522 2591 636 2648 Quantum
648 2595 726 2640 muron
734 2590 766 2640 ad
782 2593 932 2654 perlectioue=

139 2661 234 2722 judicii,
252 2665 304 2726 plus
318 2664 381 2726 uiget
393 2664 452 2713 ratio
464 2665 489 2713 iu
503 2661 617 2724 vigilando
630 2660 698 2724 quim
709 2660 734 2710 in
753 2663 902 2714 dormiendo.

173 2733 208 2780 ed
225 2735 317 2783 tertium
330 2735 466 2795 dicendum,
481 2731 541 2798 quod
552 2733 619 2783 bruta
630 2733 700 2782 etiam
710 2734 826 2786 animdia
847 2750 893 2787 nou
909 2738 928 2782 lu

140 2801 197 2852 bent
215 2805 412 2868 precognitionem
438 2807 565 2856 futurorum
588 2808 726 2870 eventuum,
749 2805 798 2857 nisi
823 2809 929 2860 secundm

139 2871 201 2935 quod
213 2885 243 2921 ex
252 2875 300 2924 suis
313 2876 389 2926 camis
401 2879 630 2942 pracognoscuutur3
643 2889 673 2928 ex
685 2877 772 2941 quibui
779 2891 863 2932 mrum
874 2883 932 2946 pban·
