1934 3284
328 196 545 247 oroororrrurr.
790 190 836 249 lul

21 278 111 341 speeies
132 279 330 346 superstitionis.
345 286 373 331 ιν
386 281 466 334 lltrlrm
480 285 510 335 sit
527 287 654 349 peoentern.
668 289 695 336 ιο
710 284 790 339 Utrum
807 287 838 337 sit

21 352 185 414 gravissimum
205 358 367 419 peccatorum.
389 358 416 405 ιι
429 356 460 406 ιιε
472 370 540 408 reuse
551 358 621 423 trojus
633 359 730 423 peseeti.

51 424 134 477 Utrum
150 430 235 476 autem
253 439 306 475 eum
324 426 452 477 idololatris
466 428 497 479 sit
512 430 839 495 commensuritionem

24 500 56 544 est
71 497 145 563 suprt
159 496 217 549 oirnr
237 497 268 549 de
278 498 415 552 infidelitate
428 505 541 564 ageretur.

340 678 502 747 sustollitis
518 681 537 733 1.

67 802 156 851 Utrum
167 804 317 850 idololatria
326 804 391 851 recte
404 810 510 862 ponatur
519 808 605 864 species
615 810 797 865 superstitionis.

55 931 88 981 Ari
104 932 209 997 primurm
222 932 259 983 sio
267 931 407 996 proceditur.
417 933 512 985 Videtur
524 933 587 999 qnod
599 934 726 987 idololotria
738 950 782 989 non
796 946 837 1002 po·

28 1006 90 1052 natur
104 1001 170 1055 reete
194 1003 287 1069 speeies
303 1004 481 1068 superstitionis.
501 1006 646 1057 sicutenim
665 1008 765 1058 heretici
785 1015 838 1059 sunt

28 1074 143 1136 infideles,
158 1076 192 1125 ita
214 1078 239 1126 et
259 1074 393 1127 idololatrae.
409 1078 454 1127 sed
469 1078 565 1129 lraeroeis
582 1082 619 1129 est
632 1079 722 1141 speeies
742 1078 839 1130 infideli·

28 1148 90 1209 tatis,
105 1151 134 1197 ut
147 1146 222 1211 snprt
233 1147 340 1197 uentum
353 1151 389 1197 est
406 1150 463 1213 (qn.
476 1152 521 1213 tl,
536 1154 580 1200 erl.
594 1153 634 1211 ι).
654 1152 714 1214 Ergo
728 1153 752 1200 ει
768 1150 840 1202 idolo·

29 1216 104 1281 letrin,
120 1232 170 1269 nou
190 1222 271 1269 autent
285 1218 463 1282 superstitionis.

57 1294 80 1340 ι.
93 1292 230 1352 Pronoea,
245 1289 313 1340 lutrio
327 1290 425 1354 pertinet
438 1292 467 1341 uo
478 1290 586 1343 ririotm
601 1293 730 1358 religionis,
741 1294 778 1346 eoi
792 1308 834 1360 op·

31 1362 117 1423 ponitur
131 1361 282 1426 superstitio.
299 1361 344 1413 Sed
362 1362 488 1414 idololotria
499 1365 591 1415 vitetur
603 1365 700 1416 unisone
710 1366 757 1417 diei
770 1368 836 1418 lutriu

32 1446 77 1483 rum
91 1448 120 1487 ou
134 1449 187 1500 qoae
201 1436 230 1485 ed
245 1447 325 1485 rernm
339 1434 473 1499 religionem
487 1437 587 1501 pertinet
595 1454 607 1500 3-
618 1437 677 1487 sinuo
690 1438 752 1497 eninr
765 1452 837 1504 appe·

35 1504 85 1555 titus
94 1507 157 1559 luisse
164 1505 322 1558 beatitudinis
335 1520 386 1556 cunr
398 1509 571 1572 appetitorem
584 1506 730 1560 leotintiois
741 1510 837 1561 univoce

38 1574 119 1641 dieitur,
128 1580 162 1629 ita
172 1578 253 1628 cultos
266 1576 376 1627 falsorum
387 1579 488 1642 deorum,
500 1580 539 1643 qul
550 1580 631 1631 ocitur
639 1579 776 1645 idololatris,
785 1582 837 1632 oni-

36 1647 88 1699 roct
106 1652 199 1703 ridetur
221 1650 268 1701 sliri
288 1662 341 1701 oum
360 1652 422 1701 uultu
441 1651 492 1702 veri
504 1652 560 1715 liei,
582 1653 624 1715 qui
641 1656 677 1703 εει
691 1653 756 1703 latria
777 1665 836 1706 reru

34 1720 153 1784 religionis.
167 1724 232 1787 Ergo
246 1721 376 1773 idololatris
391 1735 437 1773 non
451 1727 486 1774 εει
495 1724 584 1788 speeies
599 1723 773 1788 superstitionis.

62 1795 83 1841 t.
98 1795 230 1855 Praeterea,
243 1792 299 1845 illud
314 1793 376 1857 quod
394 1794 450 1845 nitril
467 1800 515 1858 εει,
528 1809 575 1845 non
589 1799 729 1860 potestesse
742 1796 838 1860 alieuius

36 1864 119 1930 generis
138 1865 240 1930 speeies.
257 1865 303 1916 Sed
313 1865 441 1917 idololotria
455 1867 515 1917 nihil
526 1880 577 1918 esse
591 1867 693 1931 vitetur3
703 1866 761 1918 dieii
774 1869 836 1918 enirn

36 1938 165 1998 rpnstntm,
181 1938 192 1987 l
206 1936 243 1987 nd
258 1937 329 1993 Cor„
345 1936 397 1987 llll
413 1953 419 1986 ι
436 1938 549 1989 «Scimus
561 1938 615 2003 quie
628 1937 686 1989 nituit
698 1942 734 1989 est
751 1938 836 1989 idolum

36 2007 55 2056 in
67 2010 168 2072 mundo,
180 2026 195 2057 u
206 2008 307 2073 elluini,
322 2009 360 2059 X:
376 2026 391 2057 (ι
401 2010 459 2067 Quid
468 2010 539 2074 ergol
551 2012 600 2061 dieo
611 2010 671 2074 quot
680 2010 747 2062 idolis
755 2011 836 2063 inimo·

37 2080 99 2131 lstnsn
113 2080 145 2132 sit
154 2080 256 2145 aliquid,
273 2084 312 2130 sut
325 2079 386 2144 quod
398 2080 482 2131 idolum
494 2082 525 2131 sit
535 2081 636 2145 aliquid?
650 2099 664 2128 n
678 2082 745 2145 quusi
758 2081 831 2133 diost:

38 2152 113 2203 «Nou.
124 2170 139 2200 n
155 2151 276 2203 innotare
292 2156 368 2202 nownr
386 2151 452 2201 itolis
471 2152 562 2217 proprie
579 2153 607 2204 nd
622 2152 772 2203 idololatriam
785 2166 836 2217 per·

38 2223 97 2274 tinet.
110 2225 173 2289 Ergo
186 2224 333 2286 idolotatria,
348 2222 415 2287 qussi
428 2224 486 2273 nihil
500 2224 615 2286 existens,
627 2236 674 2274 non
689 2226 767 2287 potest
783 2236 835 2276 esse

39 2294 202 2357 superstitionis
216 2294 315 2359 speeies.

66 2370 87 2416 ι.
104 2368 232 2429 Praeteren,
251 2367 279 2416 nd
297 2365 484 2431 superstitionem
505 2366 605 2433 pertinet
627 2365 733 2417 exhibere
752 2366 836 2420 cottum

39 2438 133 2489 lirinum
146 2438 185 2487 sni
198 2450 245 2488 rron
256 2438 359 2489 detetur.
372 2440 415 2489 Sed
430 2440 504 2490 onltus
513 2439 605 2490 divinos
617 2437 678 2488 siout
690 2451 735 2488 non
743 2439 837 2491 debetur

40 2510 111 2575 idolis,
126 2511 158 2560 itu
174 2522 219 2561 neo
231 2509 282 2561 eliis
299 2508 424 2573 creaturis3
439 2512 500 2562 unde
513 2511 549 2562 ad
562 2513 643 2570 Rom„
655 2510 678 2571 l,
693 2510 785 2573 quidam
798 2512 834 2562 ri-

41 2585 166 2644 tnpernntur
176 2582 205 2633 de
215 2580 329 2647 hocqrrod
345 2599 358 2629 rr
367 2583 487 2633 coluerunt
500 2588 525 2634 ει
538 2582 669 2633 servierunt
679 2587 785 2635 creature
795 2596 837 2648 po·

42 2652 81 2702 tiis
91 2652 159 2717 quint
175 2652 305 2703 creatori.»
319 2654 376 2717 Ergo
387 2653 580 2715 inconvenienter
588 2653 719 2715 hujusmodi
728 2655 837 2719 supersti-

43 2723 102 2775 tionis
119 2725 210 2791 speeies
222 2723 375 2775 idololatria
389 2726 528 2789 nominetur,
542 2727 582 2777 set
595 2726 687 2777 teneret
705 2726 782 2791 potius
795 2738 837 2776 no·

43 2796 116 2847 minari
127 2798 210 2847 latria
221 2800 356 2848 ενεαιιινω.

67 2869 107 2921 Set
125 2875 204 2922 eontra
220 2874 270 2935 εει,
289 2870 351 2937 quod
376 2870 648 2935 Act.,XV11,dieitur,
666 2870 726 2935 queo
749 2870 834 2922 Proles

43 2940 87 2991 orn
97 2942 169 2995 eitun
182 2947 208 2996 et
224 2942 491 2997 remunerationis
508 2949 653 3010 expectoret,
669 2960 684 2991 u
694 2942 834 2994 inuiolatur
