1934 3284
133 247 179 294 262
265 254 375 295 escunnn
392 255 520 306 securene,
531 254 629 309 nunes.
647 255 694 304 err,
710 253 765 294 aur.
781 231 802 294 rJ

133 332 275 397 perentibus,
284 332 416 396 religionem
431 333 530 394 intrare,
543 333 596 396 quia
610 331 651 382 dlii
664 345 709 383 non
721 334 831 383 terrenior
841 332 870 384 ad
881 347 938 386 sns-

132 403 280 455 tentationem
298 407 417 469 nnrentum
433 403 478 454 nisi
496 403 565 455 causa
577 403 728 466 necessitatis,
746 407 772 453 nt
789 403 936 457 dictumest.

133 477 174 526 Ille
183 475 236 527 uero
243 475 283 540 qui
289 475 337 540 jam
348 481 386 528 eet
395 477 420 526 in
429 476 538 541 religione
547 475 671 540 protessus,
682 477 798 542 reputatur
807 475 855 539 jam
866 479 936 541 quasi

133 551 236 598 mortuus
249 549 345 612 mundo;
360 549 420 598 unde
431 561 476 599 nou
488 549 555 599 debet
572 547 692 598 occasione
706 547 877 598 sustentationis
891 564 938 612 pa-

132 623 222 670 rentum
243 619 304 670 exire
319 619 455 682 daonium,
471 619 497 669 in
512 633 557 682 qno
571 619 663 669 Cirristo
683 618 848 683 oonoepelitnr,
865 622 889 670 et
907 636 935 672 se

134 690 215 740 iterum
234 690 378 742 secularibus
395 689 493 756 negotiis
509 691 641 755 implicare3
658 692 749 741 tenetur
764 694 853 753 tamen,
868 692 938 743 saled

133 761 168 812 sni
181 761 268 826 prostati
283 760 413 814 obedientie
425 765 448 812 et
466 775 513 813 suae
528 761 645 825 religionis
658 764 733 824 statu,
747 761 811 826 pium
828 762 935 814 numum

134 832 240 886 monere
257 835 353 904 qualiter
368 834 418 904 ejus
429 832 561 899 parentibus
575 831 728 884 subveniatur.

472 1025 581 1041 m

408 1179 656 1285 uununrodu.

159 1330 194 1375 De
208 1328 360 1378 observantie
375 1327 509 1374 seeundum
522 1341 559 1378 re,
575 1329 605 1374 ire
623 1331 671 1375 tres
684 1328 802 1374 ortteuttos
815 1327 907 1375 diemo.

165 1483 252 1534 Deinde
265 1483 451 1535 considerandum
465 1485 501 1534 est
513 1482 541 1533 de
556 1482 700 1533 obseruantia
718 1485 740 1533 et
754 1482 857 1547 gmtihns
870 1484 936 1548 ejus,

136 1570 176 1622 nen
190 1571 240 1620 que
253 1557 281 1608 de
296 1555 406 1620 oppositis
420 1555 483 1606 uitiis
496 1554 541 1606 erit
555 1555 709 1607 menifestum.

167 1628 231 1678 Cinea
247 1627 414 1678 observantiam
432 1631 509 1678 autem
525 1631 657 1690 queruntur
676 1626 719 1677 tria
737 1641 743 1677 ι
759 1629 786 1676 1⁰
800 1627 882 1676 Utrum
896 1628 938 1677 ob-

136 1699 249 1751 servantie
269 1699 298 1748 sit
320 1699 426 1764 specialis
444 1699 529 1763 uirtus,
543 1704 567 1750 et
579 1700 607 1750 ah
627 1698 677 1749 eliis
692 1697 807 1749 distincta.
830 1703 858 1748 2⁰
877 1700 939 1758 Quid

136 1771 279 1824 observantie
297 1771 409 1823 exhibent.
427 1775 452 1820 3⁰
464 1773 496 1822 De
506 1771 675 1836 comparatione
688 1772 739 1836 ejus
753 1771 780 1821 nd
791 1769 909 1834 pietatem.

434 1952 594 2006 tuulcunns
608 1953 629 2002 1.
683 1988 686 1997 .

175 2078 259 2124 [lirim
269 2077 419 2122 observantie
427 2077 459 2122 eit
468 2077 578 2134 rpeoiutie
586 2077 664 2122 virtus
674 2077 703 2121 ab
712 2076 768 2121 oliti
778 2076 900 2122 distinendo.

168 2206 201 2256 nd
212 2205 309 2270 primum
322 2205 356 2256 oie
367 2205 503 2268 proceditur.
519 2203 612 2254 Videtur
621 2203 682 2268 quon
696 2203 839 2255 obseruantia
847 2217 895 2256 non
908 2205 940 2257 sit

135 2277 241 2341 specialis
258 2276 329 2328 uirtus
340 2276 368 2326 ab
383 2275 433 2326 aliie
445 2275 558 2326 distinete.
573 2275 673 2326 Virtutes
688 2275 751 2326 enim
764 2274 938 2338 distinguuntur

135 2348 257 2400 secundnm
272 2349 369 2412 objecta.
385 2348 429 2398 Sed
443 2347 557 2410 objectum
568 2348 717 2398 observantie
732 2361 777 2398 non
790 2346 938 2410 distinguitur

136 2421 165 2470 ab
178 2421 265 2485 objecto
275 2420 365 2484 pietatis
375 2437 382 2482 ·,
394 2419 448 2470 dicit
457 2419 519 2470 enim
533 2419 620 2469 Tettius
629 2419 653 2469 in
660 2432 702 2471 sue
710 2419 906 2484 dietericoffib.
916 2421 938 2470 ΙΙ

135 2491 173 2540 De
182 2492 284 2552 tonent,
291 2505 354 2541 num.
365 2490 413 2556 36),
422 2489 482 2554 qnod
493 2507 507 2538 u
514 2491 657 2542 obseruantia
666 2496 702 2542 est
709 2505 750 2561 nen
757 2504 825 2555 quam
832 2491 938 2541 homines

135 2561 210 2626 eliqua
225 2562 335 2626 dignitate
354 2562 516 2613 antecedentes
530 2561 626 2626 quodam
644 2559 705 2613 cultu
720 2564 841 2614 ethonore
856 2561 938 2622 digno-

136 2647 195 2682 mm.
206 2651 220 2682 n
228 2634 274 2684 Sed
285 2633 371 2684 uultum
382 2638 405 2686 et
412 2635 523 2685 honorem
532 2633 600 2684 etiam
612 2633 784 2697 pieteseriuihet
792 2631 935 2698 parentibus,

135 2705 175 2769 qui
188 2705 296 2769 dignitate
318 2707 461 2758 antecedunt.
477 2705 536 2771 Ergo
549 2706 690 2757 observantie
705 2709 797 2757 nonest
809 2704 881 2756 uirtus
891 2704 938 2755 dis-

137 2776 208 2826 tinota
225 2775 343 2841 inpietate.

167 2852 190 2896 ἐν
206 2849 331 2908 Praeterea,
347 2849 406 2900 sient
429 2848 560 2902 hominibus
580 2850 604 2898 in
622 2849 735 2914 dignitate
748 2847 879 2900 eonstitutis
898 2849 941 2898 de·

135 2918 201 2969 betur
217 2921 289 2970 honor
306 2922 427 2986 etentes,
447 2921 480 2972 ita
494 2921 563 2973 etiem
576 2921 610 2972 eis
620 2921 660 2983 qni
674 2921 787 2973 excellunt
802 2919 899 2971 soientid
913 2925 937 2971 et

135 2988 229 3044 vitute.
240 2991 285 3044 Sed
298 3005 345 3044 non
353 2997 388 3044 est
401 2993 475 3059 edique
485 2992 590 3058 enesionis
598 2991 684 3060 uirtus,
698 3003 814 3060 perquam
822 2991 936 3044 honorem
