1934 3284
317 211 348 248 lata
362 209 542 252 emutilare.

323 393 484 446 lahcbbbs
500 395 539 446 v1.

161 516 248 562 aean
258 517 394 564 liberaum
401 520 435 564 ait
444 520 553 566 mosim
566 519 694 566 metatum.

62 645 91 694 hd
99 648 190 695 sextum
198 644 232 695 sic
242 645 382 708 proceditur.
392 637 483 697 Videtur
492 646 552 711 qubd
563 647 687 700 liberalitas
696 648 727 700 sit
733 649 832 702 maxima

38 713 144 766 uirtutum.
157 716 237 766 Omnis
245 715 307 767 euim
316 716 496 769 vimushominis
505 722 540 770 est
549 711 651 784 parlim
663 719 831 772 similitudodi·

38 787 86 836 rina
102 785 220 838 honitatis.
229 787 275 837 Sea
284 801 325 851 per
336 787 494 839 liberalitatem
502 792 571 841 homo
583 790 682 842 mannae
694 791 832 843 assimilatur

39 856 87 917 bec,
101 859 142 922 qui
156 876 170 906 ιι
189 860 227 909 dat
242 860 348 909 omnibus
364 860 486 910 affluenter
502 865 525 911 et
543 874 590 912 non
605 862 756 928 improperat,
776 868 832 915 put

39 930 109 979 licitur
121 931 186 987 lac..
202 931 222 979 l.
244 931 303 993 Ergo
314 930 439 982 liberalitas
452 937 489 983 est
501 934 601 984 maxima
612 934 731 986 wiotum.

62 1005 84 1048 a.
105 1002 235 1063 Praeterea,
253 1001 378 1052 secundini
403 1005 554 1066 augmtlnum
573 1005 597 1055 in
618 1006 647 1055 vl
672 1007 710 1055 Da
738 1006 829 1056 Triarii.

40 1074 96 1136 [cap.
108 1073 155 1138 a),
171 1091 186 1121 ιι
198 1073 223 1122 in
237 1073 275 1123 his
290 1087 341 1136 qna
355 1086 402 1124 non
412 1075 472 1126 mole
486 1089 568 1140 magna
581 1080 649 1138 sunt,
660 1076 764 1128 idemest
782 1090 833 1128 esse

40 1145 101 1206 nujus
114 1146 175 1208 quod
191 1144 281 1196 melius.
298 1160 312 1191 n
330 1143 376 1194 Sed
387 1145 445 1196 ratio
460 1147 570 1198 bonitalis
588 1147 688 1198 maxime
704 1148 793 1198 uidetur
804 1148 833 1198 ad

39 1213 187 1266 liberalitatem
198 1215 321 1280 pertinere,
332 1214 385 1278 quia
394 1217 500 1267 «bonum
510 1218 644 1270 diffusiuum
658 1216 723 1281 esth
736 1222 762 1268 ut
769 1222 833 1285 patet

40 1288 219 1352 proillionysinm¹
229 1287 258 1336 lv
267 1299 317 1350 cap.
329 1288 366 1337 De
374 1287 430 1338 diu.
440 1291 528 1353 Nom.;
536 1292 596 1342 unde
604 1295 627 1342 et
636 1292 768 1342 ambrosius
777 1289 832 1341 abit

40 1357 56 1405 in
65 1361 74 1408 l
84 1361 120 1410 De
130 1359 201 1423 offic.
214 1360 284 1422 (cap.
299 1362 344 1427 28,
363 1359 496 1423 utsupra),
511 1362 572 1425 qnod
588 1363 699 1424 «justitia
710 1375 832 1414 censuram

41 1432 105 1494 tenet,
125 1429 250 1481 liberalitas
271 1430 403 1482 boniatern.
425 1447 439 1478 ι)
457 1433 517 1496 lquo
534 1432 656 1486 liberalitas
675 1438 712 1486 est
733 1433 833 1486 maxima

41 1499 148 1552 rhotum.

63 1578 83 1622 a.
98 1574 229 1633 marea,
249 1571 356 1622 homiues
377 1573 517 1623 honorantur
529 1577 552 1624 et
565 1579 669 1626 amantur
679 1579 774 1641 propter
786 1575 833 1626 uh-

41 1644 108 1696 lnlem.
120 1647 164 1697 Sed
171 1645 265 1695 Boetius
276 1645 332 1695 aicit
342 1645 367 1695 in
379 1645 420 1695 lib.
430 1645 466 1694 De
476 1645 596 1697 consulat.
607 1648 654 1710 (lib.
667 1650 697 1710 ll,
710 1648 780 1702 Prota
787 1649 817 1712 V)
829 1671 835 1705 :

42 1716 156 1780 «largitas
173 1715 272 1768 maxime
283 1717 355 1767 claros
372 1715 441 1779 laclt3
456 1733 471 1764 ιι
486 1721 510 1768 et
521 1715 676 1783 Philosopbns
689 1719 745 1771 dicit
762 1720 786 1770 iu
802 1720 833 1770 lv

43 1784 113 1838 albic.
133 1788 199 1853 (cap.
220 1787 265 1852 1),
287 1787 349 1851 quod
366 1803 380 1834 ι
395 1787 456 1838 inter
476 1786 590 1840 virtuosos
610 1789 708 1843 maxime
727 1790 832 1842 liberales

43 1864 142 1910 amantur.
156 1875 171 1906 u
191 1860 251 1922 Erqo
264 1857 388 1908 liberalitas
405 1861 441 1908 est
457 1858 558 1912 maxima
571 1859 691 1910 virtulum.

64 1930 104 1982 Sed
115 1934 194 1982 conha
203 1934 252 1991 est,
261 1929 321 1993 quoa
333 1929 464 1980 hmbmsius
475 1929 531 1980 dicit
539 1929 564 1980 in
571 1930 612 1982 lib.
621 1933 658 1982 De
666 1933 735 1997 offic.
743 1933 752 1997 (
760 1932 800 1982 lib.
811 1932 831 1994 l,

44 2004 60 2048 ιι
72 2004 168 2069 snpra),
187 2001 248 2067 qnbd
266 2019 281 2049 ιι
297 2001 387 2066 justitia
403 2000 551 2053 excellentior
572 2003 661 2054 ridetur
681 2004 831 2067 liberalitate,

44 2075 72 2123 tel
88 2075 215 2126 liberalitas
229 2074 327 2137 gratior3
345 2077 402 2124 »et
421 2074 572 2136 Philosophus
590 2074 645 2125 dicit
663 2074 687 2124 in
705 2076 716 2124 l
734 2075 833 2126 Meter.

46 2141 97 2210 (cap.
113 2149 152 2210 a),
165 2145 225 2211 qubd
242 2163 256 2194 ιι
273 2145 344 2196 furtes
358 2149 382 2196 et
393 2145 452 2208 justi
469 2143 568 2196 maxime
586 2146 727 2197 honorantur
740 2151 764 2197 et
781 2149 858 2210 postu

46 2225 74 2266 tes
84 2219 199 2270 liberales.
211 2233 225 2265 u
366 2267 368 2271 .

70 2291 225 2353 [Cotlcbllalo.
242 2316 273 2328 -
288 2290 421 2352 Quanquam
441 2302 470 2338 ex
482 2287 632 2352 consequenti
647 2287 771 2340 liberalitas
789 2287 832 2338 ali·

48 2371 100 2418 quam
116 2361 276 2413 excellentiam
292 2361 392 2422 haheat,
406 2372 452 2409 non
467 2362 545 2410 amen
561 2358 634 2424 primh
650 2363 674 2410 et
691 2372 731 2422 per
753 2372 778 2409 se
799 2361 837 2410 est

52 2431 273 2493 haimaricum,
288 2432 328 2481 sed
344 2429 389 2494 ipsi
401 2431 554 2494 praeeminent
568 2443 646 2481 omues
658 2443 709 2494 qua
719 2429 780 2482 circa
793 2444 836 2482 no·

48 2495 100 2554 llius
113 2504 228 2568 objectum
242 2502 388 2566 uersentur.)

72 2573 198 2641 Responheo
216 2575 353 2638 dicendum,
369 2571 429 2637 qubd
448 2574 557 2638 qualibet
570 2574 642 2626 uirtus
659 2574 733 2624 tendit
752 2574 777 2624 in
792 2574 836 2624 ali-

50 2648 94 2702 quoq
105 2649 189 2699 bonum
204 2648 281 2698 :unde
291 2645 376 2710 quantb
390 2645 465 2710 aliqua
480 2645 552 2698 nirlns
564 2645 588 2694 in
598 2645 673 2710 majus
682 2646 767 2696 honum
780 2650 836 2696 ten-

51 2710 87 2777 lit,
98 2719 158 2771 tant'c
168 2719 248 2770 melior
261 2722 304 2768 est.
315 2716 448 2768 liberalitas
456 2716 517 2766 enim
525 2716 598 2766 tendit
609 2715 632 2767 in
643 2716 736 2781 aliquod
749 2717 835 2768 bonum

51 2781 149 2849 dupliciter
161 2808 167 2843 :
177 2804 224 2841 uno
233 2790 314 2852 modo,
324 2788 398 2853 pmmci
413 2791 437 2838 et
449 2801 491 2852 per
507 2801 547 2851 se;
563 2787 607 2838 alio
620 2789 703 2850 modo,
716 2801 745 2838 ex
756 2801 841 2839 conse-

52 2861 206 2914 paruerint
216 2862 308 2926 quidem
318 2863 341 2911 el
351 2873 426 2925 perse
436 2859 511 2910 tendit
525 2859 552 2908 ad
562 2859 711 2911 ordinandum
720 2858 836 2925 propriam

53 2925 176 2986 aletomm
189 2933 250 2984 circa
260 2931 428 2998 possessiouem
442 2930 591 2994 pecuniarum
612 2935 635 2982 et
646 2944 714 2983 nsum
734 2945 740 2980 :
756 2933 780 2981 et
793 2929 837 2992 sic,

695 3030 742 3080 11·
